3036 4972
387 179 480 240 ms.
502 145 624 238 nrm.
650 177 753 238 can
781 178 841 270 ω.
1088 187 1143 242 ut

112 357 251 412 sarmere
264 354 439 429 conspecta
460 342 587 421 moenia,
607 340 853 431 haudquaquam
873 349 1001 428 promta
1021 341 1290 477 ὠρας-ἓξὲξ

147 432 199 496 nii.
416 437 419 444 ’
1217 457 1224 474 ·
1283 459 1294 476 ·

111 453 187 582 1¹⁸II.
209 516 287 581 Inde
298 516 440 601 Capuam
456 515 554 580 flectit
568 515 637 593 iter,
650 513 885 580 ⁴luxuriantem
897 513 1179 604 longefelicitetcn
1188 538 1305 597 capiam.

109 615 190 688 atque
203 602 397 689 indulgentia
418 601 566 682 fortunae,
580 601 721 666 maxime
736 615 862 679 tamen,
886 602 969 666 inter
990 619 1148 688 conrupta

109 690 210 766 omnia,
224 689 350 754 licentia
363 688 463 774 plebis
478 689 544 752 sine
557 688 652 752 modo
667 687 844 752 libertatem
858 689 1043 754 exercentis.
1090 689 1147 756 Se·

108 787 202 838 natum
216 790 247 840 et
261 775 364 858 sibilet
377 773 462 860 plebi
476 774 648 839 obnoxium
667 772 823 838 Pacuvius
839 773 987 838 Calavius
1011 773 1125 840 lecerat
1135 799 1144 853 ς
1155 795 1255 842 Pacuvii
1263 794 1308 841 ca·

108 861 207 926 nobilis
220 863 352 926 idemne
366 860 526 946 popularis
537 858 643 938 bomo,
660 869 797 925 ceterum
811 859 902 923 malis
916 861 1035 924 artibus
1050 861 1213 926 nauno-lavii
1223 861 1297 909 Μ*

108 957 149 1012 tus
162 970 243 1032 opes.
264 947 400 1033 isquam
416 969 453 1010 oo
467 945 547 1012 forte
558 967 652 1023 anno,
669 967 734 1031 quo
749 968 798 1010 res
811 946 894 1010 male
906 958 995 1033 gesta
1008 947 1048 1012 ad
1065 946 1150 1013 Tru·-¹

105 1034 244 1098 simorum
259 1045 319 1110 est,
335 1034 366 1096 in
382 1054 504 1102 summo
528 1033 711 1116 magistratu
733 1043 824 1107 esset,
840 1033 907 1117 jam
921 1031 976 1096 diu
1001 1031 1147 1098 infestam

105 1121 210 1184 senatui
224 1119 360 1204 plebem,
376 1131 473 1200 ratus,
487 1139 545 1203 per
559 1117 755 1182 occasionem
770 1117 908 1182 novandi
923 1140 980 1195 res,
993 1139 1146 1205 magnum

105 1226 235 1270 ausuram
249 1205 385 1281 facinus,
401 1221 447 1285 ut,
459 1205 487 1269 si
502 1206 535 1268 in
551 1227 588 1268 ea
598 1204 668 1268 loca
683 1203 850 1269 Hannibal
865 1227 938 1269 oum
955 1206 1074 1282 uictore
1087 1225 1145 1269 ex·

106 1292 189 1356 ercitu
214 1293 361 1371 venisset,
388 1293 542 1356 trucidato
567 1302 675 1355 senatu
701 1290 839 1356 traderet
855 1289 999 1375 Capuam
1017 1290 1146 1368 Poeni13

106 1375 240 1461 inprobus
254 1377 364 1454 bomo,
381 1377 514 1442 sednon
530 1377 569 1440 ad
585 1388 759 1442 extremum
774 1375 928 1462 perditus,
945 1397 1044 1462 quum
1065 1376 1145 1442 mal·

107 1460 142 1527 let
158 1463 317 1540 incolumi,
334 1485 426 1549 quam
442 1485 559 1543 eversa,
573 1461 735 1547 republica
756 1462 933 1539 dominari3
955 1462 1074 1528 nullam
1091 1485 1148 1527 au·

106 1560 158 1612 tem
166 1551 358 1616 incolumem
374 1571 440 1614 esse
453 1547 598 1614 orbatam
608 1549 737 1634 publico
746 1549 876 1614 consilio
887 1548 1038 1626 crederet,
1051 1550 1147 1614 ratio-

106 1654 166 1700 nem
179 1637 254 1715 iniit,
271 1658 340 1722 qua
354 1649 385 1700 et
399 1648 541 1701 senatum
556 1648 702 1710 servaret,
714 1648 745 1699 et
759 1635 930 1702 obnoxium
944 1634 1002 1698 sibi
1013 1657 1050 1700 ac
1061 1635 1147 1720 plebi

107 1719 214 1788 laceret.
248 1723 399 1787 ⁵Vocato
412 1734 532 1799 senatu,
548 1743 657 1807 quum,
674 1721 733 1785 sibi
755 1720 938 1787 defectionis
961 1721 1003 1786 ab
1029 1723 1148 1788 Roma-

107 1805 150 1869 nis
162 1809 321 1874 consilium
343 1809 531 1895 placiturum
548 1807 636 1871 nullo
650 1807 756 1885 modo,
775 1808 833 1872 nisi
847 1808 1054 1872 necessarium
1069 1807 1146 1873 suis·
1286 1837 1289 1844 ·

105 1903 153 1969 tet,
166 1895 312 1977 praefatus
337 1908 437 1970 esset;
459 1896 572 1978 quippe
593 1896 647 1978 qui
666 1895 833 1958 liberasse
847 1894 910 1976 Ap.
928 1895 1055 1960 Claudii
1062 1897 1145 1978 filia
1154 1911 1271 1960 Senam

104 1977 219 2059 laima,
230 1985 401 2066 filiamque
423 1982 552 2044 Romam
577 1990 701 2062 nuptum
725 1981 816 2045 Liuio
837 1982 994 2053 dedam.
1017 1977 1280 2046 caturamchuditin

104 2066 228 2148 mtp'arem
242 2071 416 2132 multarem
430 2068 585 2150 magisque
609 2068 772 2130 timendam
797 2069 923 2131 instare.
967 2066 1042 2130 Noa
1064 2041 1227 2150 onimium

99 2171 150 2231 per
161 2155 354 2238 defectionem
365 2155 409 2215 ad
421 2154 584 2216 tollendum
599 2173 637 2214 ea
650 2154 773 2216 civitate
785 2162 920 2218 senatum
929 2152 1047 2236 plebem
1061 2173 1146 2234 spec·

102 2246 169 2314 tare,
180 2243 233 2304 sed
237 2263 304 2323 per
314 2241 422 2302 cedem
432 2243 554 2304 s'ettatus
561 2259 685 2302 aemam
696 2238 908 2321 rempublicam
919 2239 1043 2302 tradere
1053 2237 1148 2302 Haa-

102 2323 188 2388 aibali
200 2349 236 2390 ac
250 2327 364 2391 Poenis
378 2326 462 2389 velle.
507 2325 557 2387 Eo
570 2346 602 2388 se
609 2324 749 2406 periculo
756 2346 848 2407 posse
860 2324 994 2388 liberare
1003 2344 1063 2400 eos,
1074 2325 1104 2388 si
1116 2347 1149 2388 sc

98 2413 267 2490 permittant
289 2411 362 2488 sibi,
377 2420 417 2486 et,
437 2411 632 2474 certaminum
658 2411 693 2472 ia
715 2410 871 2492 republica
896 2409 1147 2486 oblitteramus.

104 2494 199 2570 Quum
223 2519 339 2564 omnes
364 2496 438 2561 victi
463 2509 549 2560 metu
575 2495 806 2580 permitterent;
833 2497 983 2560 Claudum
1006 2497 1039 2560 ia
1060 2499 1147 2562 curia

102 2602 152 2660 aas,
163 2585 275 2670 inquit,
288 2593 331 2660 et,
343 2592 495 2667 tamquam
506 2591 537 2646 et
546 2583 612 2664 ipse
621 2583 751 2666 cogitati
747 2583 908 2668 facinoris
917 2584 1084 2666 particeps,
1090 2585 1149 2648 ad·

98 2669 244 2748 molendo
257 2671 401 2746 coasilia,
417 2669 523 2752 quibus
537 2669 738 2752 nequidquam
752 2671 944 2747 aduersarer,
958 2670 1038 2734 uiam
1052 2671 1150 2734 saluti

28 2781 30 2786 ·
102 2765 194 2819 uestra
214 2757 382 2821 inveniam.
425 2756 462 2818 la
483 2755 662 2836 hoofidem,
679 2775 768 2838 quam
793 2756 885 2838 vultis
910 2756 981 2837 ipsi,
1004 2757 1147 2837 accipite.

104 2837 170 2904 Fide
192 2841 269 2906 data
290 2862 443 2926 egressus,
459 2838 563 2904 claudi
587 2839 716 2914 curiam,
726 2839 826 2926 jubet,
846 2840 1092 2940 praesidiumque
1113 2840 1147 2906 in

102 2927 242 2991 vestibulo
269 2925 414 3011 reliquit3
437 2925 568 3010 nequis
592 2925 680 2990 adire
704 2926 825 2992 curiam
846 2927 966 3012 injussu
985 2947 1053 3005 suo,
1069 2947 1149 2996 nevo

103 3009 165 3076 inde
178 3014 287 3100 egredi
302 3013 412 3097 possit.

137 3098 192 3163 Ill.
207 3099 307 3164 Tunc
322 3110 432 3162 vocato
446 3095 486 3162 ad
502 3096 685 3162 concionem
707 3095 836 3182 populo,
852 3097 865 3135 ⁶
878 3097 970 3166 Quod
990 3120 1079 3182 saepe,
1096 3099 1145 3164 in·
1156 3115 1303 3176 Populum-

102 3185 167 3267 quit,
181 3187 323 3268 optastis,
340 3185 502 3266 Campani,
518 3192 551 3246 ut
563 3185 710 3266 supplicii
722 3187 859 3248 sammua·
872 3185 954 3250 uobis
968 3207 1006 3250 eu
1020 3180 1219 3268 inpransum*
1230 3192 1299 3226 “¹²⁸¹

102 3289 132 3330 aa
140 3272 317 3336 detestabili
328 3280 437 3336 senatu
444 3277 582 3350 potestas
596 3279 686 3344 essen
710 3291 775 3334 eam
789 3291 878 3346 nunc,
894 3291 954 3334 noa
963 3292 1025 3352 per
1038 3273 1146 3336 tumul·
1155 3249 1309 3356 iffi&

101 3361 152 3418 mm
165 3363 376 3442 eapugnaales
397 3359 497 3418 domos
518 3356 715 3439 singulorum,
730 3377 806 3439 quas
822 3357 980 3437 presidiis
993 3358 1148 3420 clientium
1246 3361 1247 3364 ’

100 3460 296 3527 seruorumque
309 3451 439 3517 martur,
455 3462 518 3504 aem
528 3462 639 3504 mmo
653 3452 750 3506 aestro
762 3441 907 3521 periado,
919 3443 973 3506 sed
980 3451 1076 3506 tutum
1090 3443 1148 3506 lta·

102 3523 209 3594 betisac
222 3530 363 3593 liberam.
397 3528 524 3591 Clausus
535 3547 634 3592 omnes
644 3527 678 3590 iu
688 3528 805 3592 auium
816 3528 956 3610 accipite,
967 3529 1053 3604 solos,
1064 3528 1147 3594 mer·

127 3747 352 3815 l'Luaurs'aatem]
375 3751 459 3798 Verbo
484 3749 605 3798 lanariam·
668 3749 1147 3810 GQuodtoepcoptaals..ut..cools..

102 3817 261 3874 exprimuntur
272 3817 356 3862 omnia
365 3816 490 3876 vitiaque
505 3828 535 3862 ex
554 3816 604 3862 otio
632 3819 732 3876 pausam
746 3819 811 3869 meet,
829 3828 880 3860 eam
897 3815 971 3878 aum]
990 3813 1052 3860 Eam
1067 3819 1148 3874 potes-

101 3877 212 3939 m‘miaque
239 3881 310 3941 copia
338 3885 479 3932 mutatur.
501 3880 604 3938 aeliae,
636 3886 719 3926 utem.
754 3877 811 3932 llic,
829 3885 857 3923 ut
875 3891 939 3938 sape
958 3879 1027 3936 elias,
1045 3881 1149 3926 attendit

101 3943 208 4002 apertis,
220 3949 376 4004 contemptus
391 3945 483 4002 legum,
493 3942 538 3990 &a
635 3943 714 4003 magis
724 3944 755 3988 ad
770 3955 878 3996 sensum,
890 3955 963 4002 quam
980 3945 1011 3990 ud
1022 3944 1095 3990 verba
1105 3943 1149 3989 Li·

127 4003 242 4054 summo
261 4013 353 4061 senatu,
370 4019 441 4066 quam
453 4037 460 4051 .
472 4005 603 4070 ,μήπω
635 4009 698 4054 vius.
730 4007 813 4059 Quum
825 4007 891 4052 enim
906 4007 932 4052 in
944 4007 1022 4067 priore
1033 4008 1148 4055 orationis

101 4069 159 4132 mel]
182 4071 352 4120 massiliensia
372 4077 409 4116 est
430 4077 482 4118 tota
503 4071 603 4118 Pacuvii
634 4073 744 4118 membro
762 4071 896 4128 reperiatur
914 4071 981 4132 qaod,
999 4084 1148 4130 consequeus

101 4135 249 4194 ontiunoula,
270 4149 327 4197 quae
349 4137 465 4194 sequitur,
487 4142 514 4182 ut
535 4135 602 4181 inve·
634 4135 765 4189 videretur,
781 4139 810 4179 ut
824 4134 893 4180 alteri
910 4137 1021 4182 membro
1037 4136 1147 4196 praefige-

102 4196 280 4247 alaturverbum
292 4199 355 4254 finiti
365 4201 441 4257 modi,
453 4211 551 4260 nempe,
566 4200 604 4244 la·
635 4205 703 4245 ratur
720 4198 753 4254 id,
766 4198 884 4244 non'eam.
917 4198 975 4260 Non
986 4199 1095 4246 absimile
1106 4211 1148 4245 ex·

100 4261 152 4318 luit,
160 4263 184 4309 in
200 4277 249 4324 quo
265 4265 374 4324 quiescat
390 4264 474 4316 oratio,
486 4277 542 4323 qua
561 4263 603 4310 bie
634 4264 744 4322 emplum
752 4263 799 4310 vid
812 4275 885 4324 supra
895 4263 911 4308 l.
922 4261 971 4312 1v.
981 4276 1003 4310 c.
1015 4263 1039 4310 4.

103 4319 183 4386 indpit.
214 4325 509 4388 via.supra1.xxu.c.
523 4326 561 4374 18.
