3060 4960
346 241 354 268 .
388 184 483 246 ΜΒ,
506 177 626 244 xxtx.
656 175 918 243 cunuxvu.
1072 239 1079 248 ,
1132 187 1191 251 aar

130 347 164 414 id
187 347 316 428 mirum,
339 347 520 436 maalmam
543 347 631 413 enim
654 343 1057 434 tantammodo-pleraque
1077 345 1335 412 theomnesto.

128 436 245 518 ierant)
260 435 316 504 sud
329 456 372 499 ue
384 431 492 520 priore
506 431 646 522 quidem,
663 433 728 500 ulla
749 433 904 518 profectio
926 435 1006 500 tanti
1019 435 1190 520 spectaculi
1199 429 1229 476 Α·
1239 429 1268 475 ⁰·
1278 425 1335 474 ²⁰4¹
1355 507 1360 514 ,

129 521 200 588 luit.
237 518 415 608 'numquam
439 522 465 588 si
486 520 708 609 magnitudine
721 519 1108 598 dasnsaesbmsretunet
1121 521 1190 586 bini

128 545 273 676 consules
287 628 360 672 oum
376 608 458 673 binis
477 607 666 674 exercitibus
684 619 759 672 ante
780 608 986 693 trajeceraut3
1008 618 1041 674 et
1054 607 1190 695 ”prope

128 695 261 760 totidem
286 707 432 760 rostratae
460 695 494 760 in
519 691 580 758 illis
600 693 751 758 classibus
773 693 909 771 lucrant,
932 705 1011 780 quot
1035 697 1189 760 onerariis

8 829 13 869 ‚
130 781 240 867 Scipio
264 795 333 846 turn
359 781 543 868 trajiciebat.
573 801 658 859 narn,
684 792 802 864 prater
826 779 1059 866 quadraginta‘
1077 783 1190 870 longas

31 943 34 948 Δ
128 888 234 944 navos,
250 867 493 956 quadringentis
512 866 614 931 serrae
634 866 788 932 onerariis
806 869 981 932 exercitum
1002 869 1189 934 transvexit.

128 953 226 1024 ²⁹Sed
247 968 280 1020 et
300 953 419 1022 bellum
435 953 528 1030 bello,
545 958 716 1018 secandum
731 953 850 1039 priore,
866 965 901 1019 nt
914 953 1054 1018 atrocius
1070 955 1189 1020 Roma*

128 1041 179 1105 nis
192 1040 362 1118 videretur,
378 1061 476 1127 quurn
494 1039 581 1126 quod
596 1042 629 1104 in
644 1039 737 1105 ltalia
758 1039 944 1118 bellabatur,
960 1054 1028 1105 turn
1044 1043 1191 1128 ingentes

129 1143 250 1215 strages
265 1140 312 1192 tot
326 1127 536 1203 exercituum,
552 1126 645 1190 simul
658 1129 749 1192 caesis
761 1126 909 1204 ducibus}
922 1126 1109 1192 effecerants
1123 1124 1192 1192 ⁸⁶et

130 1215 239 1301 Scipio
261 1213 340 1291 dux,
360 1214 476 1300 partior
502 1209 592 1278 factis
615 1211 761 1292 fortibus,
783 1214 900 1298 partim
925 1226 1037 1299 suapte
1059 1213 1191 1279 fortuna

129 1299 421 1388 quadamiugeutis
434 1299 474 1365 sd
490 1299 810 1386 incrementa-gloriae
824 1299 1010 1380 celebratus
1026 1305 1190 1376 convertess

128 1400 179 1453 rat
201 1388 341 1452 animost
364 1386 458 1451 simul
471 1385 643 1451 et³¹mens
657 1388 725 1471 ipsa
742 1387 930 1472 trajiciendi,
947 1387 1027 1451 nulli
1051 1397 1126 1452 ante
1151 1404 1191 1453 eo

130 1473 217 1540 bello
236 1474 311 1540 duci
337 1485 465 1550 tentata,
489 1473 576 1558 quod
597 1473 637 1538 ad
655 1472 872 1538 Hannibalern
898 1473 1128 1538 detrabendum
1148 1487 1192 1539 ert

131 1560 235 1638 Italia,
252 1559 566 1646 transferendumque
586 1573 618 1624 et
638 1558 814 1624 finiendum
834 1559 870 1622 in
885 1558 993 1624 Africa
1013 1559 1142 1636 bellum,
1158 1583 1192 1624 sa

128 1647 264 1713 transire
273 1646 465 1733 vulgaverat.
500 1647 714 1712 concurrerat
727 1646 766 1710 ad
781 1645 997 1732 spectaculum
1012 1646 1046 1710 in
1061 1659 1190 1731 portum

129 1733 235 1800 omnis
255 1733 358 1810 turba,
374 1751 440 1797 non
465 1731 675 1798 habitantium
701 1732 799 1796 modo
814 1733 961 1820 Lilybaei,
983 1733 1037 1797 sed
1059 1734 1193 1820 legatio*

129 1839 210 1886 num
231 1819 373 1886 omnium
395 1841 436 1883 err
452 1819 577 1885 Sicilia:
600 1841 673 1907 quae
687 1831 719 1884 et
732 1819 774 1884 ad
794 1819 1052 1907 prosequendum
1068 1821 1192 1906 Scipio·

130 1927 203 1972 narn
224 1905 321 1970 officii
342 1927 452 1970 caussa
472 1919 695 1982 convenerant,
712 1917 743 1971 et
756 1919 927 1990 praetorem
947 1907 1122 1992 provinciae
1139 1906 1191 1973 M.

132 1993 345 2078 Pomponium
369 2006 485 2058 secutae
499 1991 633 2058 fuerant.
647 1992 690 2056 ad
705 1991 767 2056 hoc
781 1991 929 2080 legiones,
946 1995 1065 2077 quaeiu
1083 1993 1192 2059 Sicilia

129 2079 401 2166 relinquebantur,
414 2079 454 2146 ad
466 2078 706 2164 prosequendos
715 2079 946 2144 commilitones
956 2079 1193 2164 processerant?

127 2185 188 2231 uec
214 2164 319 2248 classis
339 2163 438 2230 modo
455 2165 729 2250 prospectantibus
751 2179 885 2244 eterra,
910 2166 965 2230 sed
990 2177 1075 2231 terra
1095 2167 1191 2232 etiarn

128 2249 234 2316 omnis
249 2253 333 2316 circa
347 2251 463 2316 referta
477 2253 571 2317 turba
585 2252 766 2338 spectaculo
778 2253 999 2341 navigantibus
1013 2267 1089 2318 erat.

173 2337 325 2402 XXVII.
350 2337 421 2404 Ubi
432 2338 560 2416 inluxit,
578 2339 716 2424 Scipicc
728 2341 879 2424 praetoria
893 2361 985 2418 nave,
997 2339 1123 2405 silentio
1131 2361 1191 2426 per
1200 2355 1319 2418 seponto

127 2445 310 2510 praeconem
330 2423 424 2504 lacto,
449 2427 530 2490 Divi
554 2426 714 2510 Diamque,
730 2426 845 2512 inquit,
861 2425 1020 2491 ”mortar
1034 2421 1314 2513 terrasquermrl‘·

125 2513 183 2598 qai
195 2513 307 2588 colitis,
316 2533 368 2576 nos
375 2533 488 2595 precor
502 2533 670 2596 quartoque,
681 2515 740 2591 ati,
752 2533 821 2597 quoe
835 2515 869 2577 itt
883 2535 948 2578 meo
962 2515 1092 2599 claperia
1103 2525 1191 2601 gesta

257 2674 449 2743 fqninquaginta
458 2683 532 2730 Gran.
545 2682 614 2730 Creu.
820 2687 1060 2748 tqrslararlallron.

159 2866 193 2915 28
210 2865 289 2927 Propo
298 2866 393 2922 totidem
409 2867 529 2930 rmlrata]
546 2867 583 2914 Μ.
596 2867 642 2914 lle·
675 2867 712 2914 nsi
725 2867 830 2928 merul.
863 2869 888 2915 Si
902 2868 1038 2917 euitamen
1054 2867 1080 2914 id
1100 2865 1190 2914 durum

124 2933 201 2992 gulas
215 2938 241 2980 et
254 2931 283 2981 1..
299 2931 408 2978 Manlius
425 2935 536 2982 consules
553 2939 644 2980 trecen·
676 2932 795 2988 videatur,
809 2935 866 2982 licet
883 2935 931 2982 alio
946 2945 1043 2994 quoque
1060 2933 1134 2980 modo
1149 2945 1191 2978 ex·

124 2997 159 3042 tis
176 2997 276 3060 triginta
292 2998 401 3044 rostratis
416 2999 519 3047 navibus
535 3011 548 3044 e
564 2997 644 3043 Sicilia
676 2999 840 3056 ponerehunc
851 3000 947 3046 locum:
964 3002 988 3044 et
998 2997 1080 3058 Scipio
1094 2995 1145 3044 dac
1157 3011 1193 3044 ce·

123 3061 260 3120 solverunt,
274 3066 335 3108 teste
347 3059 431 3122 Polyb.
442 3064 458 3108 l.
471 3063 492 3108 1.
505 3063 568 3108 Aliae
584 3075 643 3121 quc·
675 3061 775 3109 buclae
787 3063 959 3125 portimsaets's
968 3061 1082 3126 sonibus,
1098 3062 1192 3122 partim

123 3139 175 3186 que
190 3129 279 3176 classes
290 3126 409 3174 Rauranoe
420 3127 462 3172 illc
474 3127 536 3174 bello
549 3137 643 3186 mrem,
674 3132 757 3188 suapte
767 3127 869 3190 sarasar
880 3127 979 3190 queam
992 3127 1078 3189 glorta
1089 3127 1193 3187 ingentis

122 3193 259 3240 autetiam
278 3187 397 3252 majorem
414 3205 544 3239 numerum
560 3192 643 3251 longa·
675 3191 706 3238 ad
717 3195 871 3239 tncraaana:
887 3194 923 3239 ita
937 3199 965 3238 nt
980 3190 1202 3252 intelligutursor··

121 3267 181 3302 rnm
194 3256 447 3304 naviumbabuernnt.
674 3257 874 3318 conglaciato
890 3261 927 3303 est
941 3255 1056 3303 felicitate
1075 3256 1193 3315 quadarn,
1239 3255 1243 3263 ’

158 3320 192 3369 29
208 3320 293 3368 Sedet
307 3318 390 3366 huam
406 3319 472 3383 bello]
496 3321 544 3368 Sed
563 3325 588 3367 et
605 3333 643 3366 ae·
674 3336 722 3383 qua
732 3324 763 3368 ad
773 3321 875 3381 gloriam
893 3321 1018 3380 ingentem
1039 3319 1192 3378 lortunreip-
1237 3375 1240 3380 .

122 3386 235 3432 cundum
250 3387 342 3433 bellurn
361 3385 440 3444 priore
457 3385 520 3431 bello
538 3385 643 3431 abemus
674 3387 724 3436 siue
740 3399 816 3435 manu
835 3386 922 3434 deduci
938 3385 1069 3432 videretur.
1102 3382 1193 3430 Sensus

120 3450 244 3499 rtemann
260 3448 462 3504 videbatur,tum
478 3450 536 3509 quia
551 3449 577 3495 in
593 3449 643 3494 lta·
674 3465 722 3498 non
748 3452 845 3497 malus:
871 3449 948 3496 cmtio
969 3462 1056 3510 pamm
1079 3447 1193 3508 expedita

121 3516 158 3562 lla
169 3513 313 3568 bellabatur,
326 3517 380 3559 turn
396 3515 454 3574 quia
471 3519 508 3560 tot
521 3514 642 3560 exercitus
674 3515 735 3562 fluit.
768 3515 835 3562 Prior
851 3513 1017 3576 interpretatio
1036 3512 1115 3574 magis
1132 3511 1192 3558 arri-

122 3577 185 3627 coesi
202 3591 260 3626 curn
280 3576 382 3626 ducibus
403 3578 462 3638 ipsis
480 3579 510 3626 ab
525 3577 642 3626 Annibale
675 3583 725 3630 det.

123 3643 232 3690 merant.
705 3645 734 3692 31
752 3643 825 3692 Meas
836 3674 862 3691 ..
875 3678 883 3693 .
895 3641 958 3691 aulli
967 3647 1021 3691 outa
1036 3656 1062 3690 eo
1072 3641 1128 3691 tello
1138 3643 1193 3692 duci

157 3705 192 3754 30
208 3705 243 3754 lot
263 3706 342 3767 Scipio
362 3703 423 3770 dat]
444 3705 479 3754 El
500 3703 643 3756 ooabmtral
675 3715 773 3768 tentata,
793 3708 853 3770 qaod
866 3707 897 3756 od
910 3708 1051 3756 Arrusbalem
1069 3707 1193 3761 deiraham

122 3773 219 3819 animos
229 3771 310 3833 Sapie
320 3771 379 3831 dar,
388 3771 480 3832 partlm
488 3772 642 3836 fficlbsmtl·
675 3773 808 3822 dans...se
819 3775 921 3820 transire
940 3774 1092 3839 wiennam]
1108 3776 1192 3822 Victo-

122 3836 177 3892 bas,
196 3839 290 3898 partlm
311 3841 395 3900 suapte
415 3837 517 3900 fartam
544 3835 643 3898 quodam
674 3839 743 3886 rinus
762 3839 838 3888 codex
862 3840 943 3886 firmat
965 3839 1028 3886 hanc
1052 3839 1192 3896 lectionem,

119 3900 260 3962 αἱιὸναὶω,
280 3907 398 3964 tanquam
418 3903 455 3948 vir
473 3903 575 3964 ingentis
590 3900 642 3962 glo-
675 3904 706 3949 ab
716 3918 792 3966 eaque
803 3903 828 3948 in
840 3903 924 3963 paucis
942 3903 1093 3966 minutisque
1104 3906 1194 3954 discre-

119 3967 169 4013 rlae
189 3965 220 4012 cd
236 3969 393 4026 incrapulata,-
410 3968 643 4028 tanquamimpera·
675 3973 724 4026 put.
758 3967 821 4014 Eam
840 3969 930 4016 frustra
947 3969 1044 4016 videtur
1063 3969 1193 4020 mllicitare

32 4069 41 4076 .
117 4039 172 4086 tor,
183 4027 253 4094 cnjus
272 4032 359 4093 ingena
374 4031 451 4094 gloria
468 4033 537 4078 novis
548 4043 644 4090 semper
676 4033 820 4079 Gronovius.
859 4054 879 4072 ·.

116 4097 280 4144 incrementis
300 4103 445 4157 augesceret.
479 4097 643 4152 Quemadmo·
707 4095 740 4146 32
750 4096 838 4142 Maria
846 4099 1010 4158 terrasqueqat
1016 4095 1105 4164 solitu]
1118 4099 1193 4148 Hunc

116 4163 185 4210 dum
207 4159 248 4207 hic
269 4159 393 4208 celebratas
420 4161 523 4221 ingentis
546 4159 641 4221 gloria,
674 4160 784 4211 ordinem
803 4167 901 4207 servant
919 4162 1003 4222 scripti
1023 4163 1145 4220 meliores,
1167 4171 1193 4212 et

115 4227 157 4272 sic
166 4230 192 4270 et
203 4237 276 4285 supra
286 4225 303 4271 l.
316 4222 416 4271 XXVI.
428 4225 501 4276 c..l9.
511 4223 560 4271 sica
570 4228 592 4270 et
603 4226 641 4286 ip·
674 4225 708 4272 sic
719 4225 835 4270 edebatur
846 4231 903 4272 ante
912 4225 1067 4273 Rhenanam.
1102 4228 1192 4275 Maluit

114 4303 143 4337 ae
159 4292 227 4350 capta·
247 4289 346 4350 qaudam
364 4290 528 4349 superstitione
545 4289 639 4344 caimi‚·
673 4290 713 4336 ille
730 4290 863 4350 palmaria
881 4293 999 4352 terrasque
1009 4291 1103 4340 colitis:
1121 4294 1191 4354 eique

113 4362 143 4402 ct
160 4353 228 4414 apud
240 4354 326 4400 Horat.
351 4353 432 4402 Notus
447 4354 472 4400 s'a
482 4352 576 4414 sualvus
587 4355 640 4400 aar·-
673 4354 780 4401 obsecuti
792 4361 850 4401 snut
862 4355 973 4402 editores.
