3036 4972
346 138 404 206 ue
742 105 857 202 rrrr'
884 137 1021 203 urvrr

181 319 212 368 u.
223 315 318 369 osan
344 299 588 392 Karthaginem,
604 305 690 372 unde
706 305 808 408 Mage
827 305 924 374 frater
939 285 1318 376 Hannibalis'duodecim
1338 309 1413 376 mil-¹

180 386 211 432 Δ·
221 385 316 434 Μῑό·
341 389 560 480 liapeditum,
576 403 608 454 et
623 391 710 458 mille
724 407 915 479 quingentos
931 393 1063 482 equitent
1080 394 1193 483 viginti
1213 393 1410 482 elephantos,

340 475 462 541 ⁵⁷mille
483 478 607 566 argenti
632 478 752 544 talenta
774 482 809 545 in
832 481 960 554 ltaliam
977 482 1218 546 transmissurus
1239 497 1318 560 erat,
1334 505 1410 548 cum

340 564 491 647 praesidio
513 566 680 652 sexaginta
701 566 829 630 navium
852 567 1030 654 longarum,
1053 568 1188 632 nuncius
1202 567 1353 648 adfertur,
1375 571 1410 634 in

343 649 499 735 Hispania
513 673 589 714 rem-
605 651 687 716 male
700 667 831 738 gestam,
848 675 1020 740 omnesque
1035 653 1135 718 ferme
1150 655 1216 718 e'us
1230 657 1409 739 provinciae

178 755 303 832 vocantur
340 735 476 821 populos
494 737 534 801 ad
552 731 714 816 Romanos
729 738 889 807 defecisse.
934 739 1047 818 Erant,
1063 741 1118 827 qui
1134 677 1309 828 lingonem
1332 765 1410 810 cum

178 821 284 930 {3¹3}ss
340 820 439 887 classe
451 845 491 887 ea
511 824 684 914 copiisque,
692 825 815 890 ‘omissa
830 826 932 904 ltalia,
949 827 982 890 in
1001 825 1192 913 Hispaniam
1209 842 1407 905 averterent3

176 898 439 1010 abflssffiouum
463 910 621 975 Sardiniae
643 911 834 996 recipiendae
858 913 1023 1000 repentina
1045 935 1115 998 spes
1137 913 1274 979 adfulsit.
1321 917 1409 980 Par-

176 1027 240 1060 cora
339 1009 407 1060 oum
433 997 479 1061 ibi
502 999 666 1062 enercitum
692 1000 864 1064 Romnum
889 1021 972 1064 csse:
995 1010 1122 1064 ueterem
1141 1011 1308 1084 pretorem
1333 1004 1409 1066 inde

338 1082 379 1148 A.
393 1084 572 1148 Cornelium
589 1087 762 1168 provinciae
778 1089 914 1170 peritum
937 1088 1088 1166 decedere,
1103 1109 1210 1152 meum
1226 1091 1409 1170 respectari.

339 1169 394 1234 Aa
406 1171 655 1254 hoc,fassosjam
665 1173 784 1236 animos
792 1173 961 1238 Sardorum
973 1175 1252 1238 essediutumitote
1263 1176 1391 1257 imperii
1396 1201 1408 1238 .·

337 1265 368 1320 at
376 1258 521 1339 praem
537 1258 577 1320 iis
590 1279 674 1334 ariao
684 1257 790 1322 acerbe
801 1269 893 1343 atquc
903 1281 998 1324 avare
1012 1261 1203 1342 imperatam.
1228 1259 1333 1324 Grani
1345 1263 1408 1324 cri-

336 1344 408 1406 duto
422 1351 452 1406 et
465 1345 640 1408 conlatione
654 1346 764 1428 iniqua
773 1345 933 1428 stramenti
946 1367 1073 1428 pressos.
1094 1347 1176 1410 nihil
1189 1349 1288 1411 deesse
1302 1348 1405 1424 aliud,

336 1450 427 1512 quam
441 1439 603 1508 erectorem,
619 1433 663 1494 ad
676 1451 761 1514 quun
776 1434 945 1516 deficerem.
977 1431 1062 1496 Haec
1076 1431 1272 1498 clandestina
1285 1431 1406 1519 legatio

335 1536 394 1600 per
407 1514 567 1600 principes
581 1515 677 1580 missa
690 1531 772 1592 erat3
790 1518 928 1584 maxime
943 1539 1012 1582 eam
1027 1539 1096 1582 rem
1112 1518 1262 1584 moliente
1274 1518 1405 1604 Hamp-

336 1601 449 1677 sicora,
477 1603 532 1686 qui
561 1615 629 1692 tum
662 1603 849 1672 auctoritate
881 1617 976 1691 atque
1005 1603 1118 1690 opibus
1151 1605 1248 1693 longe
1280 1605 1402 1690 primus

291 1759 293 1763 ¹
335 1699 421 1752 erat·
459 1687 523 1752 His
550 1687 673 1754 nunciis
698 1711 799 1776 prope
827 1712 895 1754 uno·
914 1705 1063 1776 tempore
1077 1690 1207 1768 turbati,
1229 1693 1403 1777 erectique,

335 1775 393 1841 Ma
415 1827 416 1830 ,
438 1795 510 1838 nem
530 1797 604 1841 cum
626 1774 725 1840 classe
746 1775 807 1842 sua
817 1777 981 1862 copiisque
994 1779 1027 1840 in
1045 1777 1237 1862 Hispaniam
1260 1771 1405 1844 mittunt.

331 1861 368 1924 'in
393 1795 577 1926 iirdiniem
604 1862 862 1929 Hasdrubalemm
888 1861 1032 1952 deligunt
1058 1863 1190 1928 ducem:
1219 1877 1251 1930 et
1276 1877 1402 1930 tantum

333 1945 432 2012 fenne
454 1949 630 2033 copiarum,
652 1964 805 2033 quantum
827 1949 972 2038 Magoni,
989 1949 1173 2015 decernunt.
1218 1949 1262 2015 Et
1284 1951 1403 2016 Romoe

333 2034 491 2114 consules,
508 2035 676 2100 transactis
698 2036 802 2114 rebus,
840 2059 891 2100 uoe
913 2037 946 2100 in
968 2037 1047 2100 urbe
1068 2036 1200 2125 agendae
1215 2049 1316 2118 erant,
1332 2049 1404 2102 mo'·

332 2122 450 2186 rebant
459 2124 526 2208 jam
538 2145 602 2186 sese
614 2123 655 2186 ad
667 2121 795 2188 bellum.
819 2059 872 2188 i'i.
882 2123 1093 2208 Sempronius
1104 2121 1257 2188 militibus
1270 2123 1405 2189 Sinues-

333 2231 399 2273 sam
415 2208 500 2274 diem
520 2209 562 2274 ad
583 2209 836 2276 conveniendum
854 2211 953 2274 edixit
961 2233 980 2290 i.
992 2209 1018 2248 ⁵⁸
1026 2222 1058 2274 et
1074 2207 1116 2286 Q.
1135 2209 1261 2287 Fabius,
1273 2210 1402 2276 consul·

333 2307 368 2360 to
387 2297 475 2380 prius
490 2307 613 2375 senatu,
630 2307 666 2360 ut
684 2295 842 2360 frumenta
864 2317 974 2361 omnes
987 2317 1030 2360 ex
1043 2296 1137 2384 agris,
1153 2295 1180 2336 ⁵⁹
1190 2311 1262 2362 ante
1278 2295 1403 2362 Kalen-

330 2383 388 2446 das
402 2383 423 2447 J
427 2383 516 2447 unias
536 2383 664 2466 primus,
680 2383 713 2446 in
729 2382 823 2448 urbes
839 2383 975 2447 munitas
989 2383 1211 2447 conveherent.
1258 2383 1324 2460 Qui
1337 2405 1402 2448 non

331 2471 505 2546 invenisset,
521 2469 585 2552 rpus
604 2491 637 2536 se
655 2491 763 2554 agnem
783 2471 1013 2554 populaturum,
1029 2491 1129 2534 sucos
1141 2471 1195 2534 rub
1216 2471 1307 2534 testa
1325 2492 1401 2534 ven·

330 2555 475 2632 diturum,
491 2558 583 2620 tellas
606 2558 805 2623 incensurum.
850 2554 901 2620 Ne
922 2556 1113 2640 praetoribus
1128 2555 1267 2642 quidem,
1283 2558 1339 2642 qui
1356 2556 1400 2622 ad

324 2643 378 2728 jus
400 2640 571 2706 dicendum
595 2641 692 2705 creati
713 2655 814 2719 erant,
831 2641 1009 2706 vacatioab
1029 2641 1104 2717 belli
1126 2641 1401 2708 administratione

300 2768 302 2776 ι
329 2727 406 2792 data
428 2739 484 2814 est.
530 2727 695 2791 Valerium
719 2741 890 2813 praetorem
912 2729 945 2791 in
969 2727 1118 2813 Apuliam
1141 2729 1187 2792 ire
1208 2727 1339 2813 placuit,
1358 2731 1400 2794 ad

329 2815 505 2880 exercitum
523 2835 543 2878 a
559 2815 714 2880 Terentio
736 2813 976 2900 accipiendumt
999 2836 1098 2900 quum
1113 2837 1152 2879 ex
1168 2815 1277 2882 Sicilia
1297 2815 1399 2904 legio·

328 2923 385 2966 nes
411 2903 577 2979 venissent,
599 2900 636 2964 iis
665 2901 864 2986 potissimum
891 2903 941 2994 uti
964 2901 1003 2964 ad
1031 2900 1168 2988 regionis
1193 2902 1261 2987 ejus
1285 2902 1399 2987 praesi·

329 2987 437 3052 diurn:
459 2987 726 3052 ioTerentianum
745 2987 826 3052 mitti
848 3009 920 3051 cum
937 2987 1044 3073 aliquo
1059 2987 1247 3076 legatorum.
1293 2988 1337 3052 Et
1351 2989 1400 3052 vi-

328 3075 409 3160 ginti
432 3074 575 3162 quinque
598 3095 693 3138 naves
707 3073 794 3139 ⁶¹M.
811 3073 940 3138 Valerio
963 3075 1044 3137 datae
1066 3086 1152 3154 sunt,
1168 3074 1284 3160 quibus
1304 3096 1397 3140 oraru

328 3163 521 3226 maritimam
548 3162 631 3226 inter
659 3160 865 3225 Brundisium
891 3183 928 3224 ac
955 3160 1132 3224 Tarentum
1158 3161 1256 3225 tutari
1279 3176 1398 3246 posset.

330 3247 538 3314 Parnasium
554 3269 705 3312 numerus
721 3247 765 3324 Q.
783 3247 896 3314 Fulvio
939 3247 1045 3312 raetori
1061 3247 1185 3312 urbano
1198 3247 1342 3312 decretus
1357 3249 1400 3312 ad

327 3335 512 3408 suburbana
542 3335 636 3400 litora
662 3332 806 3401 tutanda.
853 3333 889 3397 C.
912 3269 1066 3398 'l'erentio
1091 3331 1273 3419 proconsuli
1297 3355 1400 3417 nego-

305 3481 309 3495 ,
327 3424 406 3490 tium
421 3422 543 3501 datum,
561 3435 597 3486 ut
617 3421 651 3485 in
669 3420 786 3486 Piceno
800 3441 878 3508 agro
900 3419 1164 3513 conquisitionem
1184 3419 1321 3484 militum
1336 3419 1397 3484 ha-

597 3596 617 3626 Ν
627 3593 681 3640 adu.
693 3595 841 3653 cognorrm
854 3591 953 3640 Calvum
964 3591 1039 3639 Gron.
1052 3591 1122 3640 Cres.

359 3759 393 3807 tr
409 3758 481 3806 Mille
505 3759 601 3820 ergenii
625 3755 722 3820 mmsis]
750 3755 845 3802 Marcus
910 3757 942 3804 60
961 3755 1126 3802 Tncntimrm
1147 3751 1225 3815 mitti]
1251 3751 1398 3800 Exercitum

326 3830 446 3870 namnetes
457 3823 546 3870 asten.
878 3819 986 3868 Terentii
998 3821 1111 3867 Varronis
1122 3820 1188 3866 mitti
1198 3818 1223 3863 in
1236 3817 1354 3864 Siciliam.

360 3885 608 3949 evacuaretur]
626 3887 718 3946 Repete
731 3897 762 3933 ex
776 3890 845 3932 ante·
910 3885 940 3932 61
958 3884 999 3934 M.
1019 3884 1123 3948 Valerio]
1149 3883 1203 3930 Hoc
1224 3893 1314 3930 nomen
1337 3893 1399 3928 nus-

325 3953 467 4001 eedentibus
479 3951 672 3998 verbumedinit.
877 3963 950 4011 quem
972 3947 1119 4010 inscriptis
1141 3948 1255 4006 occurrit,
1275 3951 1302 3992 et
1324 3943 1400 3993 facile

358 4017 391 4065 59
407 4017 472 4064 Ante
490 4016 611 4064 Kalendae
631 4015 720 4063 Juaior
736 4013 843 4077 pamas]
876 4014 1021 4074 intelligitur
1041 4027 1073 4060 ex
1099 4012 1302 4074 precedentibus,
1324 4011 1400 4056 adeo·

326 4083 448 4130 Kalendas
458 4082 548 4128 lunias
558 4083 684 4140 presentie
694 4081 759 4126 anni.
793 4080 845 4126 nd·
877 4093 925 4140 que
945 4079 1028 4124 οάἰοεα
1046 4075 1099 4140 ejus
1117 4077 1212 4124 iteratio
1230 4082 1276 4124 est.
1310 4074 1338 4121 Si
1353 4075 1399 4122 ali·

324 4149 392 4196 ditur
403 4149 497 4210 primos
512 4150 544 4192 ex'
560 4145 735 4200 consuetudine
752 4145 845 4192 somnu-
877 4144 943 4210 quod
964 4156 1053 4190 nomen
1072 4143 1176 4202 exprimi
1193 4141 1286 4195 debuit,
1299 4139 1400 4186 vtuemr

324 4215 404 4262 ianrm
427 4209 576 4274 hujusmodi,
602 4211 627 4257 in
650 4211 740 4271 quibus
760 4213 845 4258 verbo-
877 4208 959 4270 potius
974 4206 1106 4268 legendum
1123 4206 1155 4254 Ρ.
1171 4205 1261 4254 Volscio
1278 4217 1311 4252 ex
1327 4215 1398 4264 capp.

324 4293 381 4325 rurn
407 4278 489 4338 apices
517 4277 628 4337 religiosa
654 4277 845 4336 perpenduntur.
877 4271 1086 4322 masmanna

324 4343 382 4390 vid.
395 4349 420 4390 st
430 4342 494 4390 infra
506 4344 522 4388 l.
534 4341 618 4389 XLll.
630 4355 650 4388 c.
664 4340 703 4387 21.
1018 4365 1022 4374 ·
