3122 4962
334 941 625 1026 'semones
651 939 825 1024 uuus
850 941 1040 1028 xxvn.
1074 900 1077 906 ’

600 1161 792 1202 *⁴-

162 1317 244 1402 UN.
271 1337 399 1402 Fulvius
428 1337 595 1420 proconsul
626 1357 690 1399 cum
727 1337 862 1399 caercitu
895 1335 936 1400 ab
968 1331 1153 1402 Hannibale
1181 1341 1226 1406 ad

159 1423 362 1487 Herdoneam
383 1445 475 1488 cresus
488 1433 541 1487 est.
587 1422 722 1485 Meliore
744 1432 851 1486 euentu
871 1445 892 1486 a
914 1423 1048 1488 Claudio
1071 1425 1225 1492 Marcello

158 1511 278 1574 consule
305 1511 450 1574 aduersus
481 1509 612 1574 eumdem
641 1509 685 1571 ad
712 1505 938 1574 Numistronem
967 1520 1138 1596 pugnatum
1167 1523 1222 1578 est.

159 1597 234 1658 inde
257 1595 425 1661 Hannibal
448 1605 539 1660 noctu
566 1595 696 1659 recessit.
742 1593 912 1660 Marcellus
937 1597 1087 1662 insecutus
1111 1607 1166 1676 est,
1193 1610 1224 1664 et

156 1681 285 1746 subinde
312 1684 462 1748 cedentem
492 1684 619 1764 pressit,
646 1683 739 1743 donec
766 1681 951 1784 coryligerct.
979 1685 1090 1765 priore
1181 1707 1223 1750 nu

155 1763 328 1838 Hannibal
362 1770 505 1854 superior
526 1769 611 1853 ficit,
649 1765 821 1832 Marcellus
856 1771 1035 1854 insequenti.
1083 1769 1155 1836 ¹Fa
1176 1773 1225 1837 ins

157 1853 321 1920 Maximus
336 1867 433 1940 pater
453 1855 557 1920 consul
582 1853 769 1918 Tarentinos
784 1875 847 1936 per
863 1856 1073 1938 proditionem
1095 1861 1221 1942 recepit.

156 1941 198 2006 In
215 1941 378 2024 Hispania
393 1943 438 2006 ad
451 1943 607 2006 Baeculam
629 1941 735 2022 Scipio
749 1961 814 2003 cum
837 1939 1037 2006 Hasdrubale
1059 1943 1222 2008 Hamilca-

155 2027 510 2116 recapitularemus.
526 2028 690 2092 interalia
709 2033 829 2108 captum
846 2048 976 2110 puerum
999 2031 1132 2114 regalem
1155 2033 1221 2096 eri·

155 2115 227 2177 miae
241 2113 360 2198 scrrmae
384 2117 429 2178 ad
451 2115 630 2180 avunculum
656 2113 858 2177 Masinissam
883 2135 948 2178 cum
973 2115 1064 2178 danis
1092 2117 1221 2183 dimisit.

158 2201 306 2265 Claudius
325 2201 505 2277 Marcellus,
526 2198 742 2276 T..Quinctius
766 2201 928 2284 Crispinus
950 2203 1093 2280 causales,
1117 2223 1221 2286 specu-

154 2287 245 2351 landi
269 2309 374 2352 caussa
391 2288 551 2372 progressi
567 2287 718 2363 ecastris‚
742 2287 867 2350 insidiis
888 2286 928 2349 ab
950 2285 1136 2352 Hannibale
1158 2291 1220 2353 cir·

153 2375 305 2439 cumuenti
316 2383 397 2440 mut.
441 2373 611 2438 Marcellus
625 2375 738 2438 occisus
738 2373 824 2456 fuit,
841 2373 1003 2456 Crispinus
1009 2373 1113 2458 firgit.
1159 2373 1222 2442 Res

147 2469 306 2544 praterea
335 2483 356 2524 a
385 2458 449 2524 ²1².
474 2459 611 2542 Sulpicio
638 2469 777 2542 prcetore
805 2459 949 2524 adversus
976 2461 1160 2546 Philippum
1191 2474 1222 2528 et

155 2545 284 2612 Acbaeos
315 2556 419 2632 gestas
452 2548 596 2613 continet.
643 2547 789 2610 Lustrum
818 2567 839 2608 a
868 2545 1038 2612 censoribus
1058 2549 1220 2614 'conditum

152 2641 218 2698 est:
241 2655 330 2698 censa
344 2641 415 2698 sunt
428 2633 537 2698 civium
558 2635 666 2716 capita
683 2642 804 2696 centum
827 2633 962 2718 triginta
984 2643 1096 2717 septem
1118 2637 1221 2701 millia

152 2729 270 2784 centum
285 2728 315 2785 et
329 2729 415 2786 octo.-
438 2742 476 2783 ea
490 2741 548 2803 qim
569 2742 692 2783 numero
713 2719 873 2802 adparuit,
898 2729 1043 2803 quantam
1067 2723 1221 2788 bominum
1291 2740 1294 2748 ’

151 2815 199 2870 tot
217 2806 400 2890 proeliarum
425 2807 554 2870 adversa
567 2805 707 2890 fortuna
726 2807 844 2890 populo
868 2805 1011 2870 Romano
1036 2807 1219 2876 abstulisset.

152 2891 347 2970 Hasdrubal,
371 2893 426 2976 qui
449 2913 513 2955 cum
539 2893 674 2956 enercitu
698 2912 775 2956 novo
800 2893 1033 2956 transcenderat
1057 2893 1162 2978 Alpes,
1185 2906 1220 2961 ut

150 2999 184 3044 se
206 2976 390 3042 Hannibali
411 2976 616 3064 conjungeret,
641 2999 705 3043 acm
731 2977 867 3042 millibus
890 2978 1043 3043 bominum
1065 2983 1219 3068 quinqua·

146 3065 243 3149 ginta
263 3087 316 3130 sec
337 3086 429 3130 casm
450 3073 503 3142 est,
522 3064 571 3128 M.
586 3065 678 3130 Liuii
698 3065 829 3129 coumlis
843 3064 943 3141 ductu,
959 3067 1087 3131 sednon
1102 3069 1220 3150 minore

152 3172 249 3234 opera
266 3151 394 3218 Claudii
412 3151 549 3215 Neronis
569 3153 709 3216 consulis.
732 3152 796 3236 qui,
818 3171 907 3236 quam
923 3151 1107 3218 Hannibali
1126 3153 1218 3240 obpo-

149 3239 227 3304 situs
241 3248 325 3315 esset,
341 3238 459 3302 relictis
472 3239 591 3312 castris,
608 3240 656 3303 ita
677 3247 712 3302 ut
732 3239 843 3302 bostem
852 3237 999 3322 fitlleret,
1014 3235 1101 3304 ³cum
1123 3242 1218 3308 electa

148 3345 243 3389 manu
250 3323 418 3412 proficius,
436 3323 663 3414 Hasdrubalem
677 3325 884 3390 circumuenit.

183 3515 305 3564 lFabius
327 3515 457 3562 Marimas
479 3519 548 3578 puter
575 3515 666 3579 consul]
700 3518 838 3564 abessem
868 3513 915 3560 Sed
926 3513 994 3560 illum
1007 3513 1118 3560 'voculam
1130 3515 1156 3562 in
1168 3519 1217 3564 vet·

148 3580 189 3629 Sic
206 3581 346 3629 emendavit
365 3579 488 3641 Sigonius,
503 3593 581 3640 quum
598 3581 666 3641 prius
698 3579 740 3628 lib.
751 3587 847 3629 exstare
866 3579 979 3633 affirmat,
990 3577 1111 3639 Sigonius,
1123 3585 1148 3625 et
1165 3591 1216 3626 ser·

148 3648 277 3708 legeretur,
289 3649 359 3708 pater
373 3645 488 3692 consulis.-
505 3646 571 3705 quod
586 3646 667 3692 muni·
698 3647 868 3694 vett-ndreae.
901 3644 1041 3706 Campanus
1052 3645 1126 3691 etium
1143 3645 1217 3691 habet

148 3709 338 3758 teueviuonum
349 3713 409 3756 esai.
698 3709 790 3765 deluto,
811 3709 837 3756 id
860 3715 906 3765 est,
925 3708 1026 3756 meta.-
1051 3709 1116 3770 quod
1137 3710 1216 3770 magis

182 3775 249 3825 21⁰.
259 3775 364 3836 Sulpicio
374 3774 560 3884 pretorcprlmo
569 3787 666 3836 procon-
698 3775 786 3836 placet,
799 3781 873 3834 nsque
893 3773 1005 3820 usitatius
1021 3779 1058 3821 est
1075 3775 1101 3821 iu
1118 3775 1165 3822 huc
1179 3785 1215 3830 re,
1293 3798 1294 3803 =

147 3839 205 3888 aab.
237 3839 297 3888 vid.
307 3852 381 3902 supra
393 3839 409 3885 1.
421 3839 475 3884 XX
503 3839 607 3889 Laii·
698 3839 861 3900 quumelecta.
900 3835 904 3846 '

180 3901 276 3951 SCum
296 3904 365 3951 electu
386 3899 471 3965 manu]
502 3904 532 3950 ln
561 3903 665 3965 vuigstis
