3036 4972
328 201 388 256 1⁵4
722 190 836 254 TlTl
861 191 1018 258 Ltvltt
1069 239 1072 246 ,

166 374 302 428 uctss
327 359 439 447 itaque
460 379 534 427 cum
581 355 683 422 ''nti·.
719 353 1005 444 uinquamillilsus
1025 367 1225 427 armatorum
1247 361 1293 428 eli
1314 357 1397 428 urbe
1503 379 1504 407 ¹

166 440 304 554 ffstffl·
328 445 551 533 proficiscitur.
697 380 899 538 ‘'ltalcapua
910 459 1047 538 recepta,
1058 469 1158 536 quam
1174 449 1290 515 iterum
1306 449 1397 536 Nea·

168 521 299 635 Nlanffirm
328 533 544 620 politanumm
558 531 694 610 animm,
708 531 826 615 partim
841 553 907 618 spe,
922 534 1047 618 partim·
1059 549 1158 614 metu,
1173 535 1394 624 nequidquam

166 637 258 686 snm„
267 627 491 696 manasset,
505 620 539 682 in
556 639 672 706 agrum
686 617 864 688 ,Nolanum
880 619 1057 685 exercitum
1068 622 1242 689 -trsdacitr
1265 622 1337 688 ⁶¹ct
1353 635 1397 688 ut

169 707 214 751 m·
329 729 396 772 non
412 705 571 770 hostiliter
591 704 717 785 statim,
726 705 810 792 quia·
820 725 888 770 non
909 705 1097 792 desperabat
1111 703 1323 782 voluntariam
1332 709 1396 774 de·

329 794 501 869 ditionem
522 792 836 869 imiimorareutur
857 805 957 878 spem,
981 794 1211 885 mulleorum,
1234 817 1307 881 quae
1328 795 1397 882 pati

166 886 298 934 Norera-
327 892 384 946 aut
400 879 520 950 ⁴timere
533 891 682 965 possent,
705 879 984 964 praetermissam.
1028 882 1234 961 Senatus,=ac
1253 883 1397 947 maxime

166 948 256 1003 Μ’·
328 967 485 1052 primores
498 966 575 1052 ejus,
587 965 622 1028 in
636 965 784 1030 societate
801 965 948 1030 Romana
959 987 1037 1032 cum
1048 967 1280 1055 edepol-stares
1302 958 1397 1055 plebs

328 1075 496 1132 acrarum,
512 1068 548 1118 ut
569 1052 659 1132 solet,
676 1051 901 1138 remittatque
912 1053 1119 1119 Hannibalis·
1132 1067 1199 1121 tota
1219 1079 1285 1121 esse
1294 1079 1313 1133 ς’
1327 1075 1397 1120 mee

329 1155 460 1228 tumque
489 1159 639 1228 agrestum
674 1138 901 1226 populationis,
926 1153 957 1204 et
986 1138 1136 1226 patienda
1164 1143 1197 1207 in
1227 1141 1397 1208 obsidione

328 1231 430 1292 multa
443 1227 555 1315 gravia
568 1223 779 1316 'indignaque‘
790 1241 969 1314 proponere
988 1228 1234 1320 animoqneque
1246 1242 1396 1294 auctores
1505 1241 1506 1297 l

327 1313 513 1380 defectionis
534 1313 682 1377 deerant.
726 1311 839 1404 Itaque
862 1313 919 1378 ubi
939 1326 1088 1380 senatum
1114 1329 1228 1396 metus'
1243 1302 1340 1401 cepit,
1368 1315 1397 1380 si

327 1403 496 1486 propalam
518 1399 697 1480 tenderent,
719 1393 821 1464 resisti
844 1395 1042 1470 multitudini
1056 1393 1224 1468 concitatae
1238 1423 1305 1468 non
1319 1423 1396 1488 pos-
1505 1413 1506 1454 ἲ

327 1509 379 1564 ⁹03
400 1481 727 1564 8⁵clamastimula'udo
750 1485 935 1551 dilationem
961 1488 1036 1552 mali
1059 1489 1236 1572 inveniunt.
1266 1489 1396 1575 placere

326 1573 427 1649 enim.
442 1574 508 1640 sibi¹
532 1572 747 1638 defectionem
767 1572 807 1638 ad
834 1571 1051 1638 Hannibalem
1076 1575 1246 1640 simulant-r
1276 1575 1395 1662 quibus

326 1673 431 1725 autem
458 1655 694 1726 conditionibus
718 1660 751 1724 in
764 1658 885 1724 ‚lmdus‘
894 1660 1133 1748 amicitiamque
1145 1683 1272 1727 novam·
1287 1676 1393 1727 trans·
1506 1725 1507 1748 ,

327 1759 411 1825 eant,
427 1769 543 1832 parum
562 1762 719 1812 constare.
742 1747 793 1811 lta
808 1737 912 1832 spatio
926 1759 1041 1825 sumto,
1057 1748 1179 1837 legatos
1196 1748 1395 1834 ¹properem}
1506 1761 1507 1786 ι

327 1849 498 1920 praetorem
525 1833 718 1898 Romanum
739 1833 935 1920 Marcellum·
959 1832 1140 1914 Claudium,
1164 1835 1225 1924 qui
1244 1835 1396 1902 ‘Casilini

326 1941 400 1986 cum
415 1921 558 1988 exercitu
573 1932 653 1998 erat,
670 1921 809 1996 mittunt,
824 1918 1013 2006 docentque,
1025 1935 1146 2008 quanto
1160 1923 1194 1986 in
1209 1921 1396 2002 discrimine

326 2011 367 2073 sit
383 2007 583 2085 Nolanam,
599 2007 923 2096 agrum-Hannibalis
944 2030 1012 2074 esse
1033 2019 1065 2072 et
1081 2007 1264 2090 Poenorum,
1279 2009 1395 2074 urbem
1507 2051 1508 2094 ,

327 2095 490 2180 extemplo
503 2093 655 2174 futuram,
669 2096 703 2157 ni
713 2093 932 2161 subveniatur.
954 2093 1168 2162 concedendo·
1180 2095 1285 2178 plebei
1300 2115 1395 2160 sena·
1507 2105 1508 2114 ’

327 2195 407 2260 tum,
435 2182 490 2247 ubi
513 2181 621 2258 velint,
642 2179 820 2245 defecturos
842 2202 884 2258 se,
906 2202 947 2244 ne
969 2179 1105 2247 deficere
1127 2180 1394 2267 praefestinarent,

326 2267 491 2334 effecisse..
519 2265 704 2343 Marcellus,
730 2265 928 2331 conlaudatis
951 2267 1097 2346 Nolanis,
1124 2267 1233 2332 eadem
1249 2267 1395 2334 simula·

325 2355 413 2422 tione
427 2354 557 2421 extrahi
571 2375 639 2418 rem
653 2351 686 2416 in
703 2373 795 2417 suum
817 2352 987 2424 adventum
1007 2355 1117 2440 jussit:
1141 2354 1269 2418 interim
1283 2355 1394 2436 celari,

326 2463 528 2530 quse-secum
550 2453 621 2506 acta
642 2451 759 2517 essent,
772 2459 926 2524 spemque
949 2461 1076 2506 omnem
1102 2435 1212 2506 auxilii
1238 2441 1393 2507 Romani.
1508 2480 1509 2502 r

327 2531 401 2613 Ipse
416 2552 436 2592 a
451 2528 593 2592 Casilino
616 2524 772 2591 Calatiam
794 2528 891 2612 petit:
921 2539 1016 2614 atque
1038 2527 1122 2604 inde,
1138 2527 1299 2592 Vulturno
1324 2549 1394 2592 am·

326 2618 381 2680 ni⁰
395 2616 537 2700 trajecto,
553 2635 673 2701 perque
681 2633 800 2700 agrum
814 2612 1031 2678 Saticulanum
1046 2613 1073 2654 ⁶⁶
1085 2613 1391 2700 Trebulanumque⁹

327 2723 423 2786 super
439 2699 622 2768 Suessulam
637 2721 694 2786 per
710 2713 831 2763 montes
848 2699 964 2766 Nolam
976 2701 1130 2785 pervenit.

241 2833 243 2840 ,
326 2795 329 2804 “
372 2788 450 2852 XV.
476 2786 729 2880 Subqadveutum
752 2785 899 2871 praetoris
924 2787 1063 2851 Romani
1086 2787 1206 2852 Poenus
1228 2809 1307 2876 agro
1322 2785 1393 2852 No·

327 2872 402 2938 lan'o
424 2875 568 2950 excessit,
584 2886 616 2939 et
631 2873 672 2938 ad
687 2895 775 2937 mare
794 2873 941 2958 proxime
956 2873 1133 2958 Neapolim
1146 2873 1319 2951 descendit,
1337 2895 1395 2938 cu·

327 2961 422 3046 pidus
437 2953 588 3025 maritimi
608 2960 719 3046 oppidi
743 2959 903 3044 potiundi,
923 2983 988 3048 quo
1012 2983 1122 3024 cursus
1147 2962 1280 3025 navibus
1307 2971 1396 3038 tutus

327 3069 368 3112 ex
387 3041 495 3114 Africa
508 3060 599 3112 esset.
645 3047 807 3123 Ceterum,
829 3060 1004 3134 postquam*
1017 3046 1188 3132 Neapolim
1204 3069 1225 3111 a
1239 3046 1393 3132 praelecto

329 3133 479 3199 Romano
500 3135 601 3199 teneri
624 3136 756 3220 accepit,
778 3133 843 3217 (M.
859 3133 976 3198 Junius
1002 3133 1129 3198 Silanus
1150 3147 1229 3208 erat,
1252 3134 1294 3198 ab
1315 3133 1393 3218 ipsis

327 3221 548 3310 Neapolitanis
573 3221 707 3302 adcitus)
725 3221 898 3306 “Neapoli
923 3241 1060 3309 quoque,
1081 3220 1163 3285 sicut
1183 3219 1279 3302 Nola,
1295 3221 1392 3285 omis·

491 3413 581 3459 ”amns
592 3412 666 3459 Gron-
678 3409 748 3458 Crcv.
923 3401 1149 3472 'Pstelimmm'qu
1159 3409 1242 3456 Crer..

359 3575 392 3622 64
406 3577 451 3636 Et,
481 3581 509 3623 ut
535 3592 582 3624 non
607 3577 723 3624 dociliter
749 3577 844 3641 rtatim]
877 3578 988 3638 impetum
998 3575 1179 3637 aggrediantur.

327 3641 389 3702 Dele
408 3655 613 3706 supervacaneam
630 3644 782 3690 voculamst.
799 3643 844 3688 Fa·
878 3681 884 3689 .
908 3641 940 3688 66
960 3640 1330 3704 TrebianumqarlGronov'ianae
1342 3642 1396 3688 edi-

326 3713 367 3753 vet
377 3705 520 3754 Victorinus
527 3709 613 3760 codex,
621 3707 664 3765 qui
675 3707 767 3752 omittit
777 3710 811 3752 at.
876 3706 953 3753 tiones
972 3706 1062 3752 habent
1079 3705 1280 3766 Ilsbuhnumqw
1294 3720 1326 3752 ex
1336 3705 1395 3753 Clu·

358 3771 391 3820 65
409 3772 477 3820 Clam
498 3770 640 3834 simulando]
665 3770 786 3818 summm
806 3777 843 3818 est
876 3770 1123 3818 veriiemsndatione.
1158 3771 1395 3818 Nosversrumaut·

325 3843 447 3883 ostentare
463 3837 530 3884 aliud
541 3837 610 3895 quid,
621 3849 696 3895 quam
712 3836 777 3896 apud
791 3836 843 3882 ani·
876 3842 956 3881 torum
967 3840 993 3879 et
1008 3835 1152 3895 scriptorum
1164 3835 1294 3882 lectionem
1309 3836 1395 3882 rettuli·

324 3916 396 3948 mum
407 3908 479 3948 tuum
494 3901 593 3946 sentias.
610 3897 703 3960 ¹Itaque
714 3915 762 3946 non
773 3901 844 3955 clara,
876 3913 943 3958 mus,
955 3913 1030 3961 quam
1040 3903 1157 3960 approbat
1172 3899 1317 3947 Holstenius
1328 3901 1394 3961 apud

325 3967 461 4026 sedpatam
472 3972 497 4013 et
508 3971 590 4024 aperte
605 3965 728 4027 peragitur
742 3966 768 4011 id
779 3967 845 4026 quod
876 3965 1278 4026 Celtar.Geogr.nnt.t11.c.9.

325 4032 462 4078 simulatur.
505 4029 553 4076 Hic
577 4029 653 4090 igitur
679 4031 774 4078 videtur
792 4043 844 4080 este
908 4029 941 4077 6⁷
962 4030 1068 4090 Neapoli
1099 4044 1194 4091 qaoqrte,
1223 4030 1283 4076 strat
1316 4029 1393 4085 Nola,

246 4104 250 4122 t
325 4095 418 4156 aliquid
437 4093 499 4149 vitii,
516 4095 652 4153 praesertim
671 4109 749 4156 quum
770 4095 842 4143 MSS.
875 4090 971 4156 enirm]
990 4095 1062 4142 Hanc
1080 4095 1225 4155 scripturam
1246 4093 1333 4157 (quam
1355 4098 1394 4141 te·

325 4159 462 4234 plurimum
486 4165 511 4206 et
534 4172 550 4205 a
566 4158 666 4221 vulgata
688 4160 801 4219 lectione,
819 4167 844 4206 et
876 4165 935 4205 nent
951 4161 1000 4206 duo
1019 4171 1033 4204 e
1049 4160 1137 4206 nostris
1155 4159 1287 4215 codicibru,
1306 4171 1395 4220 parum

325 4238 342 4270 a
360 4237 386 4270 se
413 4223 520 4270 invicem
543 4224 696 4272 dissentient
730 4225 844 4286 Suggerit
875 4225 1009 4272 admodum
1031 4225 1202 4272 abludentilrus
1222 4224 1320 4283 emeris,
1341 4223 1393 4271 sive

326 4288 463 4336 Gronovius
477 4288 652 4346 demunderedo,
668 4291 790 4350 quomodo
800 4303 842 4336 su·
875 4301 936 4348 quos
955 4289 1103 4348 Gronovius,
1128 4290 1180 4338 sive
1200 4302 1262 4350 quos
1286 4289 1335 4351 ipsi
1356 4289 1394 4335 in·

326 4367 379 4414 pra,
395 4354 411 4399 l.
425 4351 472 4407 111.
484 4369 505 4401 c.
518 4353 559 4402 35.
570 4353 739 4402 metandam
753 4355 843 4402 malm
875 4353 1010 4414 speximus)
1032 4368 1081 4401 non
1105 4355 1272 4402 dubitavimus
1293 4361 1392 4415 antepo·
