3122 4962
510 134 605 204 ΜΒ.
632 139 767 202 κΧένιῐ,
790 140 895 200 cnr.
922 140 958 198 V.
1190 141 1253 207 sas

185 309 232 375 ibi
246 309 288 376 de
301 305 365 376 suis
375 310 469 378 rebus
482 307 578 394 gestis
587 305 857 377 commemoravit.
904 303 1004 382 &aaa
1016 302 1143 366 ”mnu
1152 305 1253 386 nispe
1261 317 1291 367 rr.
1301 315 1329 367 c.
1340 317 1398 366 see.

186 401 351 483 sesagima
365 399 400 464 in
409 398 521 464 Sicilia
536 405 622 460 lara
636 397 774 479 mariqrre
788 415 867 478 sape
876 393 999 476 anagnis
1008 389 1146 454 cladibus
1153 388 1252 454 bellas
1259 385 1290 430 Α·
1302 381 1329 430 ⁶·
1341 383 1368 430 ²¹
1374 385 1404 459 ᾳ·

186 493 249 550 tuae
264 493 348 561 cuer,
363 505 396 547 se
406 505 474 549 eam
488 482 709 566 ”marineium
726 480 894 564 conficiens.
915 476 1251 561 neammKarmagr·
1260 450 1407 571 ξῑζῖιῗιᾚζ

184 573 319 636 ariensem
331 573 365 634 in
375 571 486 635 Sicilia
495 591 577 650 erse.-
600 569 748 635 neminem
758 568 900 642 Siarluar,
912 566 1056 652 quincta
1066 560 1298 648 indefigatins
1309 583 1397 624 naras

186 657 339 742 efflat,
362 677 423 720 naa
445 677 526 721 essee
552 675 652 719 omncs
673 655 708 717 in
723 654 821 729 urbes,
844 654 879 716 in
901 672 994 736 agras
1010 671 1079 716 aras
1102 651 1250 723 reductor,
1293 651 1310 676 ‘
1353 675 1367 694 ,

184 765 289 818 arare,
301 765 421 808 serere.-
443 746 591 808 desertam
602 742 696 804 recoli
706 742 829 804 maden
839 737 1164 822 terr·ara‚frrrgiferum
1176 738 1252 820 ipsis

184 831 359 907 emtoribus,
369 831 544 912 papulaqru
553 829 694 892 Romano
703 847 783 908 paee
792 847 830 888 ac
843 824 1108 908 bellcfidissimum
1120 841 1253 887 anama

187 915 363 980 subsidium.
408 915 494 980 Exin
510 912 648 990 Mutine,
664 926 695 976 et
709 911 737 976 si
750 931 886 997 quorum
901 909 1252 997 aliorum'meri'taeuga

182 1001 340 1086 populum
359 1002 540 1066 &suanum
561 1012 662 1076 erent,
678 999 710 1064 in
724 1009 879 1062 senatum
899 995 1098 1076 introductis,
1113 995 1251 1061 horrores

185 1088 342 1165 omnibus,
360 1085 640 1152 aderrsolvcndam
655 1083 752 1148 fldem
768 1108 787 1150 a
801 1081 952 1162 consule¹,
968 1081 1079 1147 habiti.
1100 1081 1250 1148 Muttines
1295 1127 1297 1134 -
1354 1112 1359 1142 a

183 1175 279 1238 etiem
296 1175 373 1238 civis
392 1176 554 1246 Romanus
568 1171 679 1248 fuctus,
695 1192 732 1236 ro
755 1171 862 1240 atione,
882 1168 923 1234 ab
938 1167 1192 1254 tribunoplebis,
1209 1189 1251 1234 ex
1297 1199 1300 1204 ·
1334 1177 1338 1188 '
1399 1181 1404 1208 ¹

186 1261 374 1325 auctoritate
390 1262 532 1336 Parrum,
548 1259 587 1323 ad
605 1258 733 1342 plebem,
776 1271 817 1322 ta.
862 1257 951 1321 Dum
975 1254 1047 1320 huc
1061 1255 1176 1320 Rornae
1195 1277 1251 1346 ge·

186 1361 311 1423 rantur,
335 1346 387 1412 M.
404 1346 548 1412 Valerius
572 1343 722 1410 Messalla
743 1345 974 1431 quinquaginta
995 1341 1129 1407 navibus
1152 1355 1348 1430 qunmctessis
1390 1418 1396 1430 ⁹

186 1448 261 1498 ante
274 1433 377 1498 lucem
392 1434 432 1498 ad
449 1431 591 1498 Africam
614 1431 801 1506 accessisset,
815 1428 979 1514 inproviso
992 1430 1026 1492 in
1048 1451 1161 1518 agrum
1180 1428 1250 1494 Uti·
1259 1420 1331 1466 Μ’·
1343 1419 1409 1466 “¹¹⁹

185 1541 308 1584 censam
325 1520 561 1585 succensionem
582 1516 673 1582 fecit:
698 1537 834 1603 eumque
849 1515 911 1581 late
931 1515 1151 1600 depopulatus,
1166 1497 1400 1596 mul-wopa-

185 1608 226 1670 tis
241 1607 427 1672 mortalibus
448 1627 520 1670 cum
543 1604 605 1670 alia
624 1604 727 1668 omnis
740 1602 991 1692 generisprseda
1011 1602 1121 1688 captis,
1138 1602 1179 1667 ed
1194 1625 1250 1668 na·

187 1715 239 1756 ves
261 1693 364 1770 rediit,
392 1704 486 1780 atque
509 1691 542 1756 in
566 1689 706 1758 Siciliain
728 1689 916 1754 transmisit:
943 1689 1163 1754 tertiodecimo
1187 1688 1249 1768 die,
1356 1722 1359 1733 ·
1400 1724 1403 1733 ·

186 1800 282 1865 quarn
297 1778 458 1864 profectus
473 1777 547 1847 inde
561 1791 640 1858 erat,
654 1776 831 1864 Lilvbaeurrr
846 1788 994 1840 revectus.
1039 1775 1091 1840 Ex
1106 1776 1252 1862 captiuis,

186 1867 362 1952 quastione
379 1866 498 1946 habita,
513 1864 584 1930 haec
604 1877 779 1950 conperta,
795 1862 979 1948 consulique
996 1863 1128 1926 Loeeino
1143 1863 1252 1928 omnia

185 1953 298 2018 ordine
311 1953 496 2038 perscripta,
512 1966 549 2017 ut
568 1950 670 2028 sciret,
687 1971 752 2036 quo
774 1951 807 2012 in
830 1961 913 2013 statu
936 1968 985 2012 res
1000 1948 1117 2013 Africus
1137 1963 1253 2014 essent.

189 2039 332 2123 Quinque
349 2042 450 2104 millia
466 2040 672 2103 Numidarum
685 2059 751 2100 mm
765 2035 949 2111 Masinissa,
968 2035 1151 2119 Galafilia,
1167 2057 1253 2102 aaa·

185 2129 264 2189 rimo
268 2125 393 2209 juvene,
409 2127 606 2210 Karthagine
620 2145 701 2195 esse,⁸
726 2133 757 2187 et
766 2125 847 2186 alios
856 2143 918 2208 per
929 2132 1024 2186 totam
1038 2122 1184 2208 Africam
1197 2125 1254 2186 mi·

177 2214 256 2276 lites
270 2216 404 2276 mercede
417 2214 554 2286 conduci,
567 2213 621 2296 qui
636 2213 670 2274 in
681 2209 876 2292 Hispaniam
892 2210 936 2272 ad
946 2209 1178 2272 Hasdrubalem
1187 2219 1255 2274 tra·

174 2297 371 2382 jicercntur:
394 2309 429 2362 ut
440 2301 476 2375 is,
489 2319 579 2382 quum
594 2298 725 2360 marimo
736 2297 870 2358 exercitu
880 2297 984 2378 primo
995 2317 1112 2379 quaque
1121 2305 1256 2379 tempere

189 2387 224 2447 in
240 2386 366 2448 Italiam
381 2396 596 2470 transgressus,
602 2382 751 2467 jungeret
769 2404 801 2446 se
816 2381 1004 2446 Hannibali.
1028 2383 1060 2445 in
1076 2404 1111 2444 eo
1118 2385 1254 2466 positam

185 2472 346 2534 uictoriam
361 2474 482 2535 credere
496 2470 784 2554 Karthaginienses.
832 2469 963 2532 Classem
975 2478 1132 2551 praterea
1147 2471 1255 2554 irrgen·

185 2567 244 2620 tem
255 2560 412 2641 adparari
425 2560 469 2620 ad
482 2559 621 2622 Siciliam
636 2557 840 2638 repetendam,
852 2577 976 2639 eumque
989 2577 1020 2619 se
1034 2559 1157 2620 medere
1170 2555 1255 2622 brem

185 2643 394 2727 majesturam.
441 2643 526 2710 Haec
537 2643 668 2707 recitata
680 2664 698 2706 a
710 2641 839 2706 consule
852 2641 897 2704 ita
911 2663 1039 2728 movere
1050 2656 1206 2719 senatum,
1217 2657 1253 2708 ut
1263 2665 1416 2713 eoncenaao

185 2751 251 2794 non
269 2729 481 2816 exspectanda
503 2730 632 2794 comitia
652 2727 774 2792 consuli
796 2741 969 2806 censerent,
986 2728 1040 2794 sed
1063 2727 1419 2808 dimwmmasucmoa
1444 2721 1449 2736 ’

179 2816 387 2882 comitiorum
402 2815 623 2882 habendorum
638 2836 748 2880 caussa
762 2813 836 2890 dici,
852 2829 885 2878 et
898 2815 1060 2898 extemplo
1075 2816 1107 2880 in
1122 2796 1369 2901 provin-dmm

186 2903 267 2966 ciam
291 2902 500 2969 redeundum.
545 2902 605 2967 llla
626 2901 813 2984 disceptatio
835 2901 973 2982 tenebat,
1013 2901 1074 2965 uod
1094 2903 1204 2968 consul
1218 2903 1250 2968 iu

187 2989 295 3054 Sicilia
308 2991 404 3054 seM.
421 2989 584 3054 Valerium
601 2987 784 3053 Messallam
792 2999 824 3068 ω,
839 2989 894 3074 qui
910 3001 977 3052 tum
989 2923 1079 3052 blaesi
1091 3002 1251 3074 praeesset,

184 3075 372 3140 dictatorem
397 3076 559 3142 dicturum
584 3097 652 3140 esse
677 3073 798 3138 aiebat:
823 3074 933 3140 Patres
954 3087 1048 3140 extre
1069 3076 1252 3150 Romanum

185 3185 298 3249 agrum
315 3167 400 3245 (eum
421 3176 526 3229 autem
542 3160 731 3226 in¹¹²¹1telie
752 3162 929 3242 terminari)
944 3161 1104 3248 negabant
1118 3163 1252 3228 dictato·

186 3270 253 3314 rem
268 3249 331 3314 dici
346 3271 446 3335 posse.
491 3249 540 3314 M.
553 3247 723 3313 Lucretius
734 3247 880 3312 tribunus
891 3247 992 3332 plebis
1003 3269 1102 3334 quum
1113 3247 1154 3312 de
1168 3270 1204 3314 ea
1218 3270 1252 3312 re

185 3334 373 3414 consuleret,
389 3336 433 3400 ita
447 3333 585 3400 decrevit
601 3348 736 3410 senatus,
758 3333 800 3400 Ut
814 3336 917 3398 consul
924 3335 1025 3416 prius,
1041 3357 1132 3419 quam
1144 3335 1183 3398 ab
1197 3358 1250 3402 un·

185 3421 221 3486 be
235 3423 411 3499 discederet,
423 3424 569 3505 papulum
580 3431 715 3506 rogaret,
732 3441 817 3505 quem
832 3421 1011 3484 dictatorem
1023 3421 1088 3484 dici
1091 3423 1231 3504 placeret
1235 3457 1248 3496 ‚·

186 3529 316 3594 numqua,
333 3529 417 3593 quem
426 3511 561 3592 papirius
571 3507 722 3591 jurasset,
737 3508 852 3572 disard
866 3509 1055 3572 dictaturam.
1100 3509 1136 3574 Si
1148 3511 1252 3574 consul

226 3693 234 3735 ¹
245 3699 344 3748 sareulis
355 3700 430 3746 Gron.
444 3699 514 3748 Creu.
645 3703 664 3732 ¹¹¹
675 3700 805 3750 Messalam
816 3701 884 3750 Eoed.
1015 3703 1028 3734 fl
1040 3703 1064 3749 in
1076 3703 1123 3752 del.
1136 3706 1206 3754 Crev.

217 3875 249 3924 19
264 3869 424 3940 Annarprape
431 3879 569 3944 magram]
588 3881 699 3928 Absarru
723 3875 844 3929 'Ceteru'm
861 3883 914 3930 haec
932 3883 966 3928 sic
982 3883 1121 3942 accipienda
1138 3891 1205 3940 sunt,
1221 3891 1248 3932 ut

184 3941 301 4018 nimirum
313 3959 371 4020 u3c.
382 3943 437 3990 48&
447 3959 464 3990 a
474 3959 522 4008 quo
531 3945 699 4006 hicquinque-
730 3947 813 3992 utullus
823 3955 892 3995 extra
903 3947 1000 3995 ltaliam
1014 3959 1071 4008 ager
1081 3961 1125 4008 pro
1136 3949 1248 3996 Romano

112 4105 114 4110 .
182 4010 637 4138 gew'ub’llaurlilrtcurbrbrlbiiebglllirb'id.
647 4081 699 4124 not.
730 4011 945 4131 Rbrbffdbb’essl,
953 4016 985 4123 bb
998 4013 1247 4136 bblliig‘rtbtralelbaaglbl

184 4133 207 4179 u
218 4137 249 4182 ad
261 4135 361 4183 XXVI.
374 4135 413 4185 sl.
730 4140 801 4187 inira
818 4139 943 4187 Nimirum
953 4141 1139 4202 agcrllomannr
1148 4143 1247 4189 habitus

217 4200 245 4246 21
264 4201 340 4250 [talia
356 4201 489 4264 terminari]
511 4202 595 4264 Vulgo
610 4204 636 4248 in
647 4205 698 4250 Ita·
729 4205 805 4258 fuisse
816 4206 912 4256 videtur
922 4207 1023 4266 quilibet
1035 4207 1113 4253 ltalia
1125 4219 1192 4268 ager,
1203 4208 1246 4266 qui

182 4264 222 4311 lia.
256 4265 400 4312 Delevimus
416 4267 527 4313 voculam
544 4269 579 4322 in,
592 4281 699 4328 quamn
729 4269 897 4318 Romanarum
910 4269 1008 4318 ditionis
1019 4278 1089 4318 esset.

182 4331 263 4376 codice
278 4329 344 4390 regio
359 4333 442 4378 abeam
460 4337 561 4378 testatur
573 4325 696 4394 Dujatius.

758 4398 850 4464 abb
