3140 4972
449 143 542 204 nra.
568 138 684 204 xxiv.
710 141 816 206 cae.
844 141 988 202 xxxiv.
1193 149 1248 202 aar
1325 111 1328 122 ’

189 309 277 391 runt)
298 329 408 383 omnes
429 305 673 372 interficiuntur.
695 327 761 370 nox
777 305 918 390 caedibus
933 305 1027 372 linem
1043 303 1126 370 fecit.
1172 307 1249 374 Pos-
1261 322 1288 369 υ.
1300 324 1327 385 c.
1337 323 1393 372 ata.

190 410 259 462 tero
279 395 332 460 die
346 393 428 464 servi
441 393 516 458 ⁶⁸ad
532 393 650 480 pileum
666 391 779 469 vocati,
803 405 834 456 et
857 414 983 456 carcere
1004 391 1100 456 vincti
1123 387 1393 472 emisset-9²¹⁴*

188 479 380 567 confusaque
399 479 472 562 lraec
494 479 598 546 omnis
622 477 792 544 multitudo
807 478 1038 562 Hippocratem
1060 491 1155 564 atque
1171 477 1249 564 Epi·
1457 491 1461 502 ’

187 565 299 652 cydem
319 580 428 632 creant
442 579 611 652 praetores:
636 567 874 650 Syracusaeqne,
890 587 987 650 quum
1010 563 1104 630 breve
1123 579 1247 650 ternpus

186 651 314 718 libertas
328 652 513 730 adfulsisset,
532 653 565 716 in
579 651 743 736 antiquam
758 653 939 714 servitutem
954 647 1193 736 ⁶⁹reciderunt‘.

231 737 398 804 XXXIIL
435 739 517 804 llaec
552 738 701 803 nunciata
738 758 836 824 quum
874 749 976 800 essent
1006 735 1170 814 Romanis,
1207 761 1248 804 cx
1257 757 1401 806 nomentan

186 825 351 890 Leontinis
365 839 454 890 mota
473 821 546 890 sunt
567 822 725 908 extemplo
747 834 849 888 castra
862 823 902 887 ad
920 823 1104 908 Syracusas.
1150 821 1193 888 Et
1207 823 1248 889 ab
1257 821 1387 882 syriscum

186 912 296 997 Appio
317 911 413 1000 legati
435 933 491 994 per
513 925 640 995 portum
663 909 749 974 missi
763 909 842 972 forte
857 906 890 972 in
905 909 1123 994 quinqueremi
1146 892 1335 997 arante-eff?
1345 901 1399 935 ”¹⁰¹

185 997 347 1082 praemissa
369 996 584 1083 quadriremis,
608 1018 705 1082 quum
730 995 877 1060 intrasset
898 993 1002 1058 fauces
1023 1009 1144 1080 portus,
1159 997 1245 1082 capi·

185 1098 255 1148 tur:
269 1083 372 1183 ,legati
386 1105 472 1170 oegre
490 1083 679 1170 effugerunt.
724 1081 768 1146 Et
785 1080 852 1166 jam
877 1102 941 1144 non
964 1081 1061 1146 modo
1079 1083 1176 1168 pacis,
1192 1079 1246 1150 sed

186 1192 227 1234 ne
241 1169 315 1252 belli
331 1169 458 1256 quidem
475 1169 550 1254 jura
562 1167 673 1234 relicta
692 1179 799 1237 erant:
823 1189 921 1254 quum
938 1165 1102 1233 Romanus
1125 1169 1246 1234 exerci-

185 1269 237 1324 tus
258 1255 298 1320 ad
316 1254 502 1342 Olympium
526 1254 628 1340 (doris
650 1253 682 1318 id
702 1252 855 1339 templum
878 1253 939 1333 est)
958 1253 1079 1318 ⁷⁰mille
1100 1268 1130 1320 et
1176 1255 1246 1320 uin·

183 1344 287 1429 gentis
301 1340 462 1426 passibusu
477 1341 517 1405 ab
535 1339 612 1406 urbe
633 1351 735 1404 castra
756 1338 872 1425 posuit.
917 1337 999 1406 Inde
1020 1279 1399 1432 quoquelega-tttnuntte·
1478 1357 1481 1364 ⁴

185 1442 234 1494 tos
260 1427 411 1512 praemitti
441 1425 575 1512 placuit:
609 1425 734 1513 quibus,
761 1448 802 1490 ne
824 1427 980 1491 intrarent
1005 1425 1127 1506 urbem,
1157 1426 1402 1494 extr·at¹¹⁰⁸Str=·
1510 1503 1518 1516 μ

154 1549 158 1556 ’
184 1527 310 1600 portam
329 1513 545 1598 Hippocrates
559 1527 654 1598 atque
670 1511 827 1598 Epicydes
847 1510 973 1576 obuiam
997 1534 1069 1578 cum
1093 1514 1157 1578 suis
1171 1504 1330 1600 profum

184 1613 352 1666 cesserunt.
399 1600 564 1664 Romanus
586 1612 692 1664 orator
715 1620 775 1662 non
798 1597 905 1662 bellum
918 1621 950 1664 se
966 1597 1178 1684 Syracusanis,
1193 1603 1247 1668 sed

182 1710 267 1770 opem
280 1688 488 1771 ancillamque
502 1686 636 1772 artferre,
648 1684 702 1766 ait,
713 1694 743 1748 et
757 1686 812 1762 eis,
828 1686 891 1769 qui,
907 1708 946 1749 ea
955 1687 1055 1751 media
1070 1689 1151 1752 crede
1160 1689 1246 1772 clep-

183 1775 223 1850 si,
233 1773 430 1858 perfiegerint
443 1775 488 1836 ad
499 1795 540 1849 se,
555 1781 586 1836 et
599 1773 653 1848 eis,
669 1772 732 1856 qui,
747 1781 826 1836 metu
841 1771 985 1856 obpressi,
987 1772 1168 1857 soediorem,
1184 1797 1246 1840 non

184 1861 293 1924 exsilio
313 1861 418 1936 solum,
444 1859 611 1924 sedetiam
637 1866 742 1933 morte,
764 1857 936 1922 seruitutem
954 1859 1134 1942 patiantur.
1178 1861 1246 1926 Nec

183 1948 292 2010 caedem
309 1945 475 2030 nefandam
496 1946 643 2010 sociorum
660 1945 789 2006 inultam
803 1943 960 2010 Βωιιαηοε
975 1965 1131 2028 passuros.
1180 1947 1244 2012 lta-

181 2053 240 2116 que
253 2030 279 2073 ⁷¹
287 2033 317 2095 si
330 2033 384 2109 eis,
399 2033 454 2114 qui
468 2033 512 2094 ad
530 2051 562 2098 ae
576 2031 792 2116 perfugerant,
808 2037 890 2093 tutus
911 2030 944 2093 in
961 2033 1103 2114 patrium
1127 2034 1245 2100 reditus

175 2127 313 2202 pateret,
328 2118 440 2182 raedis¹
454 2125 591 2180 auctores
604 2117 766 2192 dedantur,
779 2125 809 2179 et
822 2115 950 2180 libertas
963 2117 1099 2202 legesque
1112 2119 1243 2202 ἅψαιν-

181 2206 268 2270 sanis
280 2205 494 2279 restituantur,
510 2201 592 2266 ninii
605 2203 700 2266 arrnir
713 2223 788 2284 opus
801 2223 873 2266 esse.
894 2203 925 2266 ei
938 2224 974 2265 ea
990 2203 1159 2286 nonfiunt,
1175 2207 1243 2288 qui.

182 2311 305 2376 mnqru
319 2289 353 2352 in
367 2310 453 2353 mora
467 2291 518 2365 sit,
534 2288 612 2352 bello
627 2296 847 2370 persecuturos.
893 2287 943 2354 Ad
965 2311 1003 2352 ea
1023 2287 1192 2375 Epicydes,
1209 2292 1247 2356 Si
1255 2310 1392 2369 supernum

181 2385 264 2460 quat
277 2377 323 2440 ad
341 2397 374 2440 se
393 2377 541 2440 mandata
562 2373 717 2450 haberent,
734 2395 906 2458 responsum
927 2375 981 2452 eis,
996 2374 1052 2453 ait,
1065 2397 1098 2440 se
1118 2377 1244 2442 daturos
1255 2373 1411 2433 euocare-

167 2463 297 2547 flasse.-
318 2483 407 2546 quum
423 2463 457 2526 in
471 2481 583 2542 comm,
598 2462 642 2523 ad
661 2481 735 2544 quos
748 2461 896 2536 uenerint,
911 2481 1003 2524 mmm
1014 2484 1065 2526 res
1078 2462 1245 2548 Syracusa·
1254 2450 1378 2498 sponsum.

180 2571 224 2612 na
238 2559 323 2626 esset,
338 2557 400 2612 tum
415 2555 648 2613 reuerterentur.
693 2545 730 2610 Si
751 2545 828 2609 bello
844 2547 1004 2624 lacessant,
1020 2549 1090 2632 ipsa
1104 2571 1139 2612 re
1153 2551 1244 2614 tuen

181 2637 320 2711 lecturos,
337 2655 375 2698 ne
395 2655 526 2718 uuquam
541 2635 619 2697 idem
635 2654 696 2696 esse
709 2633 875 2717 Syrauuns
895 2655 932 2698 ac
947 2634 1117 2700 Leontinos
1130 2635 1244 2721 obpug-

180 2743 269 2786 nare.
314 2657 490 2808 Italegatis
503 2718 631 2799 relictis,
646 2731 754 2804 portas
772 2717 897 2783 clausit.
939 2718 1021 2784 Inde
1041 2732 1127 2786 terra
1147 2722 1403 2800 mari-obpugnan-

180 2830 243 2894 que
257 2805 351 2870 simul
372 2818 486 2892 coeptae
500 2800 679 2906 obpugnari
696 2805 879 2890 Syracusa:
902 2815 986 2870 terra
1000 2805 1041 2870 ab
1058 2805 1243 2895 Hexapylo,
1253 2804 1406 2866 rursm...

181 2893 263 2958 mari
282 2891 323 2957 ab
338 2891 535 2971 Achradina,
556 2913 645 2976 quus
663 2912 779 2966 ¹murus
801 2891 901 2956 fluctu
920 2891 1069 2957 adluitur.
1091 2905 1134 2972 et,
1157 2883 1295 3044 guium·

178 2980 262 3043 aicut
276 2979 452 3043 Leontinos
472 2993 594 3042 terrore
607 2999 646 3041 ac
661 2975 766 3061 primo
781 2975 890 3060 inpetu
904 2991 1064 3062 ceperant,
1079 3001 1145 3044 non
1183 2980 1243 3046 iffi·

180 3065 307 3144 debant,
322 3075 441 3130 vastam
466 3063 689 3149 disjectumque
710 3061 814 3212 spatio
837 3062 948 3128 urbem
969 3078 1059 3152 parte
1081 3065 1189 3154 aliqua
1209 3089 1244 3132 ae

177 3151 355 3302 iplvasuros,
367 3172 493 3216 omnem
506 3147 725 3235 adparatumo
748 3148 992 3236 pugnandarum
1002 3151 1130 3218 urbium
1140 3153 1242 3220 muris

179 3250 398 3303 amoverunt.

221 3323 388 3390 XXXIV.
411 3321 456 3388 Et
484 3322 642 3387 habuisset
669 3333 759 3387 tanto
788 3323 898 3408 inpetu
925 3337 1033 3410 coepta
1062 3346 1112 3390 res
1141 3325 1242 3392 fortu-

177 3432 264 3488 nam,
280 3409 341 3474 nisi
359 3431 441 3474 unus
454 3407 551 3474 homo
568 3408 731 3494 Syracusis
753 3431 789 3474 ea
811 3423 995 3493 tempestate
1015 3409 1133 3476 fuisset.
1177 3412 1241 3477 Ar·
1249 3428 1378 3478 Archime-

177 3495 339 3562 chimedes
360 3497 386 3560 is
407 3505 484 3574 erat,
500 3494 648 3560 ⁷²unicus
667 3507 828 3582 spectator
845 3497 917 3564 ooeli
936 3495 1157 3584 siderumque3
1181 3497 1405 3607 mi'fflffffim

178 3620 438 3750 ,aeclesiis-Eumenes.
527 3618 850 3680 tetragammum.
942 3617 1072 3666 enecata
1082 3619 1395 3738 (tremescurupsupudit-

1249 3705 1278 3739 ca
1319 3719 1327 3736 .

209 3801 242 3850 68
257 3797 409 3864 Arpinum]
420 3801 461 3848 Ad
470 3799 616 3849 libertatern.
631 3797 690 3846 Vid.
723 3799 821 3848 lectioni
832 3797 1067 3861 millcetqulngentis
1076 3801 1188 3862 pmrilus.

176 3879 259 3925 supra,
270 3881 292 3913 c.
304 3867 343 3914 16.
756 3863 784 3911 'll
804 3863 833 3911 Si
845 3896 852 3912 .
865 3896 890 3912 ..
908 3865 995 3912 reditus
1008 3868 1109 3926 peteret,
1127 3883 1154 3914 ue
1172 3867 1241 3916 cudis

210 3927 410 3992 annecterent]
443 3928 526 3990 Vulgo
553 3927 692 3974 reciderunt.
725 3932 829 3974 auctores
854 3927 980 3992 dedantur]
1010 3931 1153 3992 Complures
1175 3934 1242 3981 codi-

177 3994 225 4042 Sed
242 3994 303 4040 illud
321 3995 436 4050 attemm,
454 3993 480 4040 in
499 4006 548 4054 quo
565 3993 628 4038 ineat
646 3993 693 4040 hoc
725 4005 765 4038 ces
781 3993 900 4039 omittunt
917 3996 1028 4041 voculam
1045 4008 1081 4042 ec.
1114 3997 1162 4044 Sed
1176 3999 1242 4044 inea

120 4075 129 4087 .
174 4059 229 4106 loco
249 4055 329 4120 major
349 4059 387 4105 via
406 4065 431 4104 et
451 4057 581 4120 elegantia,
603 4057 694 4104 habent
725 4056 806 4116 potius
818 4057 892 4102 latere
908 4063 1023 4116 putamus
1035 4061 1166 4122 vestigium
1176 4075 1242 4108 verm

175 4121 232 4170 Put.
242 4128 267 4171 et
277 4123 371 4172 Victor.
380 4121 481 4170 codices.
521 4117 529 4130 “
724 4120 860 4179 scripturae,
875 4133 904 4166 ac
922 4121 1025 4170 libenter
1043 4125 1194 4186 legeremus:
1212 4125 1243 4172 st

208 4188 240 4236 tn
256 4185 330 4234 Mitte
346 4191 370 4235 et
386 4189 523 4248 quingentos
536 4186 635 4250 pessus]
653 4185 692 4231 Sic
725 4213 750 4232 ..
769 4183 858 4230 reditus
875 4189 966 4246 pateat,
989 4187 1057 4236 cedis
1078 4194 1182 4238 auctores
1203 4189 1242 4237 de-

175 4258 242 4297 amat
258 4253 325 4312 loqui
337 4251 428 4302 Livius.
446 4249 693 4312 1taque,auctoribus
726 4247 821 4295 daretur.

175 4315 260 4363 iisdem
270 4316 376 4377 scriptis,
386 4317 410 4364 id
422 4315 575 4376 praetulimus
587 4317 692 4375 vulgatae
760 4311 791 4359 72
811 4313 900 4362 Unicus
922 4321 1033 4378 spectator
1056 4316 1105 4366 ccli
1129 4316 1240 4378 siderion·

778 4385 836 4459 94
