3122 4962
403 161 500 224 Lus.
521 160 619 222 XXV.
645 158 749 222 cAP.
771 153 950 224 xxxvm,
1104 215 1106 220 .
1148 165 1211 232 m

146 331 261 397 solatia
283 329 422 401 inuenire
441 335 525 412 segra
545 325 653 392 onim
667 343 804 410 possem,-
824 347 919 412 cogor
931 333 1065 392 aesmom‘
1078 324 1286 396 omnimo.
1298 339 1355 390 seo
1413 361 1416 372 ·

146 418 239 484 uicem
253 417 348 500 (quod
359 415 571 502 difficillimam
584 415 619 476 in
631 415 714 478 luctu
723 416 781 492 est)
794 434 871 477 casus
884 414 1047 478 considem-
1060 419 1091 476 et
1100 434 1138 476 ne
1147 405 1252 476 team*
1260 407 1286 454 ⁰·
1299 404 1356 454 ²¹²·

146 504 278 588 quidem,
296 502 357 578 ubi,
376 522 506 585 quonam
527 501 616 564 moda
637 500 693 564 ias
713 500 863 582 reliquias
883 500 1009 562 duorum
1028 499 1210 563 exercituum

138 590 263 672 patria
282 607 461 656 cmumuare
475 588 601 670 possim,
623 585 821 670 cogitandum
844 595 898 662 est,
919 593 1057 650 avertere
1077 585 1211 648 animum

147 675 188 738 ob
201 674 326 740 assiduo
340 694 467 738 moerore
480 672 565 736 libet.
599 673 721 736 Proesto
735 681 779 736 est
792 673 872 735 enim
887 671 997 736 acerba
1011 673 1166 747 memoria,
1181 680 1212 734 et

146 761 306 844 Scipiones
319 783 366 824 me
378 759 465 824 amba
479 759 545 824 dies
560 766 716 842 noctesque
736 758 818 822 cutis
839 757 1055 842 insomniisque
1075 761 1211 841 agitant,

147 857 179 914 et
191 848 333 912 excitant.
342 867 422 928 sape
435 865 537 910 somno
542 878 555 917 ,-
578 865 769 920 muscanea
788 845 917 909 inm'ctos
937 844 1017 927 ⁹per
1035 851 1101 908 octo
1114 864 1214 908 annos

149 935 184 1000 in
198 933 248 998 leis
261 933 355 996 terris
375 933 488 998 milites
507 952 586 1007 suos,
601 931 817 994 commilitmces
834 939 958 1020 cestius,
973 951 1032 994 neu
1050 929 1213 1011 rempubli-

147 1041 214 1084 cam
237 1021 353 1102 patior
378 1019 517 1093 inultam,
544 1027 575 1082 et
597 1035 682 1082 suom
706 1017 901 1098 disciplinam
928 1024 1043 1100 suaque
1068 1016 1212 1080 instituto

149 1103 269 1190 ¹⁰sequi
278 1103 405 1188 pudent.-
428 1115 468 1183 et,
482 1113 517 1166 ut
538 1103 677 1186 imperiis
697 1103 831 1167 oium
853 1123 938 1166 menso
958 1101 1146 1166 obedientior
1167 1123 1213 1166 me

149 1213 211 1258 cmo
218 1190 337 1278 faerit,
353 1192 400 1254 ita
416 1197 624 1274 postmortem
639 1209 734 1265 mmm,
750 1191 831 1273 quod
844 1209 963 1274 quoqne
977 1190 1011 1252 in
1025 1210 1058 1252 re
1065 1187 1213 1270 facturos

152 1278 335 1363 illosfisisse
348 1278 479 1341 manime
491 1295 637 1356 caueam,
652 1274 676 1312 ¹¹
686 1276 722 1339 id
741 1277 1017 1358 optimum‘ducere.
1065 1274 1126 1338 Vos
1139 1295 1213 1358 quo·

151 1387 209 1449 que
222 1365 323 1444 aelim,
337 1365 459 1439 milites,
475 1383 537 1426 non
557 1363 699 1426 lomentis
711 1362 904 1444 lacrimisque
917 1372 1071 1444 tamqseom
1085 1361 1213 1426 ecst'mc-

151 1462 199 1516 tos
217 1452 375 1534 prosequi,
403 1449 523 1523 (aimmt
547 1446 707 1532 uigentque
717 1447 815 1530 foma
839 1469 939 1512 recum
962 1447 1128 1532 gestamen)
1150 1449 1214 1522 sed,

152 1539 390 1621 quotiesnsmque
405 1535 543 1600 obmrrn
564 1534 705 1598 mesomio
727 1535 858 1610 itionem,
875 1535 955 1618 uelut
974 1535 1003 1598 si
1016 1535 1217 1600 adhortantes

151 1625 449 1708 signumqnedamtes
463 1621 595 1686 videatis
608 1631 668 1700 eos,
678 1621 725 1684 ito
733 1621 852 1703 praelio
867 1621 957 1684 inire.
983 1621 1047 1684 Nec
1061 1622 1128 1684 alia
1137 1641 1216 1704 pro·

139 1709 232 1794 secto
242 1709 366 1791 species,
378 1709 517 1773 desterno
531 1707 582 1770 die
602 1707 697 1772 oculis
717 1707 887 1790 animisque
906 1708 1014 1772 vestris
1027 1707 1142 1781 oblata,
1155 1728 1216 1770 me-

152 1795 301 1860 morabile
315 1795 395 1858 iilud
408 1795 508 1858 edidit
522 1794 689 1875 pralium:
711 1813 770 1876 quo
785 1795 987 1858 mmmmncm
1002 1795 1130 1860 dedistis
1146 1793 1216 1857 hoe

151 1882 242 1958 tibus,
259 1901 321 1944 non
341 1901 405 1944 eccm
420 1879 614 1963 Scipionibus
627 1879 804 1944 exstinctum
818 1900 880 1944 esse
901 1900 1007 1942 momen
1022 1879 1216 1944 Rmnanm

153 1978 194 2046 et,
206 1967 290 2052 cujus
298 1968 412 2050 populi
424 1967 472 2032 vis
485 1975 577 2049 atque
590 1966 687 2030 virtus
701 1985 761 2028 non
776 1965 884 2050 ορπιία
894 1967 936 2030 sit
949 1966 1105 2030 Cannensi
1117 1967 1216 2043 clade,

154 2077 193 2120 ea
205 2054 290 2120 omni
298 2053 439 2136 prcffecto
448 2052 716 2137 soevitiafortunae
726 2073 906 2116 mersurum
921 2071 992 2116 esse.
1014 2051 1115 2128 Nunc,
1128 2053 1218 2135 quia·

152 2150 272 2206 tantum
286 2141 356 2204 ausi
369 2139 442 2204 estis
455 2147 563 2221 sponte
576 2147 688 2214 oestro,
696 2138 835 2220 eoperiei
848 2137 931 2214 libet,
939 2145 1088 2239 quamam
1102 2139 1218 2202 audeo-

153 2229 196 2292 tis
210 2229 285 2292 duce
306 2236 405 2290 oestro
424 2234 558 2290 ductore.
578 2245 640 2288 non
659 2225 739 2288 enim
760 2225 899 2290 desterno
913 2226 974 2301 dee,
990 2245 1078 2308 quum
1098 2226 1218 2308 sigma

153 2313 291 2398 receptui
308 2313 382 2378 dedi
396 2311 587 2398 sequentibus
604 2310 695 2398 effuse
716 2310 799 2376 nobis
819 2310 971 2376 turbonem
992 2311 1219 2396 hosteimfran·

149 2422 226 2486 gere
239 2397 401 2464 audaciam
416 2407 555 2474 vestram,
570 2399 624 2461 sed
636 2397 764 2484 dffme
777 2397 811 2460 in
825 2395 968 2480 majorem
979 2398 1113 2482 gloriam
1128 2407 1220 2481 atquc

153 2487 423 2571 opportunitatem
437 2485 540 2548 volui.-
555 2493 590 2547 ut
596 2483 758 2566 postmodo
762 2484 943 2566 preparati
956 2485 1104 2563 incautos,
1116 2505 1231 2548 arma··

153 2575 182 2638 ti
196 2574 335 2649 inermes,
350 2580 443 2655 atquc
456 2571 549 2634 etiam
563 2571 690 2652 sopitos,
697 2590 759 2652 per
772 2571 954 2634 occasionem
969 2571 1101 2656 adgredi
1115 2591 1233 2654 passe·

154 2661 206 2726 tis.
235 2658 304 2722 Nec
316 2656 405 2740 inim
419 2656 585 2722 occasionis
597 2675 689 2738 spen,
704 2656 826 2736 milites,
828 2655 921 2741 forte
933 2667 1054 2734 temere,
1069 2659 1124 2722 sed
1135 2681 1174 2722 ec
1186 2680 1222 2722 ce

156 2747 226 2828 ipsa
240 2752 412 2827 conceptam
426 2743 531 2809 mom.
574 2742 607 2808 A
620 2741 703 2808 cobis
721 2763 838 2827 quoque
852 2743 994 2830 profecto
1010 2747 1040 2809 si
1057 2745 1125 2829 quis
1139 2765 1222 2829 quae-

156 2841 219 2908 rat,
235 2851 366 2916 qswnam
379 2831 467 2893 modo
482 2830 580 2912 pauci
591 2851 612 2892 a
626 2830 739 2905 msdtis,
754 2830 829 2894 victi
843 2851 864 2894 a
877 2830 1040 2896 oictmidus
1055 2841 1157 2896 eosdm
1171 2840 1221 2896 m-

155 2919 220 2998 cmi
232 2918 302 2982 sitis
307 2951 319 2990 ‚·
336 2917 418 2982 nihil
431 2916 520 2981 alind
532 2916 853 2999 respondeatis‚quom
864 2917 900 2980 id
907 2918 1008 3000 ipsum
1023 2918 1161 2982 timentes
1170 2939 1223 2982 aas

155 3006 259 3068 omnio
273 3012 305 3067 et
317 3001 593 3087 aperibusficmata
608 3001 758 3077 debuine,
767 3011 797 3065 ct
811 3004 894 3086 ipsos
904 3012 1035 3085 paratos
1046 3005 1222 3070 imsdsuctos·

154 3112 215 3174 que
222 3089 341 3174 ficisse.
385 3089 431 3152 Et
452 3090 499 3152 ita
513 3109 545 3152 se
558 3110 607 3154 res
625 3087 723 3152 habet.
748 3086 826 3152 ¹²ad
842 3089 887 3166 id,
902 3091 991 3174 quod,
1008 3111 1047 3154 ne
1066 3092 1222 3167 timeatur,

145 3175 386 3262 fimusmsocid
397 3175 520 3238 minime
532 3175 595 3238 tuti
608 3183 679 3238 sunt
688 3175 838 3240 homines.-
854 3177 939 3258 quia,
950 3178 1031 3260 quod
1042 3179 1221 3261 negleaeris,

155 3264 312 3326 incautum
326 3269 419 3344 atque
430 3264 573 3344 'apertsan
587 3259 710 3324 habeas.
754 3261 850 3326 Nihil
870 3264 1001 3326 omnium
1023 3283 1103 3327 nunc
1124 3265 1224 3328 minus

156 3357 292 3414 netmm
305 3349 415 3426 hostes,
424 3367 514 3432 quam
528 3368 567 3412 ne
577 3345 686 3412 obsessi
699 3347 786 3410 modo
797 3349 859 3430 ipsi
871 3357 965 3432 atque
974 3348 1145 3433 obpccgnati
1157 3372 1223 3414 cas-

157 3444 209 3498 tro
222 3456 280 3500 sua
294 3435 377 3498 ultro
390 3433 600 3518 obpugnemus.
644 3432 827 3510 Audeamus,
843 3437 924 3520 quod
941 3435 1027 3498 credi
1047 3455 1108 3498 non
1123 3445 1225 3518 potest

157 3541 284 3587 ausuros
308 3541 372 3586 nos.
394 3541 429 3586 eo
451 3521 528 3603 ipso,
549 3521 631 3604 quod
654 3519 867 3607 difficillimum
891 3521 1023 3598 videtur,
1032 3522 1225 3606 facillimum

577 3691 586 3721 ³
600 3691 641 3754 qui
652 3691 726 3740 Gron.
739 3693 809 3761 (trev.
933 3747 936 3758 .

189 3835 272 3884 Her
280 3839 329 3884 octo
339 3837 423 3901 annos]
440 3839 676 3898 mammem-vid.
708 3843 846 3902 terpunctio
867 3842 932 3887 hunc
957 3843 1037 3888 locum
1058 3839 1179 3888 deformat
1200 3841 1226 3889 in

156 3910 211 3950 m·
220 3903 245 3950 ²·
256 3904 287 3950 ad
296 3915 318 3948 e·
330 3903 370 3950 36·
382 3915 464 3962 mpl'flo
710 3907 813 3967 Vudgflfifl
824 3907 899 3954 ¹bess-
1118 3917 1120 3924 Ι

191 3968 223 4020 10
238 3966 310 4039 Sequi
318 3967 410 4028 judam,
421 3973 444 4014 ct
454 3972 481 4016 sd
497 3967 614 4032 imperiis]
630 3969 678 4017 Ta·
744 3970 774 4016 12
790 3971 830 4016 Ad
848 3970 873 4016 id
890 3970 951 4032 ‚quad
966 3984 995 4018 scs
1010 3971 1134 4034 imus]
1157 3970 1226 4020 Mhi!

158 4032 207 4078 tius
217 4031 291 4092 huJus
306 4032 352 4078 loci
363 4031 411 4078 slis
422 4032 560 4080 hebetatio
573 4033 678 4093 vulgetis
709 4036 791 4082 minus
813 4041 895 4081 tutum
917 4031 1128 4094 est'lsominibue,
1151 4049 1226 4098 quam

157 4095 226 4144 libris
242 4095 268 4142 in
324 4096 413 4153 unctio.
447 4098 485 4146 Ee
500 4111 555 4158 quse
574 4099 677 4158 hisap-
709 4099 774 4161 quod
795 4104 902 4160 presens
923 4101 1022 4146 fortuna
1042 4108 1108 4148 vetut
1129 4102 1225 4150 timeri:

156 4163 291 4219 punitum
322 4159 428 4210 edzonio
442 4168 587 4218 monstrata,
598 4164 677 4210 multo
708 4163 824 4224 quonium
840 4163 866 4210 id
882 4164 1025 4226 plerumque
1039 4165 1110 4212 abiis
1125 4161 1226 4228 negiigs'·

157 4225 291 4285 elegantiae
302 4225 408 4273 sissent.
617 4239 620 4246 ·
709 4235 766 4283 turs
794 4228 858 4288 quod
877 4235 961 4276 eutem
980 4229 1123 4292 neglexeris.
1145 4231 1228 4276 incau·
1285 4237 1290 4242 '

192 4289 220 4334 ll
230 4289 282 4338 'Id
296 4289 411 4348 mmmm
426 4289 518 4356 ducem]
539 4291 631 4352 supple
646 4307 678 4340 ex
709 4299 763 4339 tum
783 4299 857 4353 etque
872 4301 990 4354 speetum·
1004 4301 1051 4354 est,
1066 4307 1095 4343 ac
1114 4293 1230 4342 facillime

158 4353 359 4414 mandentibus,
379 4355 468 4419 juissst.
518 4356 614 4404 Vitiosa
640 4359 676 4405 in·
710 4359 859 4420 noscipaces.
1139 4371 1142 4379 ·
