3036 4972
385 201 479 263 LIB.
505 201 630 272 xx111.
656 201 761 265 CAP.
785 200 924 262 xvim„
1122 211 1180 278 169
1212 199 1214 211 '

113 365 167 446 bia,
181 387 256 454 quae
270 365 318 434 cia
334 364 533 434 Vulturnum
547 377 605 445 eat,
622 369 675 453 (eo
687 366 772 436 euim
794 365 946 438 dividitur
967 367 1069 450 amni)
1084 389 1219 454 occu-u.
1229 387 1256 436 a
1268 388 1324 440 aas.

6 463 7 476 ¹
110 471 233 538 parere.
249 455 349 542 idque
370 455 573 540 praesidium¹
590 451 722 520 Casilini
738 452 899 522 habebant
913 454 1063 520 Romani.
1108 456 1218 520 hd·b
1228 455 1257 501 θ
1267 455 1338 504 ma·

110 539 195 606 ditur
217 555 250 606 et
271 541 427 606 Perusina
448 539 573 618 cohors,
589 540 735 607 homines
757 540 982 630 quadringenti
1005 564 1077 608 sexa
1102 543 1179 625 'nta‚

6 633 7 690 i
110 627 220 692 eodem
242 625 373 704 nuncio,
390 651 454 712 quo
467 627 654 694 Praenestini
675 649 795 712 paucos
817 640 891 694 ante
904 627 983 707 dies,
1000 629 1098 694 Cas‘'
1126 649 1179 694 um

6 731 7 736 ’
110 715 276 798 compulsi.
293 727 325 779 ct
340 715 415 778 satis
438 714 536 780 ferme
557 726 751 780 armatorum
766 713 806 780 ad
829 727 893 778 tem
910 715 1029 816 exigua
1050 717 1178 794 moenia,

109 813 139 866 et
153 802 288 865 flumine
300 800 401 866 altera
414 813 505 887 parte
518 801 634 877 cincta,
646 800 766 866 tuenda
775 815 853 865 erat.
867 821 1005 902 penuria
1018 802 1179 882 frumenti,

111 887 246 952 nimium
261 887 357 952 etiam
373 903 410 954 ut
423 887 584 954 videretur
598 887 779 964 hominum,
795 885 962 952 efficiebat.

149 973 291 1039 XVIII.
323 973 488 1040 Hannibal
512 995 611 1061 quum
635 975 704 1059 jam
736 972 811 1038 inde
839 972 926 1044 haud
952 975 1065 1059 procul
1089 979 1339 1054 easetcainnum'

111 1060 259 1126 Gaetulos
274 1081 347 1126 cum
361 1059 522 1146 praefecto,
537 1060 666 1124 nomine
677 1059 790 1138 Isalca,
804 1060 988 1145 praemittit:
1012 1083 1050 1125 ac
1063 1063 1179 1146 primo,
1191 1061 1314 1109 Hannibal

110 1147 134 1212 si
162 1147 224 1212 fiat‘
258 1147 418 1232 conloquii
447 1147 550 1232 eopia,
573 1146 682 1217 >verbis
714 1147 859 1235 benignis
888 1146 928 1212 ad
960 1153 1070 1233 portas
1105 1131 1321 1232 ape-⁰¹³¹'¹¹⁸¹¹⁸²'

110 1234 236 1298 riendas
266 1233 516 1321 praesidiumque
541 1233 762 1320 accipiendum
788 1233 939 1318 perlicere
959 1234 1072 1320 jubet:
1099 1235 1181 1304 siin

110 1320 289 1407 pertinacia
310 1332 462 1405 perstent,
478 1341 544 1386 rem
588 1333 675 1386 erere
690 1332 732 1386 'aa
754 1331 885 1402 tentare,
899 1321 927 1386 si
941 1341 1004 1408 qua
1025 1322 1181 1407 partein-

109 1407 226 1472 vadere
252 1406 364 1472 urbem
389 1408 497 1494 possit.
578 1407 611 1472 bi
637 1407 679 1472 ad
704 1407 823 1472 moeuia
848 1429 1016 1486 accessere,
1039 1409 1117 1496 quia
1140 1409 1181 1471 sl-

110 1492 257 1558 lentiam-
269 1505 354 1572 erat,
372 1494 511 1560 solitudo
531 1495 597 1559 visa
608 1519 618 1573 3
639 1505 799 1580 metuque
820 1516 1007 1560 concessum
1029 1495 1182 1560 barbarus

110 1592 210 1656 ratus,
224 1580 335 1644 moliri
357 1594 464 1666 portas
479 1594 511 1646 et
524 1581 660 1646 claustra
680 1580 854 1668 refringere
875 1596 976 1666 parat.
999 1603 1110 1668 quum,
1126 1583 1182 1667 pa-

109 1665 232 1732 tefactis
258 1681 391 1752 repente
414 1667 527 1753 portis,
549 1666 695 1733 cohortes
717 1667 802 1744 duas,
824 1667 901 1732 ⁸⁸ad
926 1668 980 1732 id·
1001 1668 1105 1754 ipsum
1132 1670 1181 1732 in-

107 1764 240 1818 structae
262 1753 360 1833 intus,
380 1755 501 1842 ingenti
523 1775 597 1822 curu
618 1754 757 1819 tumultu
779 1767 962 1839 erumpunt,
979 1768 1182 1843 stragemque

108 1837 249 1904 hostium
272 1839 404 1906 faciant.
447 1841 501 1908 Ita
520 1841 633 1926 primis
653 1840 798 1926 repulsis,
816 1840 999 1920 Maharbal,
1016 1864 1089 1906 cum
1113 1864 1181 1906 mas

103 1926 179 2013 jore
204 1925 489 1994 robore-uirorum
514 1927 637 2008 missus,
659 1949 719 1994 nec
745 1928 812 2012 ipse
837 1928 1037 2015 eruptionem
1064 1929 1181 1993 cohor-

109 2013 190 2078 tium
206 2013 368 2080 austinuit.
381 2027 550 2100 'postremo
565 2013 742 2091 Hannibal,
759 2014 870 2079 castris
885 2027 959 2080 ante
974 2016 1045 2100 ipsa
1058 2016 1181 2080 moenia

108 2099 277 2186 obpositis,
293 2123 424 2185 parvam
447 2101 557 2184 urbem
580 2122 780 2187 parvumque
800 2101 984 2186 presidium
1008 2123 1132 2166 summa
1151 2104 1182 2166 ri

110 2200 209 2273 atque
231 2187 381 2253 omnibus
400 2187 498 2273 copiis
520 2187 707 2274 obpugnare
728 2202 829 2273 parat.
852 2211 900 2264 ac,
916 2188 993 2252 dum
1016 2189 1115 2252 instat
1135 2189 1181 2252 la·

109 2273 283 2360 cessitque,
306 2291 426 2340 corona
451 2273 828 2362 ⁴undiquecircuindatis
856 2274 1026 2352 moenibus,
1058 2273 1181 2360 aliquot

6 2347 8 2380 r
112 2359 231 2426 milites
259 2373 292 2426 et
323 2361 574 2446 promtissimum
603 2383 771 2447 quemque,
802 2382 820 2425 e
850 2383 943 2424 muro
976 2361 1182 2447 turribusque

111 2445 202 2526 ictus,
218 2447 335 2513 amisit.
381 2445 489 2514 Semel
509 2447 535 2487 ⁸⁹
544 2447 629 2512 ultro
643 2457 844 2533 erumpentes
855 2448 982 2534 agmine
996 2447 1199 2534 elephanto,

111 2555 183 2598 rum
199 2532 350 2618 obpoaito
371 2555 471 2620 propa
484 2533 671 2615 interclusit,
686 2533 890 2620 trepidosque
904 2534 1058 2621 compulit
1078 2535 1111 2599 in
1127 2557 1183 2599 ur-

6 2643 7 2656 *
112 2619 197 2697 bam,
222 2620 297 2686 satis
318 2621 438 2702 multis,
458 2633 494 2686 ut
515 2643 556 2686 ex
577 2633 665 2686 tanta
687 2621 855 2706 paucitate,
871 2620 1053 2687 interiectis.
1069 2622 1183 2708 'plures

112 2707 309 2786 cecidissent,
325 2708 360 2772 ni
381 2719 454 2772 nox·
472 2708 587 2792 proelio
606 2707 838 2774 *intervenisset
884 2709 1018 2774 Postero
1039 2710 1092 2775 die
1114 2731 1183 2774 onr-

6 2807 7 2810 ’
113 2794 206 2860 nium
231 2793 331 2858 animi
356 2795 396 2860 ad
416 2795 668 2883 obpugnandum
694 2795 927 2874 accenduntur;
959 2797 1069 2883 utique
1095 2797 1183 2881 post-³

114 2901 211 2966 quam
233 2901 354 2945 corona
374 2893 471 2948 aurea
492 2879 622 2947 muralis
644 2882 807 2966 proposita
828 2894 884 2961 est,
909 2895 1004 2968 atque
1025 2884 1094 2968 ipse
1116 2883 1184 2948 dux

114 2966 254 3044 castelli,
266 2968 364 3052 plano
386 2967 457 3034 loco
477 2969 728 3055 positi,·segnem
752 2968 1022 3056 obpugnationem
1048 2970 1184 3058 Sagunti

115 3054 392 3140 expugnatoribus
417 3055 643 3140 exprobrabat,
668 3053 852 3120 Cannarum
881 3055 1126 3144 Trasimenique
1152 3071 1184 3124 et

115 3139 245 3204 Trebiae
262 3140 403 3228 singulos
423 3143 597 3206 admonens
613 3141 771 3206 universos
796 3165 846 3206 ue.
891 3143 972 3208 Inde
986 3144 1088 3208 vineae
1127 3167 1184 3208 uo·
1290 3213 1295 3224 ¹

115 3247 178 3310 que
202 3240 322 3311 coeptae
348 3228 401 3315 agi
427 3227 644 3315 cuniculique:
674 3227 755 3292 nec'
824 3229 927 3294 varios
953 3244 1084 3295 conatus
1104 3167 1184 3294 lios·

116 3312 206 3378 tium¹
225 3312 317 3378 ⁹⁰aut
341 3315 388 3379 vis
417 3314 574 3391 ulla-aut
602 3337 654 3379 ars
679 3313 796 3379 deerat.
843 3317 930 3381 Socii
960 3317 1184 3380 Romanorum

115 3400 359 3549 psropugnacula
379 3400 531 3466 adversus
554 3399 663 3466 vineas
680 3413 828 3477 statuere,
845 3403 1031 3467 transversis
1052 3403 1185 3467 eunicus

129 3485 136 3498 '
178 3485 319 3552 hostium
344 3487 509 3554 cuniculos
535 3488 691 3573 excipere,
719 3500 751 3552 et
775 3487 881 3572 palam
908 3489 1045 3554 stolam
1072 3490 1185 3574 coeptis

116 3571 245 3638 obviam
271 3573 335 3649 ire3
365 3573 467 3640 donee
493 3573 600 3659 pudor
624 3575 718 3639 etiam
746 3575 966 3659 Hannibalem
991 3575 1032 3640 ab
1056 3577 1185 3662 incepto
1196 3595 1350 3642 nanninus

115 3658 248 3724 avertite
271 3660 446 3745 castrisque
467 3661 680 3739 communitis,
703 3684 741 3725 ac
767 3662 918 3744 praesidio
943 3663 1070 3728 modico
1092 3661 1338 3749 inposcfb‘utfflin
1419 3728 1422 3733 ,

116 3743 188 3824 sito,
204 3767 247 3810 ne
261 3746 378 3839 omissa
400 3769 449 3812 res
465 3747 634 3826 videretur,
650 3748 684 3813 in
706 3748 841 3814 hiberna
857 3750 1002 3835 Capuam
1021 3752 1184 3818 concessit.
1196 3727 1304 3773 mm·

250 3851 255 3874 l
338 3847 340 3857 Δ
977 3867 978 3874 .

390 3920 405 3949 ²
410 3918 522 3979 parmis·
532 3919 606 3964 Gron.
736 3922 749 3951 ¹
761 3919 786 3966 td
796 3922 842 3968 del.
854 3894 916 3972 aaa

147 4079 181 4129 88
195 4082 238 4130 Ar
251 4081 277 4130 td
292 4082 383 4144 ipsum]
399 4083 553 4130 Admisimua
563 4081 590 4132 el
601 4082 636 4142 a,
701 4087 734 4132 00
750 4085 849 4136 Anteia
859 4090 1019 4145 ullomutm
1030 4091 1116 4142 deerat
1144 4094 1188 4141 Se·

114 4147 180 4205 quod
202 4153 228 4196 et
249 4147 348 4196 ineest.
362 4147 479 4202 Clericus,
499 4149 636 4196 volentibus
668 4153 702 4200 cit
719 4151 890 4218 Romanorum]
909 4154 1019 4204 Placeret
1035 4160 1186 4219 magiarum

114 4213 263 4262 membranis
284 4213 377 4260 noemia
394 4213 519 4270 amnibsu,
537 4221 562 4260 et
581 4215 637 4275 qui·
663 4217 898 4281 Gronovlolegeres
916 4225 959 4267 aut
973 4221 1010 4268 alr
1024 4224 1083 4277 alla,
1095 4228 1188 4270 actm

116 4274 217 4325 lituum
226 4277 356 4324 Gronovii.
419 4309 422 4316 .
473 4295 483 4318 κ
553 4301 568 4310 -⁴
620 4307 622 4310 -
668 4283 747 4328 durat
761 4283 1010 4335 conterraneorum.
1044 4287 1187 4351 Pmpugna-

147 4341 636 4406 89⁸1nrroerampmas10uamettam
668 4349 795 4395 cutm...
1065 4355 1088 4370 '·
1210 4374 1212 4383 =

113 4416 160 4454 non
168 4407 276 4456 beessiti
287 4419 417 4468 erumpere
428 4408 482 4456 ausi
491 4415 579 4454 essent.

1259 4345 1265 4374 l
