3036 4972
406 196 490 259 LlB
519 197 625 259 XXII.
651 197 754 260 CAP.
775 197 890 260 XXVI.
1120 207 1174 262 101

107 383 160 427 nec
173 369 284 446 teram
298 359 375 425 ”ne
388 363 435 426 ito
449 363 567 448 quiden
582 383 676 448 pnns
695 363 873 446 mittendam
890 365 935 428 od
953 366 1321 443 exercitandarum.

106 445 254 525 Foliam,
281 451 374 533 'qinom
396 452 543 514 consulem
571 451 605 514 in
633 451 729 514 mmm
754 451 789 516 0.
816 451 968 516 Flaminii
991 451 1173 538 adfecisset.
1182 447 1213 493 Α·
1223 447 1250 524 ⁰:
1263 445 1320 501 ²¹⁷·

107 534 263 600 Dictator
285 535 492 600 concionibus
506 558 539 600 se
554 535 713 613 abstinuit,
728 534 796 599 ³⁶in
818 537 945 602 actione
965 538 1096 602 minime
1106 511 1310 624 ‘po-{5235

107 620 243 704 palaris.
260 625 308 686 ne*
317 621 351 684 in
367 634 475 686 senatu
491 620 617 708 quidem
632 621 707 686 satis
720 623 818 709 eequis
832 623 963 688 auribus
977 623 1175 706 audiebatur,
1183 641 1248 700 apuu
1258 653 1326 686 senr-

107 720 187 772 tunc
208 719 314 792 quum
337 707 459 772 bostem
474 710 576 772 verbis
597 707 772 789 extolleret,
788 708 971 796 bienniique
991 709 1096 774 clades
1116 709 1245 796 perium·
1306 729 1327 736 ·

108 793 325 858 temeritatem
339 804 434 880 atque
446 793 643 859 inscientiam
656 793 773 860 ducum
786 810 929 879 acceptas
940 793 1086 862 referret:
1109 819 1174 861 ma·

104 881 270 964 gistroqne
283 882 426 962 equarum,
442 882 524 964 quod
536 890 642 945 contra
657 883 768 946 dictum
782 901 866 946 snam
882 893 1060 966 pugnasset,
1074 885 1174 947 ratio·

106 987 173 1030 nem
188 965 317 1030 diceret
329 967 514 1030 reddendam
527 989 598 1032 esse.
642 967 679 1032 Si
685 988 782 1050 penes
794 989 827 1031 se
839 989 952 1032 aemma
967 969 1092 1052 imperii
1103 991 1174 1034 con·

106 1053 237 1135 siliiqne
250 1053 305 1128 sit,
314 1055 495 1134 propediem
548 1062 690 1130 acturam,
705 1063 740 1116 nt
753 1055 853 1117 sciant
867 1055 1010 1131 laminas,
1026 1055 1103 1134 bono
1117 1058 1174 1120 im·

103 1138 255 1221 peratori
276 1139 362 1200 haud
381 1140 488 1224 magni
522 1148 662 1202 manem
676 1143 817 1202 momenti
832 1161 912 1204 esse:
934 1149 1059 1204 mentem
1074 1144 1174 1222 ratio-

108 1245 238 1308 nemque
252 1225 419 1289 dominmi.
463 1225 502 1290 Se
514 1222 542 1268 ⁸⁷
550 1226 583 1288 in
597 1234 731 1306 tempore
741 1234 772 1288 et
784 1227 850 1290 sine
860 1227 1031 1310 ignominia
1042 1239 1176 1292 servasse

110 1311 289 1386 exercitum,
305 1331 395 1396 qream
409 1313 505 1374 multo
515 1311 616 1374 millia
626 1312 755 1392 bostiam
766 1313 908 1376 occidisse
915 1320 937 1390 ³,
953 1312 1094 1396 mojorem
1105 1317 1175 1400 'glo'-

113 1397 191 1460 riam
216 1417 294 1459 esse.
342 1395 446 1482 Hujus
460 1398 592 1482 'generis
615 1395 813 1462 orationibus
841 1395 958 1462 frustra
987 1399 1112 1478 habitis,
1143 1416 1175 1465 et

114 1480 243 1546 consule
258 1492 366 1546 creato
383 1481 433 1546 M.
449 1482 550 1546 Atilio
567 1481 701 1569 Regulo,
717 1491 758 1546 ne
774 1505 910 1566 praesens
927 1483 969 1549 de
988 1485 1061 1570 jure
1075 1487 1175 1572 irnpe-
1185 1495 1222 1544 M·
1235 1495 1325 1542 Aurius

112 1568 150 1630 rii
171 1566 353 1643 dimicaret,
368 1567 471 1651 pridie
513 1590 586 1633 uam
610 1569 782 1655 rogationis
803 1568 941 1636 serendae
955 1570 1022 1660 dics
1043 1572 1174 1655 adesset,
1185 1561 1310 1673 ἔξω

112 1669 208 1718 nocte
222 1653 265 1716 ad
280 1654 464 1731 exercitum,
480 1591 568 1720 abiit.
614 1654 702 1720 Luce
724 1667 803 1736 orta,
825 1678 923 1742 qaum
945 1656 1049 1743 plebis
1070 1662 1176 1725 conci-

113 1739 195 1803 lium
208 1748 302 1820 esset,
316 1741 419 1827 magis
439 1740 534 1805 tacita
552 1740 669 1804 invidia
684 1739 848 1806 dictatoris
861 1741 1013 1830 favorque
1034 1746 1177 1834 magistri

118 1825 258 1910 equitum
273 1825 397 1890 animos
411 1825 566 1904 versabat,
603 1849 676 1890 uam
697 1827 772 1892 satis
797 1827 956 1894 audebant
978 1831 1122 1896 homines
1135 1831 1177 1897 ad

118 1911 327 1988 suadendum,
343 1911 430 2000 quod
449 1912 546 2000 vulgo
564 1849 718 1999 placebat,
734 1913 880 1998 prodire:
903 1927 944 1993 et,
959 1916 986 1956 ³⁸
996 1917 1102 1984 lavore
1124 1943 1177 1983 su-

114 2009 257 2083 perante,
272 1998 444 2062 auctoritas
465 2010 571 2063 tamen
585 1999 743 2085 rogationi
759 1999 875 2066 deerat.
922 2002 1015 2068 Unus
1030 2005 1177 2070 inventus

110 2097 161 2149 'est
174 2105 289 2148 suasor
302 2083 381 2172 legis
397 2083 622 2166 (Is-Terentius
637 2085 752 2161 Varro,
767 2087 823 2172 qui
838 2088 945 2172 priore
958 2111 1043 2153 anno
1058 2103 1212 2176 praetore.
1222 2101 1315 2151 'reurr-

116 2169 230 2248 l‘uerat,
250 2170 324 2235 loco
347 2189 414 2234 non
434 2169 548 2236 humili
569 2171 682 2249 solum,
704 2171 758 2236 sed
784 2171 878 2238 etiam
909 2174 1048 2252 sordido,
1077 2169 1329 2243 ortusptusvarra

116 2268 239 2342 patrem
254 2256 375 2320 lanium
390 2255 484 2342 fuisse
497 2256 616 2334 lerunt,
632 2257 735 2342 ipsum
760 2259 935 2325 institorem
957 2261 1080 2340 mercis,
1096 2263 1178 2328 lilio-

117 2365 176 2430 que
190 2343 255 2406 boc
271 2343 341 2428 ipso
355 2343 389 2406 in
404 2343 528 2408 servilia
543 2344 608 2429 ejus
623 2343 698 2408 artis
713 2344 887 2414 ministeria
900 2369 1004 2412 usum.

157 2427 297 2493 XXVI.
321 2427 353 2492 Is
366 2430 500 2514 juvenis,
517 2429 573 2494 ubi
595 2453 637 2495 ex
659 2453 697 2495 eo
717 2453 834 2519 genere
842 2449 987 2580 ‘quastus
1009 2436 1144 2520 pecunia
1158 2459 1179 2502 a

118 2529 206 2600 patre
220 2515 333 2581 relicta
346 2516 469 2580 animos
483 2515 525 2580 ad
539 2537 627 2601 spem
641 2515 828 2582 liberalioris
854 2537 979 2584 ortunae
993 2519 1077 2599 fecit,
1087 2522 1119 2563 '³⁹
1129 2535 1178 2588 to-

177 2625 220 2666 ue
235 2614 269 2666 ct
282 2600 386 2666 forum
400 2601 559 2685 placuere,
576 2602 802 2686 proclamando
817 2625 878 2688 pro
891 2607 1025 2672 sordidis
1040 2607 1178 2674 bomini·

117 2623 372 2774 lllcaussisque
381 2685 530 2753 adversus
545 2710 612 2753 rem
628 2701 659 2753 et
673 2687 791 2772 famam
807 2691 974 2770 bonorum,
991 2695 1128 2774 primum
1145 2698 1179 2761 in

117 2774 266 2839 notitiam
290 2795 334 2860 po
349 2773 412 2858 uli,
439 2774 555 2840 deinde
578 2774 619 2840 ad
643 2773 780 2840 honores
808 2779 960 2863 pervenit.
983 2779 1180 2867 ¹⁰quaestura

118 2881 246 2948 quoque
267 2872 300 2925 et
346 2863 447 2926 nabus
469 2861 685 2939 aedilitatibus,
705 2860 829 2947 plebeia
843 2878 873 2928 et
888 2865 1002 2942 curuli,
1019 2881 1179 2951 postremo

118 2961 147 3011 et
160 2941 306 3032 praetura
320 2950 517 3031 perfunctus,
527 2949 594 3034 jam
610 2947 650 3012 ad
663 2948 843 3014 consulatus
859 2971 946 3034 spem
962 2967 1060 3038 quum
1076 2955 1178 3020 adtol-

118 3031 193 3097 leret
207 3033 343 3110 animos,
358 3032 445 3098 haud
470 3055 583 3120 parunr
607 3032 721 3098 callide
744 3057 852 3099 auram
876 3037 991 3102 favoris
1018 3041 1180 3127 popularis

118 3140 153 3184 cx
164 3118 335 3189 dictatoria
345 3120 465 3184 invidia
475 3119 577 3206 petiit,
589 3119 719 3208 scitique
733 3120 834 3206 plebis
849 3145 931 3188 unus
946 3127 1080 3212 gratiam
1096 3129 1179 3195 tulit.

476 3295 489 3325 ¹¹
505 3294 560 3344 add
573 3293 654 3342 dasne
664 3296 741 3344 Graii.
752 3297 822 3344 Creu.

124 3450 180 3500 ’35
196 3452 405 3519 Nattaqm'dem]
423 3457 463 3505 Ne
479 3457 514 3506 ita
530 3459 632 3520 quidem
664 3469 762 3510 veretur
786 3467 916 3526 exercitus,
937 3481 987 3514 non
1014 3475 1043 3516 ut
1067 3471 1181 3530 periculis

118 3518 212 3564 decreta
229 3533 267 3579 re,
279 3533 311 3566 ne
328 3528 424 3582 {equata
438 3524 537 3583 quidem
556 3525 632 3572 dicm-
664 3536 804 3588 pugnarunt
815 3527 966 3592 objiceretur.

109 3583 176 3627 'toris
196 3587 223 3628 et
244 3585 356 3646 magistri
383 3588 494 3647 equitum
521 3589 633 3648 imperio.
697 3591 983 3656 SS'Faoorernperante
1000 3600 1127 3648 acarna:
1145 3605 1182 3648 tn-

117 3645 170 3700 Quo
192 3646 305 3706 pluribus
326 3649 393 3697 velut
417 3651 501 3698 fraenis
526 3658 634 3700 caeream
666 3653 730 3718 men]
746 3657 1182 3725 Quamvisfavoressetimmodicua

117 3710 238 3757 infinitam
249 3713 374 3760 aleatoris
391 3717 635 3774 potestatemtribu-
666 3723 778 3780 quamvis
805 3724 914 3772 faverent
940 3726 1049 3787 impense
1071 3739 1096 3776 et
1117 3731 1182 3780 ultra

114 3785 162 3820 nus
172 3788 223 3821 non
238 3778 329 3836 requari
346 3780 419 3826 modo
429 3780 466 3826 illl
476 3782 530 3827 vult
545 3782 635 3841 magis-
667 3787 769 3834 modum
784 3790 904 3849 rogationi
918 3791 1040 3851 homines,
1051 3795 1134 3842 deerat
1144 3801 1182 3844 ta-

117 3843 182 3884 trum
194 3841 317 3900 equitum,
329 3842 372 3888 sed
387 3848 413 3889 et
428 3844 482 3904 cogi
499 3857 557 3892 eum
568 3845 635 3891 suffl·
667 3861 723 3895 men
736 3851 778 3911 qui
789 3865 815 3898 se
825 3860 950 3901 auctorem
969 3869 1141 3920 suasoremque
1159 3862 1182 3910 ai

117 3915 169 3948 sere
188 3905 316 3952 consulem
334 3906 360 3951 in
378 3908 459 3954 locum
471 3907 499 3955 C·
511 3909 634 3964 Flaminii,
667 3915 786 3972 rogationi
797 3919 921 3975 praeberet.

117 3967 158 4026 qui
181 3969 270 4015 Roma·
291 3969 375 4030 prresit
397 3973 458 4018 dum
478 3973 581 4020 dictator
603 3975 634 4020 ad
699 3977 842 4044 39'Taga]
868 3981 965 4046 Vulgus
976 3987 1042 4033 enirn
1062 3993 1088 4034 et
1106 3991 1183 4036 sordi·

119 4032 253 4079 exercitum
265 4033 321 4082 erit.
667 4041 713 4086 dus
724 4043 842 4101 popellus,
854 4059 903 4105 quo
914 4063 944 4096 ex
955 4065 1043 4110 genere
1054 4059 1121 4100 ortus
1131 4061 1183 4101 erat

149 4095 181 4156 36
196 4097 230 4143 In
255 4097 357 4162 actione]
381 4099 411 4146 ln
432 4103 536 4162 agendo,
558 4115 636 4164 quum
668 4103 757 4160 Varro,
769 4107 794 4153 in
806 4111 890 4156 tunica
906 4112 1044 4163 incedebats
1064 4123 1184 4177 logmata

120 4161 194 4207 orado
203 4163 241 4208 illi
252 4163 364 4210 habenda
375 4170 438 4210 esset
449 4166 481 4212 ad
494 4169 621 4227 populum.
668 4182 804 4230 nunquam,
817 4181 859 4220 aut
871 4187 967 4234 perraro
978 4181 1098 4226 utebatur.

152 4223 183 4271 st
199 4227 231 4273 In
262 4227 376 4291 tenpore]
403 4227 568 4291 Tempestive,
594 4233 637 4279 ubi
701 4233 734 4282 to
752 4234 874 4290 Qaoedaro
891 4243 988 4306 qnoque]
1005 4243 1086 4306 Magis
1104 4249 1190 4308 placa,
1272 4271 1274 4276 ¹

112 4289 181 4335 ratio
205 4296 346 4352 temporum
369 4293 405 4339 id'
420 4295 567 4353 postularet:
595 4297 637 4344 ubi
669 4304 886 4364 retquoestnraqne.

124 4365 182 4412 opus
198 4364 270 4404 esset·
281 4370 311 4403 eo
327 4357 422 4405 intendi
441 4372 535 4416 curam,
548 4367 576 4408 ut
590 4373 638 4408 ser·
799 4391 803 4398 ·
964 4373 969 4384 '

713 4437 774 4494 na
