3064 4976
443 205 535 306 ara
549 203 660 263 xxn.
688 205 793 264 aaa
812 207 866 266 vr.
1143 215 1180 282 79

113 370 208 442 nbiin
218 380 453 457 omnespartes
461 369 677 458 nequidquam
688 369 849 456 ³⁴inpetus
857 371 942 458 capti
951 373 1065 450 ¹³,etab
1075 373 1181 438 lateri·
1191 391 1326 440 unam

18 463 19 470 ’
115 461 168 524 bus
182 472 312 526 montes
327 481 366 524 ac
382 458 477 536 lacus,
493 480 513 520 a
526 455 674 522 fronteet
688 458 837 545 sbtergo
850 457 988 524 hostium
1004 457 1221 526 messian-b
1232 457 1260 504 ⁰·
1271 457 1328 506 ³¹⁷·

19 563 20 568 ’
113 545 217 622 debat,
234 544 460 631 adparuitque,
476 543 608 621 nullam,
631 543 692 608 nisi
712 544 752 608 in.
766 544 880 610 dextra
899 543 1062 632 ferroque,
1071 548 1183 612 salutis

114 652 202 716 spem
218 655 304 707 esse;
326 631 353 670 ³⁵
364 646 433 696 tum
447 629 506 695 sibi
528 631 662 780 quisque
674 630 744 696 dux
761 631 1012 718 adhortatorque
1027 631 1126 720 lactus
1141 635 1183 701 ad

114 741 179 782 rem
255 719 399 792 rendam,
429 731 461 782 et
488 739 572 782 nova
623 739 641 780 e
670 719 795 806 integro
830 739 940 804 pugna
975 735 1089 786 exorta
1118 737 1181 798 est3

114 827 176 868 non
191 805 216 870 il
263 804 290 844 ³⁶
299 805 446 870 ordinata
460 825 518 888 per
532 804 692 889 principes
706 804 909 892 hastatosque
923 827 961 870 ac
975 808 1111 885 triarios,
1123 829 1183 873 nec

114 906 147 956 ut
160 891 189 958 ³³
197 913 261 978 pro
276 892 375 980 signis
390 889 615 977 antesignani¹,
653 903 704 954 ost
719 891 810 978 signa
825 893 887 956 alia
902 909 1060 979 pugnaret
1075 896 1182 974 acier3

114 977 229 1044 88ιιεεοΙι
245 992 281 1046 ut
302 983 416 1044 insua
436 977 562 1064 legione
583 913 684 1059 milis,
699 993 755 1041 aut
777 977 918 1056 cohorte,
941 993 997 1043 aut
1018 981 1184 1066 manipulo

113 1079 204 1130 esset.
253 1065 333 1130 Fors
347 1063 529 1151 conglobat,
545 1078 576 1127 et
590 1063 713 1128 animus
725 1087 800 1129 suus
813 1069 928 1151 cuique
939 1078 1012 1132 ante
1026 1067 1097 1133 aut¹
1111 1080 1185 1153 post

114 1152 282 1240 pugnandi
307 1151 453 1217 ordinem
477 1150 591 1216 dabat:
614 1161 782 1238 tantusque
804 1151 864 1216 fuit
889 1153 986 1216 ardor
1007 1175 1180 1235 armorum,

116 1239 195 1304 adeo
221 1239 364 1305 intentus
388 1260 506 1326 pugnae
531 1237 666 1315 animus,
693 1249 729 1302 ut
753 1259 827 1302 eum
849 1254 970 1303 motum
997 1254 1101 1320 terrae,
1124 1243 1271 1327 quinem
1281 1269 1334 1302 mo·

115 1325 286 1392 multarum
309 1325 437 1390 urbium
460 1323 562 1390 Italiae
584 1345 716 1411 magnas
737 1337 842 1409 partes
863 1327 1040 1410 prostravit,
1055 1325 1243 1393 ³9aver-‘¹¹¹¹‘
1255 1333 1329 1366 ”²¹⁰⁰

116 1414 213 1500 titque
228 1433 328 1479 cursu
340 1411 453 1495 rapido
467 1433 587 1491 amam,
598 1431 687 1476 mare
707 1411 891 1476 fluminibus
910 1414 1038 1491 invexit,
1054 1430 1179 1482 montes
1188 1398 1347 1500 l'ssffiffl,

114 1499 201 1584 lapsu
218 1499 251 1562 in
278 1499 342 1564 enti
358 1499 493 1583 proruit,
509 1519 605 1562 nemo
618 1497 830 1584 pugnantium
847 1499 986 1567 senserit.

154 1586 212 1652 VI.
272 1607 321 1650 res
342 1584 442 1650 ferme
454 1583 550 1656 horas
570 1600 749 1671 pugnaturn
765 1599 820 1662 est,
837 1599 868 1650 et
889 1586 1007 1672 ubique
1022 1589 1180 1655 atrociter.

114 1672 199 1736 circa
211 1671 376 1738 consulem
393 1683 499 1736 tamen
521 1671 625 1736 acrior
648 1669 852 1758 infestiorque
870 1693 978 1766 pugna
993 1687 1049 1738 est.
1095 1673 1180 1739 Eum

114 1769 148 1824 et
165 1759 280 1824 robora
295 1759 436 1823 virorum
458 1757 680 1843 sequebantur,
694 1770 725 1821 et
739 1759 817 1843 ipre,
833 1781 1029 1846 quacumque
1043 1761 1076 1822 in
1092 1775 1183 1846 parte

115 1845 221 1930 premi
236 1866 270 1910 ac
284 1844 432 1910 laborare
446 1857 585 1909 senserat
606 1866 689 1921 suns,
704 1846 829 1930 inpigre
851 1843 971 1911 ferebat
993 1867 1085 1931 opem
1099 1872 1108 1924 3
1132 1849 1182 1912 in·

113 1931 301 2018 signemque
321 1931 418 1996 armis
432 1945 464 1996 et
481 1929 587 1995 hostes
601 1951 725 1994 summa
745 1932 775 1992 vi
791 1932 949 2016 petebant,
965 1947 997 1997 et
1011 1935 1183 2000 tuebantur

113 2019 212 2084 cives:
237 2017 344 2086 donec
358 2017 528 2084 ⁴⁰Insuber
554 2039 648 2103 eques
674 2017 833 2101 (Ducario
859 2039 975 2084 nomen
998 2022 1079 2102 eret)
1102 2019 1183 2086 facie

111 2127 240 2192 quoque
266 2106 438 2181 noscitans,
466 2105 588 2181 Cessat,
609 2126 657 2180 en,
683 2104 797 2188 inquit,
821 2105 869 2168 hic
891 2115 945 2183 est,
973 2107 1181 2191 popularibus

111 2193 174 2258 suis
182 2217 193 2269 3
217 2194 275 2276 qai
295 2193 430 2276 legiones
443 2200 564 2256 nostras
577 2192 696 2266 cecidit,
712 2213 861 2275 agrosque
875 2203 905 2255 et
915 2193 1016 2256 arbem
1031 2203 1076 2256 est
1090 2196 1181 2276 depo·
1191 2213 1260 2260 Mors
1273 2201 1328 2264 ita.

106 2283 248 2362 matus.
275 2279 367 2350 ,Jorn
382 2299 438 2361 ego
451 2279 531 2341 Isaac
548 2278 701 2342 victimam
722 2279 861 2342 manibus
875 2289 1079 2362 peremtorttm
1089 2279 1268 2366 scindemini·

111 2369 222 2430 rivium
249 2365 351 2436 dabo.-
374 2363 571 2450 subditisque
594 2361 774 2428 calcaribus.
793 2385 886 2449 equo,
909 2385 967 2449 per
990 2363 1182 2431 confertissi-
1271 2399 1274 2404 ¹

111 2475 194 2516 marn
211 2451 355 2516 hostium
378 2453 505 2515 turbam
527 2449 672 2534 inpetum
694 2450 789 2514 iacit:
816 2451 1070 2538 obtruncatoque
1092 2454 1182 2539 prius

112 2539 191 2604 armi
215 2561 286 2615 ero,
304 2540 359 2624 qui
382 2561 415 2602 se
437 2535 552 2603 infesto
569 2536 708 2600 venienti
731 2536 855 2602 obvium
882 2537 1053 2624 objecerat,
1065 2561 1181 2605 consu-

112 2625 172 2690 lem
191 2563 516 2700 ianceatransfixit,
547 2622 684 2708 spoliare
710 2623 890 2708 cupientem
920 2626 1021 2689 triarii
1051 2626 1181 2715 objectis

112 2713 206 2778 scutis
221 2721 378 2779 arcuere.⁴
413 2709 544 2794 Magnae
559 2709 656 2796 partis
669 2708 746 2797 fuga
760 2709 835 2774 inde
849 2713 989 2795 primum
1008 2715 1125 2799 coepit:
1150 2723 1297 2786 etrugiunt

107 2800 171 2884 jorn
194 2820 257 2864 nec
273 2795 370 2876 lacus
388 2817 451 2862 nec⁴
460 2811 584 2862 montes
598 2795 765 2861 obstabant
778 2799 897 2882 pavori.
920 2820 976 2883 per
990 2803 1098 2864 omnia
1113 2789 1304 2866 srtsR⁰¹¹²⁸¹¹l

113 2931 315 3066 GissaegiGrori.
413 2941 598 3014 ianastgsrism
609 2951 764 3000 Groncrev.
863 2949 929 3000 l‘aec
940 2955 987 3001 del.
1000 2955 1076 3005 Gron.
1142 2952 1181 3004 let

134 3033 184 3066 ron.
218 3033 270 3066 rev.

141 3147 629 3215 strapaaaapa]sret.11.c.cs
663 3154 747 3210 torque,
763 3167 790 3200 ar
813 3150 930 3214 Triarius]
953 3153 992 3200 lta
1012 3153 1132 3211 ordinata,
1152 3158 1180 3200 ut
1218 3184 1220 3188 .

112 3218 372 3278 mrsueimpetwrapto
387 3218 517 3262 mitantur.
550 3215 631 3274 Vulgo
663 3216 764 3264 seorsim
791 3217 923 3276 Principes,
946 3217 1047 3264 seorsim
1070 3218 1180 3274 Hastati,

103 3281 174 3342 sorti.
210 3283 261 3328 Sed
273 3281 330 3329 l’ut.
343 3283 419 3327 codex
430 3281 502 3326 babet
510 3281 632 3340 quomodo
663 3279 708 3327 &a
720 3289 863 3342 pugnarent.
881 3281 938 3328 Non
950 3282 1015 3328 enim
1030 3283 1084 3328 haec
1095 3283 1129 3327 ita
1141 3295 1181 3328 ac·

110 3347 243 3396 edidimus.
276 3346 372 3394 Tamen
386 3358 458 3405 supra
469 3345 574 3405 primam
589 3345 630 3389 lit·
662 3345 772 3404 cipienda
791 3351 858 3404 sunt,
878 3347 947 3405 quasi
965 3345 1048 3392 Livius
1067 3347 1179 3392 ordinem

110 3417 188 3458 teram
197 3403 274 3458 'vocis
288 3411 353 3477 copti
362 3410 523 3470 superscripta
537 3415 574 3456 est
589 3409 630 3454 lit·
662 3409 749 3458 borum
762 3413 826 3458 inter
840 3425 865 3462 ee
874 3423 1005 3471 corporum
1022 3416 1179 3469 representa-

109 3481 160 3522 tere
170 3476 200 3539 f,
216 3489 294 3535 supra
309 3473 417 3532 tertiam
431 3490 462 3523 ce
484 3480 557 3533 atque
573 3474 630 3520 inde
661 3489 688 3524 re
710 3477 834 3533 voluisset,
849 3486 927 3535 qunm
949 3481 1043 3521 constet
1062 3475 1179 3521 Hastatos

108 3549 246 3602 propagata
256 3546 295 3586 est
305 3553 334 3586 ea
351 3541 424 3586 lectio
440 3554 496 3600 quae
513 3540 630 3585 hactenus
661 3543 687 3588 in
698 3543 778 3588 fronte
788 3541 871 3586 solitos
882 3541 965 3594 locari,
982 3539 1069 3592 deinde
1086 3538 1179 3585 Princi-

108 3606 187 3652 editos
199 3605 337 3665 occupavit.
354 3606 408 3651 Pnt.
419 3605 481 3651 libro
491 3601 628 3650 assentiun·
660 3619 712 3666 pes,
724 3612 846 3666 postremo
856 3605 968 3652 Triarios.
1003 3604 1057 3648 Vid.
1067 3601 1142 3649 VIII.
1154 3601 1178 3648 8.
1205 3635 1208 3644 .

107 3676 148 3716 tur
159 3670 241 3718 etalii
254 3669 338 3730 scripti
348 3669 444 3730 optimi,
461 3675 522 3715 teste
536 3667 629 3712 Grono-
692 3669 725 3718 37
742 3669 794 3715 Pro
816 3671 893 3727 signis
911 3668 1093 3779 antesssnnaaq
1117 3665 1176 3724 Vid.

109 3735 213 3797 vimqui
224 3740 316 3796 praeter
328 3735 515 3793 idexemplum.
527 3731 627 3793 quodin
661 3741 711 3782 not.
724 3735 763 3782 lt.
775 3735 806 3780 ed
818 3734 852 3780 11.
862 3735 902 3782 20.
911 3741 936 3780 et
947 3741 998 3780 not.
1009 3731 1075 3781 aba
1104 3731 1182 3792 vm,

108 3799 179 3848 initio
187 3797 265 3863 hujus
273 3805 340 3849 notes
349 3798 518 3859 allegavimus,
526 3804 551 3843 et
561 3796 629 3842 aliud
660 3801 684 3848 8.
700 3799 755 3846 vid.
764 3805 789 3845 et
800 3799 871 3846 v111.
885 3798 924 3848 11.
1018 3863 1024 3874 .
1191 3857 1195 3872 ι

109 3860 630 3994 ἓὝἪὲᾍἫλὲἶῗίοῑὲΐῖᾱ
660 3863 1177 3982 ..isltt‘nt'litttlllatt
1263 3901 1269 3906 ’

110 3996 439 4057 mmadamaaptieraeat.
572 3999 575 4004 “
622 4045 626 4050 ,
660 4001 744 4042 tenent
755 3992 839 4052 scripti
848 4000 874 4040 et
884 4001 944 4040 vett.
952 3993 1034 4041 editi·

141 4059 176 4108 83
194 4060 259 4108 Tum
269 4061 316 4108 eibi
329 4061 426 4122 quisque
441 4053 629 4122 deamata]
692 4059 724 4108 89
740 4058 880 4120 Avertitque
896 4072 966 4105 curra
983 4060 1066 4120 rapido
1084 4055 1176 4119 amnes]

112 4122 158 4172 nn
172 4133 259 4174 eontra
274 4127 302 4172 in
314 4125 373 4174 Pnt.
389 4123 481 4184 legitur
489 4123 584 4185 fictur.-
604 4132 629 4171 et
661 4126 811 4182 Putcodex,
821 4123 922 4186 rapidae.

112 4187 145 4234 sic
156 4191 255 4239 Livium
266 4191 393 4252 scripsisse
406 4189 589 4244 crediderimus,
599 4201 629 4236 ne
693 4191 726 4237 to
733 4189 851 4236 'Insuber
868 4189 947 4254 eques]
964 4189 1088 4236 Adversus
1105 4189 1177 4235 Insu-

111 4251 172 4306 itltm
184 4259 286 4304 verbum
301 4255 393 4304 tamin
406 4254 541 4315 propinquo
558 4256 631 4300 itera·
661 4259 715 4303 bres
726 4255 809 4303 Gallos
817 4253 843 4300 in
854 4255 933 4316 priore
943 4254 1070 4301 consulatu
1087 4252 1179 4301 Flami·
1192 4276 1195 4287 ·

112 4325 167 4370 Νι.
282 4355 284 4362 ι
359 4373 367 4392 ,
532 4333 535 4340 ’
569 4327 573 4335 ’
661 4322 716 4369 nius
727 4320 818 4367 bellum
828 4326 942 4381 gesserat.

141 4383 172 4432 illi
189 4386 303 4436 Ordinato
323 4395 368 4450 per
388 4383 525 4445 Prittdvttr
539 4383 628 4434 Hasta·
956 4383 959 4394 ’
