3060 4960
442 185 672 276 crn‘xxrx.
700 181 802 246 cae.
822 151 888 248 izv.
1138 188 1194 246 ns

131 367 219 425 meas
242 351 418 438 opiniones,
442 351 651 439 conjectando
676 373 743 416 rem
769 359 923 414 vetustate
947 349 1105 427 obrutam,
1127 363 1336 416 nonucses.

131 441 340 523 interponam.
387 440 423 506 P.
440 439 608 506 Cornelius
634 461 707 504 cum
728 435 885 502 omnibus⁴
900 435 1192 512 matronisosttam
1202 435 1232 482 d·
1243 433 1269 480 ⁰·
1282 435 1336 482 ²0⁴⁸

131 525 186 596 ire¹
195 527 300 610 jussus
321 524 447 590 obviam
468 527 559 604 Deae,
579 526 668 612 isque
687 546 757 590 eam
777 523 818 588 de
838 545 917 588 nave
938 525 1090 608 accipere,
1106 537 1138 587 et
1159 523 1193 587 in

131 623 250 676 terrem
279 611 392 678 elatam
427 611 553 680 tradere
585 610 745 676 ferendam
775 607 934 676 matronis.
981 611 1005 654 ⁷¹
1018 609 1192 696 Postquam

131 697 222 762 nevis
243 697 283 764 ed
310 698 425 764 ostium
450 698 552 764 amnis
574 697 721 764 Tiberini
749 695 877 760 accessit
885 711 907 773 ⁰,
929 697 1009 761 sicut
1034 709 1102 762 erat
1125 697 1193 782 jus-

117 787 196 860 sus,
214 784 245 846 in
267 783 367 851 salum
389 783 469 850 nave
489 799 624 864 evectus,
640 788 679 849 ab
699 782 913 848 sacerdotibus
935 783 1037 846 Deam
1060 783 1194 867 accepit,

131 869 313 956 extulitque
341 872 374 935 iu
403 883 525 936 terrum.
571 870 733 936 Matronae
761 869 916 954 primores
945 869 1091 950 civitatis,
1111 869 1194 934 inter

132 979 213 1038 quas
236 956 328 1020 unius
351 957 497 1022 Claudiae
516 956 647 1034 Quintae
668 957 793 1044 insigne
814 968 862 1019 est
882 975 1008 1033 nomen,
1025 971 1312 1042 acceperezcnuun.

129 1038 333 1128 ⁷²cuidubiu
348 1049 397 1128 (ut
418 1043 567 1126 traditur)
582 1055 675 1110 antea
696 1042 780 1108 sama
801 1041 966 1106 clariorem
989 1042 1031 1108 ed
1051 1056 1194 1127 posteros
1320 1065 1323 1074 ⁴

130 1142 200 1194 tem
215 1129 364 1216 religioso
383 1130 557 1196 ministerio
578 1128 762 1215 pudicitiam
783 1127 868 1192 fecit.
912 1127 970 1192 Eae
993 1151 1049 1212 per
1071 1151 1193 1204 manus,

132 1214 338 1281 succedentes
352 1216 502 1301 deinceps
517 1215 588 1280 aliae
603 1216 682 1297 aliis,
698 1216 787 1280 omni
804 1213 903 1278 effusa
917 1214 1042 1279 civitate
1055 1213 1194 1295 obviam,

132 1300 305 1366 thuribulis
326 1315 399 1368 ante
415 1303 528 1391 jannes
548 1301 670 1386 positis,
685 1325 748 1388 qun
770 1299 1006 1385 preferebatur,
1027 1315 1121 1388 etque
1142 1324 1195 1366 ac*

134 1402 251 1450 censui
279 1387 383 1469 thure,
411 1371 634 1474 proeconnesi
656 1400 689 1452 ut
719 1387 825 1452 rolens
855 1387 1054 1487 propitiaque
1084 1388 1193 1452 urbem

135 1472 315 1538 Romanam
342 1475 445 1548 iniret,
469 1475 500 1538 in
526 1475 626 1538 aedem
649 1473 810 1550 Victoriae,
833 1494 905 1559 quae
931 1486 978 1538 est
1000 1496 1034 1537 rn
1060 1474 1194 1552 Palatio,

132 1559 292 1646 pertulere
306 1559 411 1626 Deam
426 1560 454 1604 ⁷⁶
461 1560 564 1645 pridie
579 1560 657 1626 Idus
671 1559 809 1645 Aprilis3
832 1559 921 1646 isqu'e
935 1560 1000 1624 dies
1015 1559 1112 1624 festus
1126 1561 1194 1626 fuit.

131 1645 271 1731 populns
299 1644 445 1731 frequens
470 1648 553 1713 dona
570 1647 661 1712 'Deae
688 1645 721 1710 in
750 1645 906 1712 Palatium
937 1646 1018 1724 tulit,
1045 1646 1195 1712 lectister-
1298 1713 1302 1718 ,

133 1732 224 1796 nium
271 1755 288 1795 e
302 1747 333 1798 et
347 1732 414 1797 ludi
429 1733 526 1810 luere,
541 1732 566 1777 ⁷⁴
576 1732 750 1818 Megalesia
764 1731 930 1816 adpellata.
1206 1741 1346 1802 Megalesia.

180 1817 216 1882 X
249 1865 258 1884 .
282 1819 392 1896 Quum
407 1817 448 1886 de
462 1819 683 1905 supplemento
696 1818 869 1908 legionum,
884 1842 957 1906 quae
977 1821 1011 1884 in
1027 1822 1198 1904 provinciis

133 1916 238 1982 erant,
251 1917 415 1992 ageretur3
431 1917 628 1989 temptarent,
642 1904 893 1992 i⁵s.quibusdam
908 1907 1107 1971 senatoribus
1122 1909 1198 1973 sub·

119 1989 121 1994 ’
128 1991 251 2084 jectupr
267 2003 324 2068 est,
340 2013 408 2076 qnce
424 1993 525 2058 dubiis
548 1995 581 2056 in
598 1992 685 2056 rebus
702 2001 858 2074 uineaeque
874 1995 1007 2056 tolerata
1026 2003 1133 2071 essent,
1150 2017 1197 2071 ea,

133 2079 235 2142 demto
245 2077 317 2162 jem
338 2077 461 2142 iendem
475 2079 576 2142 Derim
598 2079 788 2162 benignitate
808 2088 897 2155 metu,
921 2099 982 2142 non
1010 2083 1096 2144 ultra
1112 2084 1198 2163 peti.

135 2162 260 2228 Erectis
282 2164 516 2248 exspectatione
535 2163 694 2240 Patribus,
717 2163 933 2249 subjecerunt:
955 2167 1091 2232 colonias
1108 2169 1199 2231 Iati-

132 2269 192 2314 ruzs
203 2251 367 2326 duedecim,
384 2271 452 2336 quie
468 2249 508 2326 Q,
523 2231 623 2319 Fabio
645 2261 674 2314 et
698 2252 737 2326 Q.
753 2252 865 2314 Fulvio
886 2252 1055 2326 concordibus
1075 2253 1199 2319 abnuis·

133 2344 203 2400 seni
216 2337 327 2403 milites
337 2339 424 2414 dare,
436 2359 488 2401 eas
503 2357 615 2402 annum
636 2335 690 2400 'am
691 2338 798 2421 ferme
810 2347 924 2402 sentum
939 2340 1126 2404 necationem
1140 2342 1199 2404 rni-

133 2421 226 2502 litiae,
242 2425 332 2506 quasi
352 2423 476 2488 bonnis
489 2433 520 2487 et
533 2361 670 2507 impii&
682 2443 799 2500 caussa,
815 2423 943 2488 babere.-
966 2435 1054 2508 quum
1076 2427 1200 2490 inter-im

134 2507 211 2572 boni
223 2507 450 2592 obedientesque
462 2511 549 2587 socii,
564 2507 651 2591 ⁷⁶pro
658 2511 732 2592 Jide
745 2519 837 2594 atque
850 2510 990 2594 obsequio
1003 2513 1038 2576 in
1051 2513 1200 2597 mum

134 2594 334 2672 Romanum,
350 2595 504 2660 continuis
517 2596 648 2666 omniurn
660 2617 810 2674 anamiim
825 2597 987 2662 deiectibus
1001 2599 1143 2666 exhausti
1156 2622 1201 2664 es-

132 2689 213 2746 sent.
259 2680 326 2745 Sub
341 2678 423 2746 hanc
438 2703 548 2746 vocem
569 2703 634 2744 non
657 2681 808 2746 memoria
830 2682 930 2770 nangis
946 2683 1095 2749 Patribus
1108 2691 1201 2751 renoss

134 2777 209 2830 vata
223 2766 268 2830 rei
285 2788 386 2851 prope
403 2767 469 2851 jam
486 2767 673 2844 obliteratis,
689 2789 783 2853 quam
798 2768 847 2834 irs
868 2769 988 2835 irritata
1002 2783 1060 2836 est.
1082 2771 1200 2858 itaque,

132 2847 250 2916 unffi
272 2853 360 2938 prins
375 2852 490 2918 referre
511 2853 655 2918 consules
677 2854 770 2938 passi,
786 2854 1002 2934 decreverunt,
1018 2868 1052 2922 et
1068 2862 1234 2984 somniesls.
1248 2874 1316 2951 §.ue
1327 2887 1368 2941 9⁰·

1218 2953 1280 2986 onus
1291 2951 1348 2999 quae

167 3005 182 3036 ⁰
190 3008 318 3054 mereret
327 3009 401 3054 Gr'on.
499 2978 612 3056 iineenro
623 3009 697 3057 Gron.
711 3009 780 3057 Creu.
878 3012 929 3058 tin
940 3013 1054 3074 populum
1067 3012 1201 3064 Rornannm
1209 3005 1299 3050 milli&
1309 3018 1358 3050 ‘¹⁰¹²

133 3067 151 3116 l·
166 3069 375 3146 imperiiliemeni
385 3071 460 3122 (iton.
1209 3070 1333 3116 dederant·
1360 3115 1363 3123 ,

169 3212 198 3260 'il
217 3211 345 3278 Postquam
367 3217 437 3264 renis
458 3250 484 3267 ..
497 3250 523 3264 ..
546 3217 651 3285 aceedit]
686 3223 808 3272 nectere
819 3223 846 3270 Ρ.
859 3225 985 3273 Manutius
1001 3226 1202 3288 innotissdlip.
1256 3219 1260 3226 ’

135 3275 178 3324 Sic
198 3291 283 3326 omnes
304 3283 398 3342 scripti,
421 3288 476 3330 tum
496 3285 653 3342 Gronovieni,
687 3287 752 3344 11.,t
766 3288 985 3338 increratam.

134 3348 191 3389 tum
202 3345 287 3392 nostri.
320 3345 543 3407 Vulgoaceeesiseei.
719 3351 750 3398 ii
766 3351 898 3414 Megalesia
917 3353 1043 3417 appellata]
1063 3353 1086 3400 A
1104 3354 1203 3402 nomine

170 3405 201 3455 it
219 3407 267 3456 Cri
287 3409 356 3456 dulia
370 3440 455 3460 ·····
461 3417 474 3457 ‘·
489 3417 555 3462 enisu
569 3414 652 3477 sarno]
687 3413 784 3474 Magnes
796 3417 882 3464 Matris
893 3417 975 3465 deum·
1218 3449 1221 3454 -

133 3469 174 3516 De
192 3485 222 3518 ss
240 3475 342 3521 muliere
361 3475 396 3524 sic
415 3476 487 3524 habet
508 3477 607 3526 sueton.
625 3480 653 3528 iu
718 3479 801 3528 ‘li'A
823 3481 958 3542 quibusdam
984 3483 1127 3530 mesraim
1151 3482 1203 3528 ηιὺ-
1228 3535 1232 3538 ,

133 3534 257 3584 ΤιῚ).ο.2.
281 3538 399 3586 Clarrdia.
412 3571 419 3586 .
432 3553 530 3588 .neoem
546 3544 599 3589 curri
613 3558 651 3589 rr·
677 3545 767 3606 jeetrnn
784 3545 831 3610 est]
856 3545 962 3600 Quidam
979 3555 1100 3594 senatores
1116 3559 1203 3594 monu-

133 3600 184 3646 ers's
201 3599 294 3648 Matris
318 3601 386 3650 ierim
406 3604 480 3650 Iriaeae
497 3605 652 3654 'omnuim
683 3615 764 3654 erunt.

137 3661 246 3712 Tiberino
261 3665 319 3712 vodo
332 3670 554 3730 rarissimorum
566 3686 653 3733 propa-
717 3674 747 3720 76
764 3674 816 3722 Ρνο
833 3675 883 3737 fide
904 3679 971 3736 atque
992 3677 1096 3738 obsequio
1117 3677 1142 3720 in
1159 3689 1204 3736 po-

133 3727 193 3784 ium,
210 3733 238 3776 art
255 3730 291 3777 ita
306 3729 398 3780 deseram
413 3737 553 3794 uqueretm.
568 3738 590 3783 ri
607 3736 653 3784 rili
678 3739 764 3798 patrm
791 3739 936 3804 Raraunum]
965 3743 1038 3790 liene
1065 3743 1205 3798 lectionem,

128 3789 249 3853 pudiciiia
269 3799 391 3843 cumiani.
425 3800 487 3844 Rem
512 3797 591 3849 fusius
611 3802 652 3847 ds·
684 3813 740 3860 quae
751 3806 834 3862 procul
845 3807 920 3853 dubio
931 3806 995 3854 Livii
1012 3813 1057 3862 est,
1069 3805 1205 3864 recepimus

132 3857 217 3904 scribit
227 3857 300 3904 Orid.
312 3859 355 3906 1v.
368 3859 435 3910 Fast.
683 3875 714 3911 ex
727 3866 782 3914 Put.
793 3870 884 3924 codice,
895 3871 937 3931 qui
952 3873 1025 3918 habet
1037 3874 1062 3918 in
1073 3887 1097 3932 p.
1110 3870 1142 3916 R.
1156 3883 1211 3916 non-

167 3921 200 3968 tc
215 3921 300 3969 Pridie
318 3923 376 3970 Idrer
394 3925 501 3987 Aprilis:
520 3927 584 3988 isque
605 3927 653 3976 dier
684 3928 780 3990 inperii,
800 3937 922 3994 quomodo
942 3936 1084 3992 Salmasius,
1102 3933 1122 3981 si
1142 3935 1203 3980 Gro-

120 3985 204 4049 sutus
215 3984 282 4049 seit]
303 3987 385 4036 Ludos
399 3996 482 4038 tamen
499 3991 651 4053 Megalenses
684 3996 756 4042 novio
774 3999 905 4057 credimus,
924 4007 1056 4048 nonnoni.
1091 4001 1124 4048 Et
1143 3993 1208 4045 nilu-v

131 4049 200 4096 Festi
218 4050 313 4098 dierum
335 4055 428 4114 antiqui
447 4057 614 4104 demonstrant
635 4069 651 4102 e
682 4057 745 4104 dunt
760 4063 845 4108 eodem
861 4066 935 4110 ceteri
951 4079 1036 4112 omnes
1051 4066 1143 4113 nostris
1159 4077 1211 4112 nec.

130 4115 209 4174 pridie
220 4111 304 4162 Nonas
316 4119 408 4177 Aprilis
424 4121 455 4166 ed
467 4119 499 4165 V·
514 4122 573 4168 Idus
588 4121 648 4168 nus·
682 4121 747 4170 ullus
768 4127 866 4172 exhibet
893 4131 988 4188 imperis·
1011 4129 1124 4185 Rotnani,
1148 4127 1204 4189 'quae

132 4192 169 4254 sp.
194 4179 337 4254 ⁸linqueret
350 4182 368 4228 ii
384 4183 651 4244 tudtpnmocelebra·
683 4197 758 4243 prave
777 4196 803 4236 et
821 4192 921 4238 omniuo
940 4207 955 4238 e
973 4194 1105 4241 Latinitate
1124 4196 1205 4241 cliens

131 4249 151 4288 tr
164 4243 240 4302 pridie
252 4244 311 4316 idus
322 4247 423 4307 Aprilis,
435 4249 460 4294 in
477 4251 556 4310 pridie
567 4251 652 4297 Nonus
683 4250 803 4310 scriptura
814 4255 891 4301 edinen
902 4257 1019 4306 haetenus
1029 4259 1142 4309 ioedabet.

131 4312 217 4384 postea
233 4309 316 4370 rejecti
333 4317 408 4359 sunt:
426 4313 464 4359 vel
482 4315 522 4361 hie
539 4327 583 4374 pro
599 4313 651 4374 pri·
717 4314 851 4366 ii'Nilrii
864 4320 1029 4384 prius'reserre
1038 4323 1203 4382 ronsukrpar·

130 4371 172 4418 dre
184 4369 253 4430 Idm,
265 4373 396 4433 legendum
415 4386 452 4423 est
468 4379 547 4438 pridie
558 4379 651 4444 Nonas·
683 4378 718 4442 rr]
735 4381 810 4509 Nupta
820 4386 851 4431 de
862 4399 888 4432 re
903 4386 970 4445 prius
980 4385 1075 4434 consuli
1089 4395 1202 4434 senatum
