3064 4976
313 211 349 266 rs
710 185 988 265 rir1u1vn
1073 201 1075 220 ²
1149 229 1151 240 ι

309 389 410 457 usque
423 368 551 522 imperii
561 376 640 439 esset
656 369 759 434 amnis
774 369 898 448 Iberus,
911 370 1159 460 Saguntinisque
1169 369 1282 440 mediis
1292 371 1375 438 inter

309 455 445 544 imperia
483 477 597 524 uorum
616 455 811 543 populorum
826 456 955 524 libertas
969 469 1158 524 servaretur.

353 543 482 619 111.,1n
510 542 726 610 Hasdrubalis
750 539 858 610 locum
883 543 970 610 baud
998 540 1101 610 dubia'
1119 567 1170 610 res
1198 544 1269 625 fuit,
1295 546 1374 633 quin

149 623 296 738 ffllffii
308 627 592 718 ²’praerogatiuam
606 630 865 718 militaremque
886 632 1048 718 extemplo
1064 633 1189 720 juvenis
1209 631 1375 698 Hannibal
1425 701 1433 706 ,

176 703 208 737 ⁸¹¹
308 717 343 782 in
357 717 545 804 praetorium
558 716 692 796 delatus,
706 717 942 805 imperatorque
957 721 1079 807 ingenti
1094 720 1237 784 omnium
1255 719 1375 784 clamo-

309 827 345 870 re
359 817 391 870 at
414 826 455 871 ue
464 803 603 870 &sensu
616 803 795 889 adpellatus
810 819 887 881 erat,
899 804 989 871 favor
1003 807 1098 871 etiarn
1109 806 1211 893 plebis
1226 828 1374 894 sequere·

309 903 372 957 tur.
435 911 499 957 unc
513 891 539 931 ¹³
550 891 678 956 vixdum
690 891 842 976 puberem
855 892 1041 958 Hasdrubal
1054 893 1155 960 literis
1169 893 1210 958 ad
1225 915 1258 959 se
1272 916 1375 959 arces·

310 978 422 1044 eieratt
445 991 578 1066 actaque
591 999 642 1043 res
656 977 751 1044 etiam
773 979 807 1042 in
822 992 933 1044 senatu
953 978 1067 1057 fuerat,
1084 981 1230 1046 Barcinis
1244 981 1375 1064 nitenti·

308 1065 379 1144 bus,
405 1079 442 1130 ut
466 1065 666 1131 adsuesceret
692 1065 815 1130 militia
842 1065 1020 1144 Hannibal,
1045 1079 1141 1154 atque
1165 1069 1197 1131 in
1224 1080 1373 1152 paternas

309 1151 335 1190 ¹⁴
343 1151 526 1218 succederet
549 1173 635 1238 opes,
681 1151 813 1230 Hanno,
832 1152 960 1218 alterius
981 1154 1132 1226 factionis
1151 1155 1311 1239 princeps,
1327 1157 1373 1220 El

311 1260 426 1324 mmm
446 1241 607 1324 postulare
632 1240 763 1316 nidcim,
779 1237 894 1327 inquit,
911 1240 1095 1306 Hasdrubal
1102 1276 1115 1316 ‚·
1140 1251 1169 1306 et
1194 1263 1249 1326 rgo
1272 1251 1375 1306 tamen

309 1348 372 1390 non
382 1347 496 1405 censeo,
512 1329 595 1411 qaod
602 1327 696 1409 petit,
711 1327 912 1396 tribuendam.
958 1327 1067 1404 Quum
1084 1327 1292 1393 admiratione
1306 1339 1373 1393 tani

310 1412 457 1498 ancipitis
472 1415 637 1478 sententioe
657 1412 692 1476 iu
714 1435 747 1478 ee
764 1433 874 1478 omnes
888 1416 1106 1497 convertisset,
1122 1417 1246 1484 maen
1259 1416 1373 1496 atalia

309 1500 424 1586 inquit,
451 1498 645 1576 Hasdrubal,
669 1521 755 1584 quan
781 1503 846 1583 ipse
867 1503 962 1585 patri
986 1503 1184 1568 Hannibalis
1199 1503 1373 1588 fluendum

303 1585 1375 1762 iil'lilimilaifflllniniiitti'titillet

308 1697 438 1826 lididlrli
446 1769 623 1844 pratorum.
645 1758 762 1824 Anltoc
771 1762 917 1840 timenus,
932 1783 971 1827 ne
983 1763 1176 1828 Hamilcaris
1174 1764 1270 1847 filias
1280 1763 1373 1828 nimis

308 1867 377 1913 sero
388 1849 520 1932 imperia
531 1847 684 1912 inmodica
699 1856 730 1911 et
742 1850 833 1932 regni
840 1850 973 1932 paterni
984 1852 1112 1934 speciem
1122 1851 1250 1914 videat?
1265 1859 1306 1932 et,
1321 1871 1373 1914 aa·

298 1933 357 2018 jaas
379 1936 463 2020 regis
477 1953 592 2020 genero
616 1934 800 1998 hereditarii
819 1937 884 2000 sint
903 1938 1007 2001 relicti
1025 1939 1172 2002 eoncitat
1185 1937 1294 2013 nostri,
1309 1935 1375 2020 qjas

295 2022 377 2106 filio
394 2043 509 2104 param
524 2031 643 2086 matare
655 2023 843 2087 sociamus?
865 2023 947 2108 Ego,
964 2025 1053 2088 istam
1067 2023 1211 2109 juvenem
1231 2024 1314 2087 dorni
1326 2033 1372 2087 tes

308 2111 449 2187 mnrium,
464 2109 520 2174 sad
533 2109 657 2194 legibus,
673 2109 727 2173 sed
733 2107 746 2147 ‘¹
760 2109 991 2194 magistratibus
1001 2112 1164 2175 docendam
1175 2111 1275 2176 uiuere
1286 2109 1373 2194 aquo

296 2193 376 2279 jare
388 2217 453 2260 cum
467 2197 585 2274 celent,
599 2215 722 2261 censeor
737 2217 776 2260 ne
787 2198 968 2282 quandoque
974 2217 1094 2282 paruus
1107 2197 1159 2261 iic
1172 2197 1255 2282 ignis
1269 2197 1373 2260 incen-

307 2284 392 2347 dium
407 2284 515 2368 ingens
528 2283 697 2348 eumacilet.

351 2367 412 2434 IV.
437 2369 546 2447 Pauci,
563 2391 601 2434 ac
614 2368 712 2434 ferme
730 2367 870 2454 optimus
885 2368 1027 2456 quisque,
1046 2368 1200 2434 Hannoni
1216 2366 1372 2433 adsentie-

306 2455 442 2520 bantur:
466 2455 520 2520 eed
548 2461 597 2538 (ut
611 2455 798 2542 plerumque
813 2456 862 2538 lit)
887 2457 988 2542 major
1009 2478 1084 2541 pars
1099 2455 1260 2520 meliorem
1284 2455 1371 2519 vicit.
1431 2495 1433 2499 -

148 2553 293 2630 Hannibalis
310 2541 429 2608 Missus
452 2541 619 2608 Hannibal
635 2543 668 2606 in
684 2542 876 2628 Hispaniam
891 2547 997 2629 primo
1011 2545 1116 2610 statim
1140 2543 1277 2608 adventu
1299 2563 1370 2606 om-

145 2620 250 2694 measa
264 2631 383 2695 ¹¹¹·nem
407 2631 580 2695 exercitum
604 2631 639 2693 iu
662 2653 696 2694 se
721 2632 886 2695 convertit.
926 2629 955 2676 1¹⁵
967 2631 1181 2696 Hamilcarem
1200 2631 1373 2715 juvenem⁸

144 2696 254 2744 gemam.
308 2716 471 2782 redditum
490 2715 551 2781 sibi
570 2730 697 2782 veteres
712 2717 826 2781 milites
848 2717 994 2794 credere;
1017 2719 1164 2784 eumdem
1178 2717 1318 2806 vigorem
1336 2715 1371 2780 in

308 2803 408 2882 vultu,
425 2804 552 2889 vimque
573 2805 605 2868 in
622 2803 733 2882 oculis,
749 2802 894 2869 habitum
909 2803 983 2882 oris,
1000 2803 1253 2890 lineamentaque
1268 2802 1371 2867 intue-

307 2891 346 2955 ri.
361 2890 435 2956 dein
448 2889 457 2924 ¹
470 2889 558 2955 brevi
573 2889 687 2972 effecit,
702 2903 739 2955 ut
753 2902 845 2976 pater
868 2891 902 2954 iu
926 2913 960 2955 se
982 2889 1149 2955 minimum
1171 2901 1369 2955 momentum

347 3136 350 3144 .
415 3062 569 3111 lnacmn.
582 3061 651 3108 Creu.
747 3062 890 3113 sanatam
901 3061 970 3111 Eaed.
1075 3055 1182 3111 fdeiude
1192 3039 1262 3124 crevi

305 3227 489 3289 vixquiequam
508 3224 761 3274 eis1berumtuisse=
778 3227 822 3287 qui
853 3232 966 3276 cucerat.
996 3226 1104 3274 Annibal
1123 3238 1211 3273 novem
1229 3225 1306 3272 ferme
1327 3237 1372 3270 an·

305 3294 381 3340 etiam
410 3293 508 3340 nullum
536 3292 716 3352 imperatorem,
741 3293 822 3338 nullos
853 3305 942 3338 norum
958 3298 1019 3349 erat,
1033 3305 1111 3352 quum
1121 3291 1230 3338 Amilcar
1244 3289 1270 3336 in
1283 3288 1372 3350 Hispa·

304 3358 396 3404 milites
416 3357 442 3403 in
462 3371 492 3404 ea
508 3358 607 3418 regione
625 3362 685 3402 tunc
705 3357 822 3416 temporis
853 3357 921 3404 uiam
939 3354 1049 3420 trajectis
1068 3370 1161 3404 norem
1176 3355 1247 3403 annis
1265 3354 1292 3400 in
1313 3355 1371 3400 Hie·

223 3467 225 3473 ,
304 3424 436 3480 habebant,
448 3430 477 3470 ut
491 3423 603 3469 observat
614 3421 676 3466 (lata
694 3419 719 3466 in
734 3420 822 3467 oratio·
853 3419 1206 3482 paniaremgeasitAmilcarr
1223 3424 1279 3466 octo
1293 3417 1372 3466 ferme

304 3502 336 3535 ne
353 3491 384 3535 sd
399 3487 561 3535 exercituml.
579 3483 705 3532 XXXIV.
716 3485 821 3544 infra,c.
854 3486 925 3534 annis
951 3487 1082 3546 imparium
1107 3484 1213 3534 obtinuit
1238 3483 1373 3543 Asdrubal,

305 3552 345 3602 13.
372 3553 508 3601 Cavebatur
526 3555 632 3604 tantum,
644 3563 675 3596 ne
690 3550 822 3610 quicquum
855 3565 885 3598 ex
906 3552 995 3610 quibus
1021 3551 1042 3596 si
1068 3551 1201 3598 niannium
1228 3549 1373 3608 detraxeris,

303 3619 329 3664 in
341 3632 371 3666 ea
380 3633 435 3678 que
446 3625 512 3664 tram
524 3617 624 3663 iberum
634 3621 715 3660 cuent
732 3615 822 3662 Roma-
854 3630 903 3676 quo
920 3617 966 3662 sub
984 3629 1014 3662 eo
1032 3615 1177 3676 imperatore
1192 3615 1282 3660 meruit
1292 3613 1372 3662 Anni·

303 3684 340 3738 ni,
351 3689 395 3730 aut
413 3683 439 3729 in
456 3694 551 3743 eaquae
570 3681 605 3726 cis
624 3679 723 3726 Iberum
741 3685 822 3725 essent
854 3682 902 3736 bal,
918 3681 1023 3728 efficitur
1041 3681 1197 3735 Aunmslam,
1214 3685 1274 3726 tuuc
1292 3691 1371 3739 quum

304 3749 372 3794 Poeni
390 3747 436 3794 sibi
450 3744 515 3810 juris
533 3749 687 3806 arrogareutt
705 3757 766 3790 neve
786 3745 821 3790 ai·
852 3747 884 3793 ab
904 3745 1040 3793 Asdmbsle
1061 3745 1189 3792 uroessitua
1209 3749 1257 3802 est,
1276 3757 1371 3792 annuum

304 3818 397 3860 teruter
422 3812 527 3872 pupulus
550 3823 608 3857 eum
634 3821 735 3856 amnem
764 3809 822 3855 belii
853 3809 989 3872 magisne.

304 3891 378 3926 musa
387 3878 507 3924 amaret.
540 3875 600 3922 Vid.
611 3873 696 3935 Polyb.
707 3873 742 3920 11.
754 3873 794 3920 18.
888 3874 919 3922 14
932 3873 1079 3938 liumadcrct]
1097 3872 1187 3920 Melius
1200 3873 1303 3921 fortune
1317 3887 1372 3920 rae·

338 3942 369 3990 12
393 3935 581 4002 Praragniirnn'r
601 3935 740 4000 annuum]
766 3939 822 3985 snr-
853 3943 977 3988 crraeeretr
991 3941 1057 4000 quod
1072 3951 1103 3986 ex
1119 3951 1169 3984 unc
1184 3938 1246 3984 libro
1262 3939 1371 4001 summit

303 4008 410 4068 ῖηςίυιιι
421 4003 729 4053 anteamilitibuslatum.
762 4002 821 4050 viu
853 4005 927 4057 Gran.
952 4001 1162 4063 'ldest,sensim
1180 4006 1310 4054 maenada
1325 4003 1374 4050 eibi

304 4079 355 4120 sot
366 4073 405 4120 28„
417 4068 713 4127 ace.tl.1.111.suprn.
853 4071 918 4116 viam
937 4070 1028 4116 faceret
1046 4069 1078 4116 ad
1094 4069 1207 4114 amdam
1225 4069 1371 4128 putentium,

337 4137 369 4183 13
388 4135 494 4182 Vixdum
514 4131 637 4196 pmcn]
665 4131 723 4178 Non
750 4133 821 4180 facile
853 4147 927 4195 quam
937 4141 1006 4193 pater
1015 4134 1126 4180 Amilcar
1134 4133 1280 4180 obunuerat.

303 4201 448 4262 intelligitur
472 4200 594 4260 quomodo
618 4197 703 4244 Livius
724 4197 821 4244 viadm
886 4197 917 4245 15
932 4198 1079 4248 Amatorem
1088 4197 1215 4260 alumnas]
1232 4199 1371 4244 Gronovius

273 4277 276 4282 ·
299 4267 409 4326 puberem
440 4266 561 4326 appellare
595 4263 670 4323 possit
703 4258 821 4323 juvenem
854 4277 884 4310 ex
900 4277 949 4310 uuo
966 4263 1110 4322 codice,cui
1125 4265 1257 4310 assentitur
1275 4275 1371 4309 unusa

303 4345 372 4387 eum,
396 4330 449 4391 qui,
476 4337 504 4376 ut
529 4343 559 4376 ex
583 4329 660 4388 ipsius
684 4327 821 4374 narratione
853 4330 951 4383 uostris,
977 4329 1056 4376 ⁴malit
1082 4328 1227 4376 Antilcurcm
1252 4329 1370 4392 jamna.

304 4396 434 4456 colligitur,
445 4409 538 4443 annum
556 4401 617 4441 tune
633 4392 673 4441 22·
691 4385 770 4439 bruis
779 4405 822 4440 ex·
854 4391 906 4440 Nec
918 4394 986 4442 aliter
998 4394 1108 4442 Pitboeus
1118 4395 1184 4454 apud
1196 4391 1340 4442 usurarum.
