3136 4970
440 188 536 249 ars.
563 183 698 249 xxvn.
723 185 833 267 cae..
856 187 956 282 xrx.
1167 189 1235 259 am·

165 356 272 442 lippus
285 369 484 443 regnumque
496 353 574 440 ejus,
589 373 686 445 grave
703 351 1007 432 libertatiiutururu,
1024 353 1117 420 rebus
1130 339 1264 421 Grae-'n
1275 373 1302 423 o.
1314 373 1372 426 aas.

164 444 229 506 aiae
247 443 474 506 immisceretur.
518 439 573 505 Da
594 461 672 522 pace
691 438 790 504 dilata
804 439 996 506 consultatio
1008 453 1057 506 est
1069 442 1103 506 in
1118 440 1303 513 conci-¹³⁴9·
1314 440 1372 491 ²⁰&

164 529 244 593 lium
262 529 474 604 thaeor1m1;
496 526 694 612 concilioque
707 526 737 592 ei
748 539 779 590 et
793 525 882 591 locus
897 538 929 592 et
942 525 1009 592 dies
1024 542 1111 593 certa
1123 529 1390 617 indic-lunonem.

165 627 208 680 ta.
224 615 351 680 interim
373 614 503 696 triginta
524 611 649 677 dierum
672 613 807 678 inducias
827 613 1016 700 impetrata.
1062 607 1338 680 normarum

164 701 243 766 iude
263 723 319 766 rex
339 721 398 786 por
411 698 609 765 Thessaliam
632 699 866 785 Boeotiarnque,
884 697 1070 770 Chalcidem
1093 701 1228 768 Euboeae

165 788 262 866 venit,
286 800 322 851 ut
345 786 501 862 Attalum,
523 807 616 873 quem
639 783 736 850 classa
758 785 918 851 Euhoeam
942 788 1115 871 petiturum
1138 789 1228 854 audi·

165 886 246 952 erat,
259 872 412 962 portubus
423 885 455 937 et
464 873 592 938 litorum
605 871 645 936 ad
670 871 880 937 alsuarceret.
915 872 1228 958 lndapraesidiore·
1297 872 1300 885 '

165 960 244 1025 licto
259 961 406 1024 adversus
422 959 578 1036 Attalum,
594 959 619 1022 si
645 969 715 1022 orte
728 959 855 1024 interim
872 960 1052 1046 trajecisset,
1067 960 1227 1045 profectus
1236 979 1389 1044 munuca

165 1044 1388 1221 ittilntzlhztillillumilium&stillim

166 1220 191 1284 li
213 1221 254 1286 ad
273 1241 346 1284 eum
361 1218 472 1295 delata,
518 1219 570 1283 uia
583 1240 616 1282 se
632 1216 848 1283 Macedonum
868 1240 957 1307 reges
979 1242 1019 1284 ex
1043 1241 1082 1285 ea
1102 1221 1228 1288 civitate

166 1306 319 1372 oriundos
341 1305 491 1381 referunt,
546 1304 637 1369 armis
651 1305 794 1388 peractis,
810 1303 852 1369 ab
869 1305 942 1390 ipsc
963 1306 1087 1372 ludicro
1108 1321 1226 1376 extem·

166 1393 224 1478 plo
236 1393 263 1436 ⁷⁵
275 1391 395 1457 Rhium
410 1390 570 1477 proiectus
590 1404 647 1467 est,
663 1391 704 1455 ad
725 1390 879 1456 indictum
906 1392 1008 1458 multo
1029 1405 1104 1459 ante
1124 1395 1226 1460 socio-

167 1501 240 1544 rum
259 1477 439 1544 concilium.
483 1477 534 1542 lhi
557 1477 597 1542 de
620 1475 767 1542 AEtolico
788 1477 929 1543 finiendo
950 1479 1033 1546 hello
1053 1491 1227 1563 notumne
1317 1506 1319 1512 ’

165 1583 281 1631 caussa*
301 1577 357 1630 aut
383 1563 548 1640 Romanis,
574 1575 630 1628 aut
652 1565 761 1628 Attalo
786 1564 925 1629 intrandi
950 1565 1113 1631 Graeciam
1138 1579 1225 1633 esset

170 1652 235 1718 Sed
258 1675 295 1717 ea
318 1648 449 1728 omnia,
460 1649 592 1715 vixdum
621 1649 819 1715 induciarum
850 1663 996 1736 tempore
1023 1653 1226 1731 circumacto,

77 1777 82 1782 -
154 1737 273 1804 AEtoli
288 1737 463 1814 turbauere,
482 1747 652 1823 postquam
673 1748 706 1802 et
723 1735 865 1802 Attalum
879 1736 1034 1824 AEginam
1048 1738 1179 1818 venisse,
1195 1753 1387 1822 stinatianam

170 1825 350 1890 Romanam
367 1823 496 1889 classem
518 1835 600 1888 stare
621 1821 662 1887 ad
684 1822 888 1908 Naupactum
910 1823 1069 1890 audivere.
1114 1826 1226 1892 Vocati
1234 1825 1300 1886 pau·
1310 1832 1362 1874 tur-

91 1971 94 1974 ,
165 1911 313 1976 enimin
335 1910 504 1976 concilium
533 1909 737 1987 Achaeorum
759 1909 794 1974 in
816 1931 881 1998 quo
905 1910 1026 1976 eaedem
1055 1890 1302 2000 legationum·

166 2009 269 2076 erant,
286 2020 358 2084 quae
372 1997 413 2062 ad
428 1995 568 2061 Phalara
581 2017 599 2060 a
638 2007 710 2060 rant
724 1994 765 2061 de
778 2017 867 2081 pace,
882 1997 1022 2082 primum
1037 1999 1140 2084 questi
1153 2013 1228 2068 suot

167 2084 315 2169 qaaedam
336 2105 436 2170 parva
449 2095 560 2148 contra
575 2017 668 2146 adim
683 2081 904 2148 conventionis
923 2095 1067 2168 tempore
1082 2085 1227 2151 inducia-

167 2191 241 2235 rum
263 2169 373 2236 iaotar
387 2181 548 2256 postremo
575 2181 733 2256 negarunt
756 2168 863 2233 dirimi
893 2169 1019 2236 bellurn.
1038 2189 1140 2256 posse,
1166 2172 1228 2237 uisi

169 2257 339 2322 Messeniis
362 2255 475 2326 Achai
500 2254 614 2342 Pylum
633 2254 812 2334 redderent,
835 2255 990 2322 Remmia
1009 2257 1228 2328 restitueretur

166 2343 379 2420 ⁷⁶Atintania,
407 2341 602 2409 Scerdilaedo
622 2353 654 2406 ct
685 2341 836 2407 Pleurato
865 2342 1008 2430 Ardyoei.
1053 2343 1228 2410 Enimuero

166 2429 335 2518 indignum
365 2441 452 2496 ratus
478 2425 652 2514 Philippus,
672 2427 772 2494 victos
791 2429 903 2495 victori
928 2429 991 2495 sibi
1010 2429 1098 2496 ultro
1119 2431 1228 2496 condi·
1419 2509 1422 2518 γ

167 2517 272 2581 dones
292 2516 390 2582 ferre:
413 2537 453 2580 ue
473 2525 568 2579 autea
589 2516 709 2600 quidem
731 2537 763 2580 aa
786 2525 842 2580 cut
862 2518 901 2580 de
919 2537 1000 2600 pace
1019 2519 1151 2596 audisse,
1173 2528 1230 2583 cut
1345 2569 1349 2576 ,

168 2605 311 2669 inducias
320 2605 485 2688 pqriffisse,
497 2600 589 2679 dixit,
603 2601 789 2684 sponsalium
803 2602 959 2668 habentem
970 2605 1124 2689 quieturos
1135 2604 1230 2668 AEto·

168 2691 236 2764 los,
259 2693 314 2755 sed
323 2700 369 2755 ut
390 2711 489 2754 omues
510 2690 605 2753 socios
626 2697 715 2754 testes
738 2689 873 2767 hadad,
890 2711 923 2754 se
940 2692 1042 2774 pacis,
1065 2692 1137 2754 illos
1157 2691 1231 2756 belii

167 2773 1230 2948 {hulltft,{tfiitllstthssltillmllihfllt

169 2959 202 3013 et
216 2949 358 3036 quinque
377 2948 480 3035 longis
501 2947 634 3011 navibus
655 2947 902 3048 acceptis3quas
923 2948 949 3012 si
970 2948 1134 3036 adjecisset
1154 2907 1230 3014 mis:

54 3088 58 3095 .
168 3057 213 3100 sse
233 3057 337 3120 nuper
351 3035 391 3100 ad
406 3057 439 3098 ae
453 3034 544 3100 classi
561 3033 887 3136 Karthaginiensium,
905 3046 936 3100 et
957 3055 998 3100 ex
1022 3034 1176 3122 Bithynia
1189 3039 1229 3100 ab

169 3142 244 3206 rege
271 3121 386 3188 Prusia
410 3119 775 3200 venientibus-navibus,
803 3131 954 3186 statuerat
982 3123 1086 3189 navali
1114 3121 1230 3209 proelio

167 3206 319 3274 lacessere
343 3209 516 3285 Romanos,
533 3207 599 3292 jam
622 3205 677 3272 diu
699 3206 732 3269 in
755 3221 793 3270 ea
813 3207 943 3294 regione
961 3221 1108 3293 potentes
1122 3209 1230 3272 maris.

168 3293 236 3379 ipse
261 3294 302 3358 ab
327 3317 366 3358 eo
389 3291 523 3358 concilio
549 3292 655 3378 Argoa
682 3311 861 3381 regressusr
877 3295 945 3394 jam
975 3294 1059 3358 enirn
1090 3294 1229 3359 Nemeo·

168 3401 241 3444 rum
265 3380 433 3468 adpetebat
455 3391 588 3464 tempus,
613 3379 719 3464 ⁷'iquae
742 3379 894 3445 celebr-an
914 3379 1040 3456 volchat
1060 3379 1231 3466 praesentia

168 3485 236 3534 sua.
1235 3483 1251 3500 ’

202 3704 235 3752 tu
249 3705 403 3771 Hamas]
419 3707 545 3755 Ludcmm
565 3708 590 3754 in
607 3709 682 3754 hocc-
715 3721 841 3768 nunquam
854 3709 951 3758 nuum.

169 3770 345 3828 mannonis,
356 3785 412 3834 quae
420 3771 682 3838 Gracutngadicuur.
748 3773 780 3821 76
796 3773 933 3836 Atintania]
952 3774 1028 3835 Regio
1045 3757 1171 3836 ulpiani
1181 3775 1231 3822 llo·

204 3833 238 3882 il·
250 3835 404 3899 Nemeorum]
422 3836 487 3884 Ludi
500 3851 596 3898 quoque
606 3839 683 3892 fuere,
715 3838 795 3884 manis
814 3839 840 3886 in
856 3839 1003 3886 deditionem
1020 3846 1120 3900 accepta
1137 3841 1230 3902 aliquot

164 3899 204 3944 sic
215 3899 497 3961 dictiaNsmaasylvaa
514 3902 682 3961 quosquidam
715 3903 853 3950 annuante
864 3904 962 3951 initium
979 3901 1054 3968 hujus
1070 3906 1169 3952 secundi
1181 3904 1229 3952 Pu·
1298 3908 1302 3918 '

168 3963 195 4009 in
206 3965 323 4010 honoram
334 3966 487 4025 Archemori,
498 3966 540 4014 alii
551 3967 577 4014 in
588 3967 684 4016 Hercu·
716 3966 764 4012 uici
775 3967 839 4012 belli.
872 3969 929 4016 Vid.
948 3981 1021 4030 supra
1040 3972 1057 4020 l.
1070 3969 1134 4018 XX.
1152 3984 1172 4016 c.
1188 3969 1230 4020 30.
1260 3967 1263 3972 ’

165 4027 199 4074 l'as
210 4029 335 4076 institutos
345 4039 489 4078 memorant.
716 4030 845 4090 Occupatis
861 4040 944 4078 autem
962 4034 1008 4082 hcc
1022 4037 1086 4084 bello
1103 4035 1230 4092 Romanu,

203 4093 235 4141 ts
251 4093 343 4142 natam
352 4094 525 4158 proficiscen]
542 4094 683 4155 Scriptiha·
717 4094 854 4156 Philippus,
874 4102 903 4143 ut
924 4106 1024 4158 apparat
1045 4115 1076 4147 cx
1100 4101 1146 4148 hoc
1168 4100 1232 4158 loco,

168 4160 228 4205 hant
243 4159 346 4217 regium,
363 4159 428 4206 unde
444 4161 554 4206 firmatur
571 4159 684 4206 Glarsaoi
716 4159 910 4208 caminvaserat.

166 4220 309 4284 conjectura
324 4224 594 4285 emendantisAEgium.
629 4225 684 4270 Cer-
751 4222 869 4279 wusae
885 4223 1005 4289 nunna]
1022 4228 1115 4282 Quibus
1133 4227 1231 4274 celebri·

170 4291 195 4332 te
216 4289 281 4347 apud
305 4287 432 4347 Polybium
452 4301 516 4348 saepe
538 4290 685 4351 Achaeorum
718 4294 793 4334 tatem
805 4289 861 4334 addi
872 4295 897 4335 et
907 4294 1069 4349 spectantium
1085 4305 1230 4339 concursum

170 4352 272 4400 concilia
306 4352 397 4400 indicta
430 4353 543 4420 leguntur
577 4351 686 4413 AEgium
718 4353 1106 4416 mgcripracsentiasuavolebat.
