3060 4960
483 177 581 242 tra..
597 177 698 240 xxx.
724 167 828 252 car.
852 179 907 238 rx.
1070 261 1072 268 Α
1161 185 1214 240 aar

154 359 220 424 que
239 342 400 430 obposuit.
444 343 576 430 Syphax
592 341 775 408 Hasdrubal
800 365 848 420 ue,
866 341 1045 407 Numidicis
1070 341 1218 407 adversus
1227 355 1258 402 u.
1268 355 1295 404 e.
1307 359 1388 408 ara--¹

157 425 304 494 ltalicunr
326 431 511 518 equitatum,
532 366 852 514 Karthaginiensibus
878 443 989 494 contra
1014 427 1216 494 Masinissam
1226 421 1293 470 Μ
1307 428 1363 470 ²⁰³·

156 509 281 597 locatis,
295 517 321 556 ²⁵
332 515 508 582 Celtiberos
523 516 556 580 in
572 516 707 580 mediam
728 517 826 593 aciem
842 514 875 581 in
890 515 1021 580 adversa
1035 516 1125 604 signa
1138 515 1217 604 legi·

157 621 257 668 onum
273 625 433 689 accepera.
458 605 500 666 ita
514 602 658 666 instructi
678 615 881 666 concurrunt.
928 601 1037 666 Primo
1053 603 1161 688 inpetu
1177 601 1341 670 ainohun

159 687 227 750 mul
249 703 385 776 utraque
404 711 534 766 cornua,
557 703 589 753 et
604 688 752 752 Numidae
774 701 806 752 et
823 685 1105 774 Karthaginienses
1124 686 1356 774 pulsimffllill·

159 793 236 837 nam
268 793 369 862 neque
400 775 561 852 Numidia,
587 774 725 838 maxima
754 795 826 858 pars
854 788 1005 860 agrestes,
1035 756 1276 840 Romanum‘“‘·

156 861 347 944 equitatum,
362 882 466 948 neque
479 861 769 947 Karthaghrienses,
780 873 817 950 et
836 859 903 946 ipse
917 882 1016 925 novus
1030 859 1130 938 miles,
1147 863 1221 926 Ma-

158 945 313 1025 sinissam,
330 949 449 1012 recenti
464 969 558 1032 super
572 965 677 1011 cetera
689 947 820 1010 victoria
834 945 1016 1024 terribilem,
1033 947 1219 1012 sustinuere.
1274 949 1276 956 ’

160 1031 294 1097 Nudata
315 1035 472 1121 utrimque
493 1033 643 1099 cornibus
667 1032 863 1098 Celtiberum
886 1033 967 1097 acies
989 1033 1111 1098 stabat:
1134 1035 1218 1122 quod
1228 1043 1338 1120 macons

159 1121 221 1182 nec
235 1120 268 1184 in
284 1119 360 1208 fuga
374 1119 458 1185 salus
476 1119 539 1184 ulla
553 1117 779 1184 ostendebatur
794 1118 871 1182 locis
885 1119 1012 1220 ignotis,
1033 1141 1136 1206 neque
1151 1110 1341 1207 §pessumas

159 1205 263 1270 ueniae
277 1207 318 1270 ab
335 1207 484 1292 Scipione
497 1219 582 1282 erat3
605 1225 710 1291 (quem,
725 1204 807 1270 bene
829 1217 977 1270 meritum
995 1207 1036 1270 de
1050 1229 1083 1272 se
1097 1221 1129 1271 et
1142 1229 1221 1295 gen·

159 1305 194 1355 te
208 1313 274 1369 sua,
287 1293 490 1357 mercenariis
505 1293 599 1356 armis
610 1292 643 1354 in
660 1291 801 1356 Africam
817 1290 1037 1380 obpugnatum
1052 1296 1222 1358 venissent.

162 1375 278 1464 Igitur,
294 1379 491 1444 circumfusis
513 1378 652 1464 undique
667 1376 822 1457 hostibus,
837 1377 890 1442 alii
904 1399 1000 1462 super
1014 1377 1093 1443 alios
1107 1380 1223 1444 caden-

161 1479 220 1542 tes,
246 1467 398 1530 obstinati
423 1465 656 1530 moriebantur:
679 1463 889 1552 omnibusque
911 1464 944 1528 iu
966 1485 1020 1528 eos
1042 1467 1149 1546 versia,
1165 1465 1223 1532 ali-

162 1565 317 1636 quantum
342 1550 383 1616 ad
409 1549 516 1638 sugam
538 1549 689 1636 temporis
704 1549 832 1636 Syphax
849 1563 881 1614 et
898 1549 1081 1616 Hasdrubal
1104 1573 1224 1638 praece·

161 1650 304 1808 ppppnt.⁸
336 1638 496 1726 Fatigatae
517 1637 606 1702 caede
619 1636 748 1714 diutius,
765 1657 859 1722 quam
875 1659 993 1724 pugna,
1008 1639 1143 1704 victores
1157 1661 1224 1704 nox

163 1747 185 1786 o
232 1738 330 1788 ressrt.

208 1810 272 1875 ΙΧ.
291 1811 423 1877 Postero
432 1809 485 1876 die
495 1809 604 1895 Scipio
614 1809 750 1874 Laelium
762 1807 965 1876 Masinissam
990 1834 1039 1887 ue,
1052 1835 1124 1876 curn
1137 1814 1223 1878 omni

165 1897 315 1962 Romano
325 1912 356 1962 et
366 1897 538 1962 Numidico
548 1897 690 1982 equitatu
706 1896 922 1984 expeditisque
933 1833 1081 1976 miiitum,
1094 1901 1132 1963 ad
1152 1921 1225 1986 pcr-

221 1983 342 2050 uendos
366 1985 541 2070 Syphacem
565 1995 658 2068 atque
676 1981 913 2048 Hasdrubalem
930 1985 1036 2049 mittit.
1059 1985 1136 2070 ipse,
1152 2009 1225 2051 cum
1283 2019 1285 2026 ¹

163 2005 281 2136 idiote
290 2073 460 2146 exercitus,
471 2071 565 2134 urbes
575 2073 669 2146 circa,
681 2091 753 2153 quae
764 2073 896 2134 omnesl'
910 2069 1225 2158 Karthaginiensium

164 2155 294 2222 ditionis
316 2168 418 2230 erant,
434 2156 546 2238 partim
570 2177 634 2240 spe,
650 2155 766 2240 partim
789 2168 884 2236 metu,
908 2157 1023 2242 partim
1039 2157 1070 2220 vi
1090 2158 1226 2248 subegit·

167 2243 362 2332 Karthagini
384 2243 512 2329 quidem
537 2256 606 2305 erat
631 2243 741 2325 ingens
768 2257 880 2319 terror,
897 2254 929 2306 et
952 2243 1223 2309 circumferentem
1233 2260 1380 2310 renarro·

164 2351 255 2394 arma
271 2331 463 2414 Scipionem,
474 2328 621 2392 omnibus
632 2327 774 2392 finitimis
784 2329 900 2413 raptim
914 2330 1111 2414 perdomitis,
1125 2333 1225 2417 ipsam
1234 2340 1328 2376 ΜΝ

167 2416 402 2500 Karthaginem
428 2432 558 2500 repente
581 2416 805 2499 adgressurum
829 2415 1012 2483 credebant.
1059 2417 1172 2506 ltaque
1195 2431 1228 2484 et

166 2503 251 2569 muri
264 2502 496 2578 reficiebantur,
509 2523 609 2584 propo
656 2501 817 2587 aculisque
828 2502 1051 2567 armabantur:
1075 2519 1107 2569 et
1123 2527 1182 2592 pro
1195 2530 1228 2571 se

167 2592 310 2678 quisque,
334 2611 408 2676 quae
432 2587 567 2652 diutinas
591 2610 612 2651 o
650 2587 750 2652 idioni
778 2586 951 2652 tolerandae
977 2604 1065 2672 sunt,
1081 2615 1120 2656 ex
1144 2594 1228 2684 agris

165 2679 192 2719 ²⁶
201 2676 347 2743 convehit
355 2676 373 2740 ¹.
405 2677 489 2739 Rara
499 2674 620 2738 mentio
630 2685 676 2738 est
687 2673 783 2760 pacis,
795 2673 989 2761 frequentior
1000 2678 1176 2764 legatorum
1188 2679 1229 2744 ad

169 2763 384 2831 Hannibalem
405 2760 623 2826 arcessendum
647 2760 885 2825 mittendorum.
907 2783 981 2847 pars
996 2765 1134 2828 maxima
1148 2765 1229 2830 clas·

168 2873 245 2927 sem,
262 2871 334 2936 quoe
348 2848 423 2912 'lati
438 2860 632 2912 commeatus
653 2846 857 2932 excipiendos
875 2862 987 2932 parata
1008 2863 1086 2922 erat,
1103 2856 1230 2916 mittere

162 2937 278 3028 jubent
298 2936 339 3000 ad
362 2933 602 3020 obprimendam
629 2934 796 2997 stationem
820 2935 947 2997 navium
964 2933 1005 2999 ad
1022 2935 1163 3016 Uticam,
1180 2939 1229 3002 in-

167 3037 260 3090 caute
283 3035 445 3107 agentern:
468 3019 597 3084 forsitan
625 3022 721 3084 etiam
745 3021 869 3084 navalia
891 3033 1004 3100 castra,
1024 3023 1132 3088 relicta
1154 3049 1228 3090 cum

166 3112 227 3175 levi
252 3106 641 3194 praesidi0,0bpressuros.
688 3106 726 3169 In
751 3106 812 3170 hoc
837 3107 1003 3172 consilium
1027 3115 1166 3174 maxime
1179 3113 1229 3174 in-

168 3197 306 3262 clinant:
331 3195 450 3276 legatos
472 3207 576 3256 tamen
593 3193 632 3256 ad
651 3191 868 3256 Hannibalem
894 3194 1065 3260 mittendos
1090 3210 1230 3262 censent.

168 3277 437 3372 quippe,²⁸classi
452 3292 488 3343 ut
507 3277 684 3344 felicissime
705 3292 858 3366 gerantur
879 3301 938 3357 res,
954 3298 1045 3366 parte
1066 3281 1171 3369 aliqua
1187 3284 1231 3348 le-

266 3465 593 3527 cormariacensem
604 3465 680 3514 Gron.
691 3465 759 3512 (ἔην.
890 3457 1133 3516 immutaturus.

199 3641 233 3684 ab
252 3633 379 3682 Celtiberos
405 3635 432 3681 r'a
465 3634 566 3682 merua·
596 3627 684 3696 ment]
715 3649 802 3694 errore,
820 3635 932 3696 absorpta
948 3635 1139 3698 tuedtapriura
1154 3637 1240 3688 littera·-

105 3739 110 3748 .
169 3703 245 3751 Hunc
259 3702 338 3748 locum
354 3698 620 3747 sollicitrtGronoriur.
638 3697 683 3745 Sed
715 3701 780 3748 rocio
791 3699 921 3760 sequentis.

169 3769 232 3814 nihil
254 3767 348 3814 videtur
372 3765 506 3812 mutatione
535 3777 596 3824 opus
624 3777 683 3812 csse.
748 3769 781 3812 26
799 3759 925 3828 convetu]
958 3765 1039 3828 Vulgo
1078 3767 1232 3815 convetetur:
1330 3811 1332 3822 ,

169 3833 301 3881 (hltiberor
319 3843 429 3892 mere
446 3831 471 3876 iu
489 3829 589 3876 mediam
611 3829 685 3875 ιοίοιιι
718 3831 782 3892 quod
799 3830 934 3892 languidius
948 3835 974 3878 ct
994 3832 1089 3888 segnium
1105 3839 1150 3881 est.
1182 3835 1234 3882 Plo-

170 3901 198 3946 ia
209 3899 315 3956 mora,
326 3897 376 3943 riva
395 3899 480 3944 contra
498 3895 596 3942 adversa
611 3895 686 3954 cigno
717 3897 785 3955 rique
802 3895 883 3956 scripti
904 3899 929 3942 ct
948 3891 1006 3944 vett
1025 3897 1083 3944 editi
1103 3898 1127 3946 id
1145 3899 1236 3948 habeut

169 3966 302 4025 legionum,
321 3961 444 4024 oppositos
463 3960 537 4016 siguis
553 3957 684 4016 legionum,
718 3960 947 4022 qnodrertituimur.

170 4045 224 4089 qno
240 4028 339 4089 proinde
357 4027 455 4074 adrem
468 4025 593 4073 Celtiberis
609 4029 685 4071 crant.
751 4024 1004 4075 ar'Adcammearas
1019 4025 1236 4092 excipiendor1Ad

142 4147 145 4154 ,
169 4091 564 4150 Siernlaodicuntt'aurlaerrcm
572 4097 685 4148 mentm,
717 4090 902 4150 intercipiendos
919 4099 1074 4152 commeatur,
1087 4095 1129 4154 qui
1146 4095 1237 4144 adSei·

170 4162 198 4206 ἐκ
217 4160 443 4220 adcermmfiamea
465 4157 520 4206 niti.
553 4157 625 4209 Quod
644 4155 690 4218 igi·
720 4155 815 4218 pionem
823 4154 987 4206 mittebantur.
1199 4199 1200 4202 ,

169 4231 212 4272 tur
229 4224 326 4285 plurimi
343 4222 424 4285 scripti
441 4224 559 4272 ontuunt
577 4222 689 4284 praeposi·
755 4217 1238 4286 28'Glarrr'utsch'cr'rrr‘nrellltiamriic·

170 4291 261 4338 tionem
281 4291 308 4337 ἑκ
326 4294 382 4336 autc
400 4289 504 4336 medium
521 4290 607 4346 actem,
626 4288 690 4334 dica·
722 4284 833 4333 licissimc
845 4291 957 4347 gerantur
975 4302 1011 4334 res
1028 4289 1110 4343 cluse,
1123 4291 1147 4342 id
1163 4304 1238 4338 unum

169 4371 224 4404 inus
234 4355 400 4404 ideoiactiun
412 4369 463 4402 esre
480 4355 545 4415 quod
557 4355 607 4413 illa,
625 4352 689 4400 lucili
722 4365 750 4400 ax
776 4363 806 4398 eo
832 4364 941 4399 summan
968 4353 1118 4401 commodum
1152 4357 1241 4416 percipi

779 4425 879 4480 End
