3140 4972
472 159 566 222 ΜΒ.
587 158 703 225 xxrv.
731 153 838 222 car.
858 158 947 220 XIX.
1181 169 1240 226 ere

100 328 108 341 ’
172 331 260 388 tumr
284 335 319 390 ut
333 315 499 405 iiamnes,
514 349 594 414 quos
618 345 761 395 censores
782 337 955 405 notassent,
976 323 1110 410 pedibus
1134 345 1383 406 mete-uestra

171 423 252 484 rent,
269 411 532 500 mitterenturque
553 415 588 478 in
604 413 745 480 Siciliam
767 413 810 478 ad
826 411 1002 480 Cannensis
1015 411 1172 480 exercitus
1187 422 1277 480 re-A·
1289 423 1389 471 0221&

170 492 294 580 liquias,
309 497 362 562 cui
382 498 520 564 militum
540 500 650 587 generi
670 521 736 566 non
758 499 857 584 prius,
871 519 967 585 quam
979 498 1122 583 ⁸⁴pulsus
1145 500 1237 567 ltalia
1268 549 1270 554 ·

168 578 270 646 hostis
300 597 392 661 esset,
421 585 547 652 finitum
585 587 817 672 stipendiorum
847 602 971 669 tempus
1000 598 1077 652 erat.
1123 586 1234 666 Quum
1244 607 1387 656 Lateranas

169 688 326 745 censores,
350 671 393 735 ob
417 672 560 757 inopiam
583 674 698 751 aerarii,
721 695 754 738 se
772 673 840 758 jam
866 669 1076 738 locationibus
1098 673 1394 740 abstine-1¹¹5*litorum

169 768 242 818 rent
259 755 377 822 redium
400 781 561 824 sacrarum
584 760 786 838 tuendarum,
802 757 1059 846 ⁸⁵cu1·u1iumque
1080 737 1396 847 equorummnm

166 840 426 924 praebendorum,
452 867 490 910 ac
515 845 664 912 similium
691 845 740 910 his
762 867 887 922 rerum3
917 866 1093 913 convenere
1117 847 1159 912 ad
1181 870 1235 914 eos

166 923 358 1014 frequentes,
368 931 428 1017 qui
440 931 575 998 ⁸⁶hastae
592 931 686 1021 hujus
747 932 830 998 neris
849 931 1075 1000 adsueverant:
1098 931 1234 1000 hortati-

168 1035 231 1099 que
245 1035 403 1095 censores,
419 1030 455 1083 ut
475 1019 583 1084 omnia
603 1019 693 1104 perin
719 1041 737 1084 e
753 1030 894 1106 agerent,
910 1015 1061 1095 locarent,
1077 1040 1115 1082 ac
1128 1020 1156 1084 ei
1176 1041 1233 1105 pe·

168 1099 263 1168 cunia
282 1101 317 1166 in
341 1102 456 1170 serario
476 1119 566 1172 esset.
613 1105 792 1186 Neminem,
810 1105 871 1170 nisi
893 1103 977 1170 bello
999 1101 1153 1184 coniecto,
1176 1127 1233 1190 pe·

167 1186 294 1252 cuumm
316 1187 358 1254 ab
379 1191 493 1256 aerario
513 1191 685 1274 petiturum
709 1214 786 1258 esse.
832 1191 1019 1264 Convenere
1039 1190 1156 1257 deinde
1172 1191 1233 1258 do·

167 1273 246 1338 mini
271 1297 393 1354 eorum,
420 1300 500 1364 quos
522 1277 574 1346 Ti.
597 1279 804 1364 Sempronius
829 1278 869 1344 ad
891 1277 1108 1344 Beneventum
1133 1299 1231 1353 runnu

167 1359 330 1427 emiserat:
363 1363 589 1452 arcessitosque
615 1387 648 1430 se
673 1365 713 1430 ab
736 1365 763 1409 ⁸⁷
772 1363 943 1431 triumviris
972 1362 1136 1430 mensariis
1165 1387 1232 1432 esse

166 1445 326 1526 dixerunt,
343 1461 379 1514 ut
392 1450 494 1534 pretia
515 1473 677 1516 servorum
699 1452 889 1536 acciperent.
911 1464 1050 1516 ceterum
1065 1471 1131 1516 non
1146 1467 1231 1534 ante,

166 1555 260 1618 quam
278 1534 361 1600 bello
379 1536 535 1614 consecto,
550 1551 735 1624 accepturos
755 1560 832 1604 esse.
877 1536 987 1614 Quum
1005 1536 1077 1605 hec
1098 1537 1231 1604 inelina-

59 1691 65 1704 ,
166 1619 212 1685 tio
226 1621 406 1704 animorum
424 1623 526 1708 plebis
544 1625 584 1688 ad
605 1623 821 1692 sustinendam
840 1623 981 1710 inopiam
995 1623 1102 1690 aererii
1121 1623 1229 1702 fiar'ct3

164 1708 310 1790 pecuniae
323 1731 451 1796 quoque
474 1710 648 1797 pupillares
660 1712 774 1796 primo,
789 1709 906 1776 deinde
919 1708 1100 1788 viduarum,
1115 1725 1230 1796 coepte

165 1790 319 1860 conferri:
341 1817 402 1862 nus
426 1819 498 1865 uam
514 1820 568 1862 eas
589 1798 688 1864 tutius
709 1797 911 1884 sanctiusque
923 1796 1085 1882 deponere
1098 1797 1231 1864 creden·

165 1876 259 1956 tibus,
283 1881 339 1968 qui
363 1818 557 1965 deluebant,
577 1905 673 1969 quam
696 1885 729 1950 in
749 1883 877 1969 publica
897 1882 971 1948 fide.
993 1882 1079 1962 iude,
1099 1884 1126 1950 si
1151 1882 1230 1972 qnid

164 1979 285 2030 emtum
309 1980 423 2052 paratu
479 1992 520 2036 ue
544 1970 676 2056 pupillis
700 1991 738 2036 ec
760 1970 864 2036 viduis
890 1967 981 2046 foret,
996 1969 1050 2035 8⁸a
1070 1985 1231 2056 quaestore

163 1991 622 2135 perscribebaturfnbtanavir
638 2079 676 2122 ea
690 2057 885 2142 privatorum
900 2054 1078 2142 benignitas
1093 2079 1134 2120 ex
1149 2057 1229 2124 urbe

163 2139 258 2204 etiam
273 2142 307 2204 in
322 2155 437 2224 castra,
453 2157 487 2208 ut
509 2166 573 2209 non
594 2165 700 2230 eques,
715 2166 781 2210 non
802 2141 948 2208 centurio
966 2140 1160 2228 stipendium
1175 2166 1230 2208 eo-

162 2225 315 2326 ciperem,
338 2229 631 2317 mercenariumque
651 2231 851 2316 increpantes
875 2244 1034 2307 vocarent,
1059 2229 1113 2316 qui
1138 2249 1230 2296 acce·

185 2324 270 2379 met.

162 2331 306 2465 pXIX.
330 2398 374 2476 Q.
395 2401 514 2469 Fabius
538 2403 650 2470 consul
675 2404 715 2470 ad
742 2403 918 2470 Casilinum
948 2415 1049 2468 castra
1076 2400 1384 2482 habebatfflutuecn

162 2485 249 2570 quod
262 2486 367 2552 dudm
382 2489 517 2556 millium
534 2489 783 2576 Campanorum,
799 2503 831 2556 et
851 2488 1124 2576 septingentorum
1147 2487 1336 2564 mili-⁸!linum
1349 2490 1393 2538 ⁰¹)-

160 2583 229 2636 tum
245 2571 442 2645 Hannibalis
455 2576 623 2644 tenebatur
644 2577 804 2663 praesidio.
849 2574 992 2642 Praeerat
1015 2576 1134 2642 Statius
1156 2553 1307 2643 Mende*

161 2656 234 2738 tius,
249 2659 364 2728 missus
385 2661 427 2728 ab
444 2663 507 2730 Cn.
523 2663 638 2754 Magio
652 2663 815 2734 Atellano:
839 2663 896 2752 qui
910 2685 949 2730 eo
963 2685 1049 2728 anno
1063 2662 1228 2730 8⁹Mediu-

161 2844 217 2894 Vox
226 2845 299 2896 aare
309 2861 397 2910 parum
414 2849 453 2898 hie
469 2853 590 2900 convenit.
622 2853 676 2902 Iac.
709 2858 875 2902 sanaverant.
1026 2895 1030 2902 .

160 2910 298 2958 Gronovius
317 2927 331 2959 e
351 2911 424 2965 MSS.
443 2916 516 2975 eruit,
534 2921 582 2964 tam
599 2920 676 2974 trucis
741 2915 939 2965 evraumvtrn
957 2907 1094 2979 mensariis]
1112 2913 1171 2964 Vid.
1186 2929 1229 2963 su·

158 2987 214 3035 quae
225 2977 298 3024 lectio
309 2978 406 3026 videtur
414 2981 513 3028 admitti
525 2995 601 3041 posse.
709 2995 754 3042 pra
765 2979 869 3027 XXIII.
881 2979 920 3026 21.

166 3087 169 3094 ⁴
191 3039 225 3086 st
240 3040 330 3088 Pulrrvr
353 3043 428 3092 rutra
453 3045 537 3108 boatu]
566 3047 677 3108 Plerique
741 3046 775 3092 ss
789 3043 814 3092 A
826 3050 939 3106 qemun
948 3045 1148 3109 pammenius]
1163 3044 1227 3093 Per·

158 3104 253 3164 acn'pte'.
275 3105 350 3154 Italia
370 3111 446 3158 oman
466 3109 555 3158 rane:
578 3125 643 3160 unus
661 3125 676 3159 e
707 3112 779 3160 rrrr'lr'
788 3110 892 3170 pecunia
904 3110 1003 3168 dicitur,
1013 3121 1088 3172 quam
1104 3123 1152 3156 nnn
1164 3122 1226 3170 pre·

159 3169 249 3215 nostris
267 3167 341 3217 Italia
360 3174 441 3222 omui.-
460 3177 532 3235 plane
553 3177 676 3238 quomodo
708 3175 816 3223 sentibus
827 3175 936 3226 nummis
947 3187 1115 3229 numeramus,
1127 3175 1169 3220 sed
1182 3187 1227 3236 per

156 3233 236 3279 voluit
247 3236 393 3284 Gronovius.
707 3241 852 3300 scripturam
864 3239 989 3285 demensa
1005 3239 1131 3293 solvimus,
1143 3237 1168 3284 id
1179 3245 1226 3294 est,

189 3297 223 3346 86
241 3299 368 3348 Caralim
382 3331 410 3349 ..
427 3304 548 3368 emerem]
576 3305 675 3354 Curetes
706 3305 769 3354 solvi
784 3301 902 3366 jubemus
920 3304 952 3349 ab
966 3316 996 3350 eo
1014 3303 1080 3364 apud
1096 3313 1171 3362 quern
1186 3311 1226 3350 err

155 3364 211 3422 (μί
230 3363 385 3426 quaddguter,
415 3370 496 3430 inquit
519 3368 621 3418 Festus»
648 3371 674 3419 id
705 3375 809 3480 gentum
830 3368 969 3428 depositum
990 3369 1132 3416 habeamus.
1165 3366 1224 3414 Vid.

157 3433 203 3482 0⁸²·
220 3442 253 3476 ex
274 3429 473 3492 interpretatione
492 3434 598 3493 Decerii,
617 3435 674 3496 equi
731 3440 796 3481 unat.
808 3434 834 3480 iu
845 3431 943 3479 Terent.
961 3429 1061 3478 Pharin.
1074 3429 1131 3480 Act.
1141 3429 1171 3476 V.
1186 3430 1224 3478 Sc.

155 3491 198 3551 qui
220 3507 329 3552 currum,
349 3497 392 3544 ubi
414 3503 477 3546 esset
495 3499 555 3545 sella
573 3499 673 3555 curulis,
707 3497 729 3546 i.
759 3493 1018 3558 Ilicergohujueloci
1026 3501 1166 3542 mususest.
1184 3494 1224 3542 Ex

153 3558 291 3604 trahebant.
322 3559 509 3621 Magistratibus
526 3577 614 3625 nanpe
630 3577 673 3612 eu·
704 3563 748 3610 illa
758 3564 861 3624 pecunia
872 3561 897 3610 iu
908 3561 1022 3610 uarium
1033 3560 1121 3608 collau
1132 3559 1153 3606 si
1163 3559 1224 3620 quid
1246 3609 1252 3614 ,

153 3623 465 3688 ndibuseqmexpublieo
476 3628 654 3688 praebebantur.
704 3628 804 3688 pupillis
823 3627 933 3676 virtuteve
957 3630 1070 3686 emptum
1091 3631 1135 3672 aut
1153 3637 1224 3684 para·

186 3685 219 3733 86
232 3687 508 3754 Haetoeltujurgerrerir]
521 3693 672 3741 Hastresub-
705 3699 759 3740 tum
778 3693 849 3748 foret,
872 3693 898 3740 id
918 3697 1014 3751 emptor
1034 3703 1084 3736 non
1102 3693 1224 3750 presente

148 3748 308 3814 jiciehantur,
321 3754 348 3800 id
362 3762 410 3814 eat,
424 3757 495 3804 hasta
511 3759 591 3817 posita
606 3758 672 3806 veni·
703 3759 806 3817 pecunia
823 3757 941 3813 solvebat,
953 3757 998 3802 scd
1010 3750 1114 3817 jubebat
1130 3753 1192 3800 solvi
1207 3766 1224 3800 a

153 3817 222 3872 bant
245 3830 397 3880 quecunque
424 3821 520 3881 publice
548 3823 671 3870 venunda-
703 3829 834 3883 quaestore,
844 3827 869 3868 et
880 3819 991 3880 chiragra
1007 3821 1039 3866 ho
1056 3820 1122 3875 dato,
1137 3819 1223 3866 remit·
1319 3841 1328 3856 ο

152 3881 213 3928 bant
236 3881 356 3940 Romanir
385 3898 453 3932 more
478 3886 535 3932 inde
550 3888 670 3942 deducto,
703 3888 769 3933 tebet
790 3888 942 3933 venditorem
1028 3890 1184 3945 quaestorem,
1207 3897 1222 3931 a

151 3947 218 4007 quod
245 3945 331 4006 primis
352 3949 501 4010 temporibus
522 3965 552 3998 ea
574 3957 670 4000 tantum
702 3951 867 4012 qno'pretInm
880 3949 1017 4008 retempta
1028 3951 1172 3996 solueretur.

150 4010 385 4071 publicavenibant,
397 4029 451 4074 qnae
463 4015 669 4076 bedocaptaiue·
734 4015 766 4062 89
782 4013 972 4076 Medirtute'cus]
998 4014 1115 4060 Summus
1132 4013 1223 4073 magie-

150 4083 215 4124 rtrnt.
244 4074 286 4120 Ad
303 4076 400 4126 hastam
415 4093 512 4140 quoque
529 4081 618 4128 fiebant
634 4081 671 4127 lo·
702 4085 780 4126 trntns
801 4083 901 4139 Capua.
917 4077 972 4124 Vid.
989 4077 1123 4124 LXXIII.
1141 4091 1162 4121 c.
1179 4075 1220 4123 35.

150 4140 259 4188 atrones
275 4140 429 4199 publicorum
447 4157 559 4204 opernm.
584 4145 670 4204 Itaque
702 4143 802 4190 Meridie
813 4143 876 4204 apud
888 4145 957 4192 Orcus
971 4155 1053 4189 mmsis
1064 4141 1221 4204 ruage'atrrtur

151 4203 191 4263 qui
205 4204 280 4252 imru
296 4203 367 4264 nujus
380 4210 474 4267 gemb
489 4210 670 4256 numeravisti
701 4215 743 4258 art.
769 4209 887 4258 Fessus.

150 4276 216 4328 aunt,
227 4269 271 4333 qui
283 4268 405 4319 similibus
420 4274 492 4322 rebtra
507 4274 670 4323 conducendis
