3064 4976
460 196 554 258 LlB.
578 195 665 256 xxl.
694 196 801 256 CAP.
822 195 865 256 11.
1170 206 1202 260 ii

143 360 200 426 leri
215 361 272 426 des
296 361 440 428 oratione
453 383 559 430 rerum
574 377 764 446 concessam,
778 374 810 426 et
823 362 837 400 ⁶
848 359 1027 428 Sardiniam
1042 362 1126 426 inter
1138 366 1209 428 mri-

144 459 212 512 tum
228 451 258 514 A
272 450 349 513 ricae
362 448 482 526 ‚fraude
506 449 737 526 Romanorum,
762 447 1036 534 stipendioetiam
1059 449 1208 536 insuper‘

142 533 294 620 inposito,
310 536 529 622 interceptam.
1102 603 1106 612 ,

187 621 234 686 ΙΙ.
261 621 325 688 His
339 623 453 688 auxius
468 623 552 688 curis
566 621 611 686 ita
625 618 783 686 seAirico
797 619 893 703 bello,
908 620 995 709 quod
1010 620 1070 688 fuit
1083 621 1143 687 sub
1157 639 1209 687 rei

143 723 271 776 centem
297 709 477 774 Romanam
504 729 626 794 pacem,
641 708 720 793 ⁷per
764 706 883 794 uinque
907 731 1019 786 annos,
1034 709 1079 774 ita
1092 709 1208 776 deinde
1232 735 1236 742 ·

142 817 258 860 novem
280 794 372 860 aunis
392 796 427 860 in
454 795 611 880 Hispania
632 730 779 880 augendo
803 794 926 860 Punico
944 797 1076 882 imperio
1089 797 1205 896 gessit3

145 895 180 946 ut
190 881 370 967 adpareret,
384 883 486 968 majus
496 903 581 959 eum,
597 902 691 967 quam
709 881 794 966 quod
809 894 944 968 gereret,
957 882 1123 969 agitarem
1138 885 1208 960 anie

142 990 197 1034 mo
221 969 360 1034 bellurn:
383 983 423 1046 et,
439 969 465 1033 si
479 968 599 1034 diutius
614 967 751 1044 vixisset,
775 967 961 1044 Hamilcare
982 967 1064 1034 duce
1086 968 1208 1034 Poenos

143 1077 234 1123 arma
258 1055 361 1120 Italiae
384 1056 536 1124 inlaturos
557 1053 661 1130 luisse,
676 1075 749 1141 quie
765 1054 957 1120 Hannibalis
971 1053 1070 1120 ductu
1090 1055 1207 1134 intule-

143 1155 231 1216 runt.
275 1142 288 1182 ⁸
301 1142 394 1212 Mors
410 1141 606 1206 Hamilcaris
627 1157 865 1225 peropportuna
879 1155 911 1206 et
926 1142 1061 1226 pucritia
1077 1141 1330 1210 Hanni-Moritur.

144 1227 225 1292 belis
250 1229 442 1308 distulerunt
468 1228 596 1293 bellum.
643 1226 772 1292 Medius
788 1227 971 1293 Hasdrubal
986 1229 1069 1294 inter
1083 1241 1206 1314 patrem
1215 1243 1354 1292 rimamini

145 1328 177 1380 et
190 1315 292 1380 filium
317 1329 391 1380 octo
415 1315 515 1380 ferme
538 1334 638 1380 annos
652 1313 990 1398 imperiumobtinuit3
1012 1315 1090 1380 flore
1105 1310 1328 1421 ffi-mllsffiffl

145 1404 205 1484 (uti
220 1402 341 1484 ferunt)
361 1403 466 1492 primo
482 1399 659 1466 Hamilcari
675 1399 878 1466 conciliatus:
900 1423 999 1488 gener
1012 1401 1088 1468 iude
1102 1403 1145 1468 ob
1160 1401 1207 1467 al·

143 1501 208 1554 tam
234 1489 376 1555 indolem
400 1489 573 1573 ⁹provecto
594 1487 685 1551 annis
708 1486 855 1565 adscitus,
870 1500 912 1566 et,
929 1489 1003 1589 quia
1016 1511 1115 1576 gener
1128 1502 1206 1571 erat,

143 1575 168 1614 ¹⁰
179 1575 325 1641 factionis
349 1575 496 1640 Barcinae
519 1574 643 1659 opibus,
665 1597 740 1663 ,quae
764 1573 851 1658 apud
877 1575 993 1640 milites
1018 1575 1207 1664 plebemque

143 1661 215 1746 plus
237 1685 334 1748 quam
364 1662 498 1727 modica
523 1675 625 1737 erant,
639 1658 726 1724 haud
747 1684 822 1726 sane
835 1661 998 1726 voluntate
1011 1661 1206 1749 principum,

143 1749 279 1835 imperio
293 1751 423 1835 potitus.
467 1748 513 1848 Is,
528 1747 620 1833 plura
635 1745 778 1826 consilio,
794 1770 889 1833 quam
905 1749 947 1824 vi,
959 1771 1082 1836 gerens,
1099 1749 1206 1834 bospi-

144 1837 198 1902 tiis
211 1838 393 1922 regulorum
409 1855 520 1923 magra,
536 1833 804 1920 conciliandisque
823 1856 881 1920 per
895 1835 1066 1900 amicitiam
1087 1837 1202 1921 priuci-

143 1945 220 2008 pum
241 1923 332 1988 novis
346 1922 504 2012 gentibus,
520 1943 616 2008 quam
630 1919 716 1985 bello
739 1932 795 1985 aut
817 1923 923 2000 armis,
939 1944 1007 1988 rem
1031 1921 1206 2012 Karthagi-

142 2010 283 2078 niensem
299 2011 402 2074 auxit.
449 2009 598 2074 Ceterum
614 2005 715 2072 nihilo
729 2009 758 2072 ei
772 2028 836 2092 pax
850 2009 948 2073 tutior
961 2008 1030 2074 suit.
1052 2009 1206 2076 barbarus

142 2119 215 2178 cum
230 2095 361 2184 quidam
377 2095 493 2182 palam,
510 2095 552 2159 ob
568 2097 646 2158 iram
662 2093 818 2160 interlecti
830 2097 869 2160 ab
881 2116 920 2160 eo
931 2095 1062 2173 domini,
1075 2097 1321 2163 obtain-occicus.

143 2186 242 2259 cavit3
274 2181 584 2267 comprehensusque
621 2181 660 2244 ab
697 2181 973 2247 circumstantibus
1010 2181 1097 2248 haud
1130 2185 1205 2262 alio,

143 2293 238 2356 quam
261 2271 287 2333 si
310 2271 467 2346 evasisset,
483 2267 590 2344 vultu3
613 2270 778 2333 tormentis
793 2291 919 2354 quoque
934 2291 1032 2356 quum
1051 2269 1207 2336 lacerare·

143 2369 206 2434 tur,
221 2380 262 2422 eo
276 2355 337 2422 fuit
351 2356 463 2422 habitu
477 2356 553 2433 oris,
574 2365 620 2431 ut,
636 2372 804 2438 superante
823 2355 933 2420 laetitia
949 2354 1085 2434 dolores,
1102 2356 1207 2434 riden-

143 2443 182 2522 tis
206 2446 302 2508 etiam
326 2445 462 2528 speciem
489 2441 670 2526 praebuerit.
716 2441 800 2506 Cum
823 2441 884 2506 hoc
902 2441 1117 2520 Hasdrubale,
1133 2443 1208 2530 quia

144 2531 233 2594 mirae
242 2530 320 2594 artis
331 2531 363 2594 in
373 2527 578 2606 sollicitandis
588 2527 748 2616 gentibus,
760 2528 957 2616 imperioque
966 2528 1138 2615 jungendis
1148 2552 1207 2594 suo

143 2615 254 2696 fuerat,
275 2616 378 2682 liedus
394 2630 597 2682 renovaverat
613 2613 750 2700 populus
767 2615 941 2694 Romanus,
958 2628 994 2682 ut
1008 2615 1032 2654 ¹¹
1041 2617 1114 2681 finis
1128 2618 1207 2682 utri-

493 2809 505 2839 i
522 2809 690 2870 superinposito
701 2809 776 2858 Gron.
788 2810 858 2858 Grev.

144 2977 252 3024 rantibus
276 2977 307 3023 de
331 2988 430 3022 summa
453 2977 577 3036 republica
604 2975 662 3022 Gar·
725 2973 1208 3038 a·MorsAmtreara]nmiicarinprae-

144 3042 342 3101 theginiensibua
375 3041 505 3087 Judicabat
521 3053 609 3101 nempe
627 3041 661 3087 A·
692 3041 726 3087 iio
747 3041 852 3100 quodam
874 3042 989 3087 adversus
1004 3040 1125 3088 Vetrones
1146 3044 1209 3090 fero-

145 3105 228 3153 milcar
239 3108 300 3160 auis,
311 3105 386 3152 etiam
404 3111 460 3165 post
473 3105 566 3153 cladem
578 3106 610 3152 ad
620 3105 661 3150 Ε·
693 3105 802 3152 cissimos
815 3105 939 3164 Hispania
952 3107 1064 3165 populos,
1081 3105 1209 3156 fortissime

145 3177 211 3229 gates
221 3171 324 3228 insulas,
335 3183 376 3215 eas
392 3170 538 3228 superfuisse
549 3170 621 3224 vires,
632 3175 661 3216 ut
692 3170 811 3216 dimicans
822 3170 942 3217 occubuit.
974 3171 1081 3223 Quidam
1096 3186 1153 3217 eum
1169 3175 1209 3220 fu·

146 3235 235 3280 beilum
247 3236 328 3282 adhuc
345 3235 456 3293 tolerare,
468 3241 512 3282 aut
525 3241 590 3282 certe
609 3247 661 3280 me-
692 3235 809 3294 gicntem,
830 3235 947 3290 fluminis,
975 3233 1001 3280 in
1028 3236 1092 3296 quod
1115 3237 1209 3297 ingredi
1278 3275 1281 3284 .

145 3297 243 3346 iioribus
254 3299 433 3346 conditionibus
444 3299 512 3346 finire
523 3303 628 3359 possent.
693 3300 891 3357 coactusiirerat,
903 3300 1034 3348 vorticibus
1050 3305 1148 3360 raptum
1167 3315 1210 3362 pe.

176 3361 383 3410 d'Snrdiaiom.
403 3393 411 3410 .
428 3362 588 3425 interceptam]
612 3363 661 3408 Ro-
693 3363 752 3410 risse
762 3364 869 3410 tradunt.

145 3428 210 3474 maai
231 3441 263 3474 ex
287 3427 442 3488 quibusdam,
463 3441 506 3474 eeu
528 3427 600 3486 veris,
618 3441 661 3473 ren
726 3426 960 3491 erraveramus]
979 3425 1210 3491 Hocaconjectura

145 3492 176 3538 ad
196 3497 294 3552 tempus
315 3491 377 3538 fietis
395 3492 487 3539 irarum
503 3493 591 3551 cande,
612 3493 661 3538 bei·
694 3491 771 3552 Liprii
797 3499 848 3538 est:
878 3507 952 3552 quam
980 3495 1061 3540 firmat
1087 3507 1151 3541 unus
1178 3511 1209 3544 ex

145 3556 196 3602 lum
215 3555 454 3617 Carthaginiensibus
475 3563 530 3603 tum
551 3558 662 3604 decrevc-
695 3555 797 3604 Hoarnii
815 3557 945 3614 codicibus,
957 3559 1000 3618 qui
1018 3559 1091 3604 habet
1107 3559 1210 3622 prirfecto

146 3627 209 3676 mna,
231 3635 310 3680 quum
332 3621 359 3666 hi
383 3633 414 3666 cx
433 3621 516 3668 Africo
537 3622 601 3667 bello
619 3623 661 3668 vix
693 3621 770 3668 anab.
803 3621 882 3668 ceteri
901 3621 1027 3686 proserius,
1048 3623 1087 3669 vei
1104 3624 1210 3686 Μαρια

147 3685 206 3732 bene
228 3688 391 3733 emersissent.
424 3686 464 3732 lta
480 3685 662 3746 Carthaginien·
692 3687 777 3734 animi.

146 3761 182 3796 ees
201 3750 292 3804 beilum
310 3750 484 3811 gravissimum
500 3751 579 3798 alieno
599 3757 661 3796 tem·
727 3749 758 3797 10
784 3751 905 3798 Factiorrir
938 3752 1060 3814 Barcina]
1100 3753 1210 3802 Amilcar

146 3827 201 3874 porc
224 3815 346 3875 suscipere
368 3815 487 3872 nolentes,
511 3829 561 3862 non
587 3816 661 3862 modo
692 3816 907 3876 cognominabatur
922 3816 1011 3862 Barca.
1038 3817 1104 3866 Hinc
1120 3833 1210 3866 nornen

146 3891 236 3926 curere
262 3879 382 3934 Sardinia,
403 3880 446 3925 aed
473 3880 556 3934 etiam,
578 3885 661 3940 postu-
692 3880 792 3928 factioni
801 3879 917 3926 Barcinae.

146 3943 250 3991 laudans
269 3944 396 4000 Romanis,
414 3945 446 3992 ad
466 3945 571 4004 priorem
593 3951 660 3990 snm-
727 3943 753 3991 11
774 3945 844 3990 Finis
854 3946 976 4007 areasque
984 3947 1081 4006 imperia·
1091 3952 1209 3996 emtam·

145 4017 221 4068 marn,
247 4021 322 4068 quam
348 4009 489 4069 pepigerant
513 4008 601 4056 imdere
630 4010 662 4056 ad
693 4009 730 4056 nir
750 4008 844 4072 iberas]
866 4009 927 4057 llaec
947 4025 995 4057 non
1015 4013 1050 4059 ita
1071 4014 1209 4072 accipienda

147 4071 242 4134 Egestas
262 4074 356 4119 marias
377 4073 436 4131 icto,
456 4069 596 4135 adjecerunt
623 4086 661 4119 ar-
694 4080 760 4128 sunt,
777 4086 838 4134 quas
853 4079 904 4120 tota
919 4080 987 4122 trans
1001 4077 1100 4124 iberum
1120 4077 1210 4138 Hispa·

146 4139 209 4196 genti
221 4139 315 4203 taleam
324 4138 393 4184 mille
403 4139 515 4188 ducenta.
693 4140 734 4184 nia
749 4138 968 4200 Carthaginienses,
987 4147 1039 4188 tota
1057 4143 1092 4188 cia
1110 4141 1207 4189 iberum

177 4201 257 4248 iPer
275 4204 377 4261 quiaque
397 4203 481 4266 aanor]
505 4203 601 4250 Bellum
624 4204 659 4248 A·
694 4203 798 4250 Romani
816 4203 1005 4252 dominarentur.
1038 4205 1077 4253 Ex
1094 4207 1123 4252 iis
1141 4209 1208 4253 enim

147 4265 230 4314 irinum
250 4266 365 4328 Polybius
377 4266 535 4314 tribuaannia
552 4273 660 4316 tautum·
693 4283 748 4328 qum
766 4268 829 4314 inira
847 4276 1014 4316 memorantur
1029 4278 1104 4330 patet,
1117 4270 1208 4317 multos

147 4331 291 4380 modorum
311 4336 417 4392 quatuor
430 4332 553 4381 mensibus
564 4339 661 4392 gestum
694 4338 760 4378 trans
772 4333 869 4379 iberum
886 4335 987 4392 populos
999 4335 1079 4382 Poenis
1098 4349 1147 4382 nou
1166 4348 1208 4394 pa·

145 4396 326 4452 emereribini.
340 4395 361 4443 1.
374 4409 394 4444 c·
407 4396 451 4446 ult.
693 4397 779 4454 ruber,
807 4397 973 4446 iionranorum
1000 4406 1083 4448 autam
1109 4399 1209 4446 didonis
