3140 4972
483 209 710 272 L1u=xxttt
727 211 841 270 ‘CAR
860 209 896 268 V.
1168 215 1223 270 201

162 401 212 466 ,pu
289 376 387 442 'e'in
408 375 601 442 omoiooem'
616 373 784 475 producto,
813 376 892 456 (erat
916 383 1022 440 autem
1045 371 1225 460 quindecim
1234 369 1374 444 uester„

166 454 243 530 tube
276 483 363 528 erme
385 463 556 542 annorum)
571 481 692 547 panesa,
706 462 761 548 qui
783 481 843 544 per
865 462 1053 527 concionem
1075 459 1116 524 ad
1137 460 1389 524 exet-ww

166 550 281 616 tandus
299 548 459 630 ,clamores
483 547 627 632 dispositi
656 560 755 626 erant,
781 547 1033 633 adprobantibus
1060 559 1229 611 testamen-

168 650 247 712 tum,
264 636 376 700 ceteris
394 634 479 698 velut
500 649 590 719 patre
611 635 727 699 amisso
752 636 785 697 in
810 636 889 698 orba
912 633 1038 698 civitate
1060 632 1169 698 omnia
1188 633 1230 697 ti·

167 722 336 798 mentibus,
350 721 446 784 funus
460 721 497 784 fit
511 742 546 783 re
569 721 644 801 ‘uua
660 721 761 809 magis
782 741 890 784 amoro
910 719 1026 784 civium
1041 739 1073 784 et
1087 720 1229 797 caritate,

169 831 266 897 quarn
281 831 357 872 cura
371 829 514 883 snorum,
563 805 695 872 celebre.
739 805 869 873 Deinde
886 819 1007 871 ceteros
1020 805 1230 872 tutoressnb-

168 909 273 960 moret
287 894 549 970 Andranorlorua,
567 895 714 979 juvenem
731 894 800 980 jam
821 913 887 958 esse
901 893 1049 957 dictitans
1065 892 1237 980 Hierony-'

170 1003 269 1058 mum,
293 1002 331 1046 ac
355 981 445 1065 regni
470 992 647 1064 potentem:
678 978 964 1066 ”deponendoque
993 978 1135 1043 tutelam·
1152 981 1231 1066 ipae,

171 1089 330 1156 quaecum
348 1066 493 1152 pluribus
506 1066 684 1132 communis
705 1078 785 1144 erat,
801 1065 834 1130 in
855 1087 888 1128 se
909 1085 1007 1130 unum
1027 1065 1171 1130 omnirun
1184 1065 1232 1130 ri·

171 1179 220 1220 rea
235 1154 401 1219 convertit.
493 1181 495 1188 ’
1040 1156 1043 1166 ’

214 1241 258 1306 V.
280 1240 348 1303 Vix
362 1239 488 1324 quidem
514 1237 570 1302 ulli
596 1237 682 1302 bono
708 1239 933 1324 moderatoque
951 1238 1019 1326 regi
1039 1237 1139 1302 facilis
1164 1249 1236 1302 erat

172 1326 259 1390 lavor
281 1325 368 1408 apud
383 1327 605 1411 Syracusanos,
620 1324 834 1389 ”succedenti
854 1339 952 1388 tantoe
973 1324 1097 1388 caritati
1113 1324 1234 1391 Hiero·

173 1414 230 1477 nis.
253 1433 363 1476 verunt
386 1411 469 1476 enim
485 1432 561 1474 vero
580 1410 809 1497 Hieronymus,
824 1411 910 1475 velut
931 1412 995 1476 suis
1009 1409 1093 1476 vitiis
1111 1410 1234 1476 deside·
1242 1421 1387 1484 Hieronymi

173 1499 304 1564 rabilem
327 1498 449 1562 efficere
463 1497 556 1561 vellet
577 1520 683 1573 avum,
705 1498 810 1582 primo
833 1498 937 1562 statim
961 1510 1142 1582 conspectu,
1165 1487 1309 1561 οιιι-νίἱίι

173 1586 335 1671 alequam
359 1584 497 1667 disparia
517 1595 630 1659 essent,
646 1583 795 1649 ostendit.
818 1605 892 1648 narn
909 1585 962 1669 qui
985 1605 1043 1666 per
1064 1595 1113 1647 tot
1134 1605 1235 1648 annos

177 1671 352 1736 Hieronem
376 1669 541 1755 filiumque
560 1671 626 1755 ejus
648 1669 815 1746 Gelonem,
838 1691 897 1734 nec
914 1672 1007 1734 vestis
1032 1668 1154 1747 habitu,
1176 1691 1237 1734 nec

177 1758 240 1822 alio
255 1757 319 1822 ullo
339 1757 455 1842 insigni
475 1752 656 1820 differentes
679 1759 826 1821 acetaria
847 1755 970 1820 civibus
984 1756 1143 1833 vidissent,
1159 1775 1237 1820 cort·

76 1913 79 1923 ¹
177 1864 306 1928 spexere
323 1863 510 1927 purpuram,
527 1865 564 1906 ac
585 1841 741 1921 diadema,
756 1865 794 1906 ac
812 1841 958 1907 satellites
980 1853 1135 1919 arrnatos3
1158 1865 1238 1928 qua-

177 1928 337 2016 drigisque
351 1929 444 1994 etiarn
460 1929 606 1992 alborum
622 1949 775 2014 equorum
792 1928 953 1994 interdum
967 1949 1009 1992 ex
1023 1928 1111 2013 regia
1125 1949 1238 2013 proce-

174 2015 314 2092 dentem,
329 2031 419 2078 more
441 2015 589 2102 Dionysii
603 2017 741 2102 tyranni.
788 2014 888 2080 Hunc
909 2028 975 2080 tarn
993 2015 1165 2098 superbum
1181 2015 1239 2080 ed-

178 2115 325 2185 paratum
349 2100 557 2187 habitumque
580 2101 835 2166 ⁸⁰convenientes
860 2103 1073 2186 sequebantur
1097 2115 1239 2166 contem-

176 2200 228 2252 tus
249 2187 392 2251 omnium
414 2185 590 2264 hominurn,
606 2188 750 2272 superbae
772 2186 1149 2265 auren=³¹contumeliosa
1170 2187 1240 2252 dic-

175 2285 218 2352 ta,
234 2273 299 2339 rari
320 2274 435 2350 aditus,
451 2295 515 2338 uon
538 2273 648 2339 alienia
667 2273 774 2352 modo,
790 2273 846 2338 sed
867 2275 1024 2339 tutoribus
1045 2271 1151 2351 eliam,
1167 2272 1240 2339 libi·

177 2359 268 2427 dines
293 2381 395 2438 noras,
426 2359 601 2424 inhumana
627 2360 806 2426 crudelitas.
852 2361 965 2447 Itaque
993 2369 1101 2426 tantus
1129 2381 1242 2427 omues

178 2459 281 2512 terror
301 2446 468 2523 invaserat,
477 2455 520 2526 jut
534 2445 662 2532 quidam
678 2469 718 2512 ex
734 2447 892 2512 tutoribus
909 2459 965 2512 aut
978 2460 1080 2512 morte
1094 2443 1240 2512 volunta-

179 2533 237 2613 ria,
253 2543 309 2598 aut
330 2531 407 2620 iuga
449 2545 653 2596 raevertcrent
675 2545 794 2600 metum
816 2533 1056 2618 suppliciorum.
1100 2531 1182 2598 Tres
1201 2555 1243 2600 ex

178 2619 227 2697 iis,
248 2619 364 2711 quibus
386 2555 460 2684 solis
480 2619 585 2685 aditus
608 2619 641 2683 in
661 2620 791 2684 domum
812 2618 996 2685 familiarior
1018 2632 1096 2695 erat,
1114 2619 1242 2686 Andra-
1314 2619 1317 2624 ’

146 2731 150 2738 ·
178 2703 320 2770 nodorus
334 2715 367 2769 et
382 2705 443 2770 Zoi
465 2727 535 2791 pus,
549 2708 658 2791 generi
676 2705 839 2784 Hieronis,
855 2719 887 2770 et
902 2707 1029 2772 Thraso
1042 2705 1184 2792 quidam,
1201 2706 1242 2772 de

180 2791 248 2857 nliis
264 2791 392 2878 quidem
407 2727 501 2858 relius
517 2793 602 2858 haud
617 2813 808 2882 magnopere
829 2794 1057 2859 audiebanturr
1080 2792 1243 2858 tendendo

132 2901 134 2910 ¹
179 2888 285 2944 autem
310 2877 376 2942 dno
400 2878 441 2943 ad
458 2877 747 2966 Karthaginienses,
763 2879 890 2944 Thraso
911 2879 952 2944 ad
974 2881 1154 2944 societatem
1175 2881 1242 2946 Ro·

179 2985 318 3041 menam,
334 2967 504 3030 certamine
530 2987 567 3030 ac
592 2965 702 3030 studiis
727 2967 886 3030 interdum
907 2967 941 3029 in
964 2989 996 3031 se
1015 2967 1243 3032 convertebant
1300 2967 1308 2976 “

180 3051 321 3116 animum
346 3051 570 3116 adolescentis:
607 3073 681 3116 cum
710 3053 897 3139 conjuratio,
927 3052 960 3116 in
989 3054 1117 3138 tyranni
1146 3064 1403 3148 caputconfprnuo

1249 3150 1276 3184 tn
1287 3148 1340 3198 eJua
1352 3148 1391 3182 ea·

755 3249 758 3256 ,
1249 3206 1303 3262 rut

213 3267 245 3316 27
263 3267 353 3318 Celebre
369 3267 461 3331 nnec]
479 3269 534 3316 ror.
548 3269 609 3317 liber
623 3269 696 3316 habet
727 3268 836 3334 teruptur]
858 3271 962 3333 Vulgati
981 3271 1099 3318 auctiores
1118 3284 1168 3319 une
1184 3285 1244 3318 voce

182 3333 290 3380 ulcerent
310 3333 405 3380 deiude:
433 3335 498 3381 unde
525 3334 630 3393 proclive
659 3340 696 3382 eet
727 3337 977 3397 habentesquebautur
991 3349 1073 3384 morer.
1106 3336 1159 3384 Nec
1170 3337 1245 3392 male,

180 3398 287 3444 efficeres
303 3397 392 3445 tekire.
415 3397 588 3446 Breue'deinde.
728 3401 749 3446 ai
771 3400 844 3448 MSS.
865 3401 1048 3450 assentirentur.
1080 3399 1136 3446 Non
1160 3405 1245 3448 tamen

215 3461 248 3510 28
262 3461 444 3526 nepoomuque
461 3464 558 3510 tutelam
574 3463 632 3524 ipre,
647 3477 697 3525 quoe
728 3465 828 3522 omnino
839 3467 972 3514 necessaria
981 3472 1019 3512 eet
1027 3477 1075 3512 vox
1085 3477 1166 3511 utores.
1193 3464 1245 3512 Ad-

181 3525 355 3588 cumpluribus
370 3529 498 3574 mnmruue'e
507 3525 573 3591 aar]
589 3528 650 3576 Haec
661 3534 698 3574 eet
727 3525 847 3590 jectivum
858 3532 924 3578 enim
940 3531 1096 3577 muueuimtee
1111 3534 1191 3590 potest
1206 3543 1245 3576 re-

181 3589 327 3652 scriptorum
337 3591 547 3639 omniumlectior
564 3593 697 3652 quenobia
729 3595 787 3640 terri
806 3595 837 3642 ad
857 3610 886 3642 ea
912 3595 994 3644 omnia
1016 3609 1072 3656 quoe
1099 3599 1245 3658 sequuntur,

182 3653 314 3716 elegantior
324 3656 377 3702 vise
392 3664 438 3710 eat,
455 3670 529 3716 quam
541 3657 649 3718 vtdgata,
659 3657 698 3704 de·
729 3663 880 3718 contemptus,
891 3659 993 3721 superbe
1003 3673 1081 3718 eures,
1093 3660 1138 3708 &a

179 3719 326 3781 poumdcyue
337 3719 443 3776 tutelam,
455 3734 505 3782 yuae
516 3723 563 3782 ipm
579 3735 632 3768 cum
644 3721 698 3782 plu·
762 3721 792 3769 31
812 3725 980 3772 Contumeliam
998 3725 1068 3782 dicto,
1088 3725 1139 3772 ruri
1158 3723 1245 3782 addan,

184 3781 255 3831 ritus.
729 3800 775 3832 nort
791 3787 873 3836 alienis
890 3789 964 3844 ruodo,
976 3789 1015 3836 red
1031 3791 1146 3838 tumtun
1161 3791 1245 3854 etiem]

214 3847 246 3896 29
262 3847 399 3896 Succedentr‘
414 3853 486 3898 teuta
500 3851 600 3898 enuere·
609 3849 698 3897 Hiero·
730 3851 796 3898 otim
812 3854 887 3900 editis
906 3852 1068 3901 contuereliora
1083 3855 1154 3914 dictu,
1167 3854 1247 3904 oditur

184 3911 234 3988 uie]
262 3913 373 3968 Hieroni,
393 3913 436 3976 qni
458 3921 509 3962 tarn
530 3927 600 3962 carus
619 3915 698 3962 iuerat
730 3928 776 3962 nou
793 3917 1157 3972 eunomianorum
1174 3923 1247 3968 etium

184 3978 285 4024 civrbua.
306 3977 377 4024 stet.
395 3977 441 4025 tv.
456 3993 478 4025 c.
493 3979 532 4028 11.
556 3992 599 4040 quo
615 3980 699 4041 mojori
730 3977 839 4040 difficiles.
872 3981 918 4030 Sed
940 3996 1030 4030 nomen
1052 3983 1156 4045 difficiles
1179 3985 1247 4033 nullo

182 4041 265 4100 glcrioe
283 4055 363 4108 rerunt
384 4041 448 4090 domi
455 4042 563 4106 forisque
579 4048 699 4102 gesturum
730 4045 757 4090 in
768 4045 857 4106 scripto
868 4053 954 4094 exstat.
971 4046 1054 4100 Quum
1066 4050 1141 4110 igitur
1153 4049 1248 4099 Grono-

184 4105 300 4153 ruccedere
318 4121 342 4154 re
359 4107 489 4156 sermione.
521 4108 590 4156 Libri
608 4109 698 4156 habue-
731 4109 785 4156 vine
806 4112 922 4170 reperiret
941 4112 966 4158 in
988 4111 1043 4158 Put.
1061 4115 1143 4161 codice
1162 4113 1247 4162 dictari

184 4177 239 4218 rant
259 4173 369 4229 caritate,
390 4173 455 4233 quod
475 4173 583 4222 evidenti
605 4174 699 4221 ratione
730 4172 1156 4239 odttm,indeil1eeffecitidquod
1172 4181 1249 4228 habea

186 4235 289 4284 mutavit
297 4235 434 4283 Gronovius
444 4237 469 4283 iu
480 4238 583 4286 arturi.
732 4238 757 4286 iu
768 4244 890 4289 contextu.

216 4299 249 4348 80
274 4300 438 4351 comuste
464 4303 613 4366 sequebantur
644 4315 698 4350 tou·
