<?xml version="1.0" encoding="UTF-8"?>
<!DOCTYPE html PUBLIC "-//W3C//DTD XHTML 1.0 Transitional//EN"
    "http://www.w3.org/TR/xhtml1/DTD/xhtml1-transitional.dtd">
<html xmlns="http://www.w3.org/1999/xhtml" xml:lang="en" lang="en">
 <head>
  <title>
</title>
<meta http-equiv="Content-Type" content="text/html;charset=utf-8" />
  <meta name='ocr-system' content='tesseract 3.04.00' />
  <meta name='ocr-capabilities' content='ocr_page ocr_carea ocr_par ocr_line ocrx_word'/>
</head>
<body>
  <div class='ocr_page' id='page_1' title='image "./tliviipatavinih00crevgoog_0056.png"; bbox 0 0 3064 4976; ppageno 0'>
   <div class='ocr_carea' id='block_1_1' title="bbox 426 163 1178 257">
    <p class='ocr_par' dir='ltr' id='par_1_1' title="bbox 426 163 1178 257">
     <span class='ocr_line' id='line_1_1' title="bbox 426 163 1178 257; baseline -0.004 -12"><span class='ocrx_word' id='word_1_1' title='bbox 426 185 519 246; x_wconf 76' lang='lat' dir='ltr'><strong><em>nra</em></strong></span> <span class='ocrx_word' id='word_1_2' title='bbox 541 163 637 244; x_wconf 63' lang='lat' dir='ltr'><strong><em>xxi}</em></strong></span> <span class='ocrx_word' id='word_1_3' title='bbox 656 180 758 246; x_wconf 80' lang='lat' dir='ltr'><strong><em>oar.-</em></strong></span> <span class='ocrx_word' id='word_1_4' title='bbox 783 183 884 244; x_wconf 75' lang='lat' dir='ltr'><strong><em>xuu.</em></strong></span> <span class='ocrx_word' id='word_1_5' title='bbox 1140 193 1178 257; x_wconf 78' lang='lat' dir='ltr'><strong><em>a</em></strong></span> 
     </span>
    </p>
   </div>
   <div class='ocr_carea' id='block_1_2' title="bbox 19 343 1343 3450">
    <p class='ocr_par' dir='ltr' id='par_1_2' title="bbox 114 343 1332 692">
     <span class='ocr_line' id='line_1_2' title="bbox 114 343 1322 436; baseline 0.002 -22"><span class='ocrx_word' id='word_1_6' title='bbox 114 350 223 414; x_wconf 80' lang='lat' dir='ltr'><strong><em>sidium</em></strong></span> <span class='ocrx_word' id='word_1_7' title='bbox 234 350 367 414; x_wconf 72' lang='lat' dir='ltr'><strong><em>dedamit</em></strong></span> <span class='ocrx_word' id='word_1_8' title='bbox 378 349 418 413; x_wconf 85' lang='lat' dir='ltr'><strong><em>ab</em></strong></span> <span class='ocrx_word' id='word_1_9' title='bbox 428 345 547 435; x_wconf 67' lang='lat' dir='ltr'><strong><em>Eryci.-</em></strong></span> <span class='ocrx_word' id='word_1_10' title='bbox 561 351 616 435; x_wconf 87' lang='lat' dir='ltr'><strong><em>qui</em></strong></span> <span class='ocrx_word' id='word_1_11' title='bbox 625 369 737 435; x_wconf 87' lang='lat' dir='ltr'><strong><em>graues</em></strong></span> <span class='ocrx_word' id='word_1_12' title='bbox 747 349 897 432; x_wconf 62' lang='lat' dir='ltr'><strong><em>umentes</em></strong></span> <span class='ocrx_word' id='word_1_13' title='bbox 905 348 993 414; x_wconf 83' lang='lat' dir='ltr'><strong><em>uictis</em></strong></span> <span class='ocrx_word' id='word_1_14' title='bbox 1003 343 1178 436; x_wconf 78' lang='lat' dir='ltr'><strong><em>Kanlagi·</em></strong></span> <span class='ocrx_word' id='word_1_15' title='bbox 1186 364 1214 412; x_wconf 88' lang='lat' dir='ltr'><strong><em>u.</em></strong></span> <span class='ocrx_word' id='word_1_16' title='bbox 1227 363 1253 412; x_wconf 91' lang='lat' dir='ltr'><strong><em>c.</em></strong></span> <span class='ocrx_word' id='word_1_17' title='bbox 1265 363 1322 416; x_wconf 78' lang='lat' dir='ltr'><strong><em>ast.</em></strong></span> 
     </span>
     <span class='ocr_line' id='line_1_3' title="bbox 114 427 1332 520; baseline 0.002 -22"><span class='ocrx_word' id='word_1_18' title='bbox 114 436 269 500; x_wconf 74' lang='lat' dir='ltr'><em>aiensibus</em></span> <span class='ocrx_word' id='word_1_19' title='bbox 277 439 359 519; x_wconf 87' lang='lat' dir='ltr'><strong><em>leges</em></strong></span> <span class='ocrx_word' id='word_1_20' title='bbox 354 438 687 520; x_wconf 86' lang='lat' dir='ltr'><strong><em>fremensmcerensque</em></strong></span> <span class='ocrx_word' id='word_1_21' title='bbox 695 438 829 520; x_wconf 82' lang='lat' dir='ltr'><strong><em>accepit.-</em></strong></span> <span class='ocrx_word' id='word_1_22' title='bbox 844 437 899 520; x_wconf 91' lang='lat' dir='ltr'><strong><em>qui</em></strong></span> <span class='ocrx_word' id='word_1_23' title='bbox 906 437 1048 500; x_wconf 86' lang='lat' dir='ltr'><strong><em>decedere</em></strong></span> <span class='ocrx_word' id='word_1_24' title='bbox 1054 436 1175 515; x_wconf 84' lang='lat' dir='ltr'><strong><em>Sicilia,</em></strong></span> <span class='ocrx_word' id='word_1_25' title='bbox 1185 431 1216 478; x_wconf 46' lang='grc' dir='ltr'>Α</span> <span class='ocrx_word' id='word_1_26' title='bbox 1225 432 1254 478; x_wconf 80' lang='lat'><strong><em>⁰·</em></strong></span> <span class='ocrx_word' id='word_1_27' title='bbox 1266 427 1332 482; x_wconf 46' lang='lat'><strong><em>²¹⁸&amp;</em></strong></span> 
     </span>
     <span class='ocr_line' id='line_1_4' title="bbox 114 523 1178 606; baseline 0.003 -21"><span class='ocrx_word' id='word_1_28' title='bbox 114 523 164 605; x_wconf 90' lang='lat' dir='ltr'><strong><em>qui</em></strong></span> <span class='ocrx_word' id='word_1_29' title='bbox 173 523 369 604; x_wconf 83' lang='lat' dir='ltr'><strong><em>stipendium</em></strong></span> <span class='ocrx_word' id='word_1_30' title='bbox 389 525 504 606; x_wconf 90' lang='lat' dir='ltr'><strong><em>populo</em></strong></span> <span class='ocrx_word' id='word_1_31' title='bbox 517 525 659 602; x_wconf 85' lang='lat' dir='ltr'><strong><em>Romano</em></strong></span> <span class='ocrx_word' id='word_1_32' title='bbox 681 523 758 586; x_wconf 88' lang='lat' dir='ltr'><strong><em>dare</em></strong></span> <span class='ocrx_word' id='word_1_33' title='bbox 772 533 884 604; x_wconf 84' lang='lat' dir='ltr'><strong><em>pactus</em></strong></span> <span class='ocrx_word' id='word_1_34' title='bbox 897 531 951 587; x_wconf 87' lang='lat' dir='ltr'><strong><em>est.</em></strong></span> <span class='ocrx_word' id='word_1_35' title='bbox 994 523 1107 606; x_wconf 89' lang='lat' dir='ltr'><strong><em>Itaque</em></strong></span> <span class='ocrx_word' id='word_1_36' title='bbox 1125 544 1178 588; x_wconf 85' lang='lat' dir='ltr'><strong><em>nos</em></strong></span> 
     </span>
     <span class='ocr_line' id='line_1_5' title="bbox 115 609 1177 692; baseline 0.002 -22"><span class='ocrx_word' id='word_1_37' title='bbox 115 630 175 692; x_wconf 89' lang='lat' dir='ltr'><strong><em>ego,</em></strong></span> <span class='ocrx_word' id='word_1_38' title='bbox 188 609 317 685; x_wconf 87' lang='lat' dir='ltr'><strong><em>milites,</em></strong></span> <span class='ocrx_word' id='word_1_39' title='bbox 329 629 393 671; x_wconf 75' lang='lat' dir='ltr'><strong><em>raon</em></strong></span> <span class='ocrx_word' id='word_1_40' title='bbox 405 631 439 672; x_wconf 91' lang='lat' dir='ltr'><strong><em>eo</em></strong></span> <span class='ocrx_word' id='word_1_41' title='bbox 449 611 542 672; x_wconf 78' lang='lat' dir='ltr'><strong><em>somn</em></strong></span> <span class='ocrx_word' id='word_1_42' title='bbox 553 611 666 686; x_wconf 91' lang='lat' dir='ltr'><strong><em>animo,</em></strong></span> <span class='ocrx_word' id='word_1_43' title='bbox 679 629 737 692; x_wconf 77' lang='lat' dir='ltr'><strong><em>qam</em></strong></span> <span class='ocrx_word' id='word_1_44' title='bbox 748 609 892 672; x_wconf 71' lang='lat' dir='ltr'><strong><em>aduersas</em></strong></span> <span class='ocrx_word' id='word_1_45' title='bbox 901 609 982 672; x_wconf 89' lang='lat' dir='ltr'><strong><em>alios</em></strong></span> <span class='ocrx_word' id='word_1_46' title='bbox 994 609 1092 672; x_wconf 80' lang='lat' dir='ltr'><strong><em>hostes</em></strong></span> <span class='ocrx_word' id='word_1_47' title='bbox 1101 611 1177 674; x_wconf 86' lang='lat' dir='ltr'><strong><em>sole-</em></strong></span> 
     </span>
    </p>

    <p class='ocr_par' dir='ltr' id='par_1_3' title="bbox 19 695 1181 2500">
     <span class='ocr_line' id='line_1_6' title="bbox 19 695 1175 779; baseline 0.001 -21"><span class='ocrx_word' id='word_1_48' title='bbox 19 707 21 738; x_wconf 80' lang='lat'><em>³</em></span> <span class='ocrx_word' id='word_1_49' title='bbox 115 696 161 768; x_wconf 87' lang='lat' dir='ltr'><strong><em>tis,</em></strong></span> <span class='ocrx_word' id='word_1_50' title='bbox 172 715 325 779; x_wconf 85' lang='lat' dir='ltr'><strong><em>pugnare</em></strong></span> <span class='ocrx_word' id='word_1_51' title='bbox 338 695 443 767; x_wconf 74' lang='lat' dir='ltr'><strong><em>aelim·</em></strong></span> <span class='ocrx_word' id='word_1_52' title='bbox 467 697 521 760; x_wconf 89' lang='lat' dir='ltr'><strong><em>sed</em></strong></span> <span class='ocrx_word' id='word_1_53' title='bbox 533 717 596 758; x_wconf 90' lang='lat' dir='ltr'><strong><em>cum</em></strong></span> <span class='ocrx_word' id='word_1_54' title='bbox 613 695 828 779; x_wconf 82' lang='lat' dir='ltr'><strong><em>indignatione</em></strong></span> <span class='ocrx_word' id='word_1_55' title='bbox 841 695 971 778; x_wconf 74' lang='lat' dir='ltr'><strong><em>quadam</em></strong></span> <span class='ocrx_word' id='word_1_56' title='bbox 990 704 1082 778; x_wconf 89' lang='lat' dir='ltr'><strong><em>atque</em></strong></span> <span class='ocrx_word' id='word_1_57' title='bbox 1104 696 1175 759; x_wconf 84' lang='lat' dir='ltr'><strong><em>ira:</em></strong></span> 
     </span>
     <span class='ocr_line' id='line_1_7' title="bbox 116 781 1177 866; baseline 0.001 -22"><span class='ocrx_word' id='word_1_58' title='bbox 116 783 193 844; x_wconf 91' lang='lat' dir='ltr'><strong><em>oelut</em></strong></span> <span class='ocrx_word' id='word_1_59' title='bbox 207 783 238 844; x_wconf 87' lang='lat' dir='ltr'><strong><em>si</em></strong></span> <span class='ocrx_word' id='word_1_60' title='bbox 250 803 354 845; x_wconf 80' lang='lat' dir='ltr'><strong><em>sernas</em></strong></span> <span class='ocrx_word' id='word_1_61' title='bbox 368 782 499 845; x_wconf 66' lang='lat' dir='ltr'><strong><em>rimatis</em></strong></span> <span class='ocrx_word' id='word_1_62' title='bbox 512 791 625 847; x_wconf 85' lang='lat' dir='ltr'><strong><em>nestros</em></strong></span> <span class='ocrx_word' id='word_1_63' title='bbox 637 801 726 844; x_wconf 89' lang='lat' dir='ltr'><strong><em>arma</em></strong></span> <span class='ocrx_word' id='word_1_64' title='bbox 740 790 864 862; x_wconf 89' lang='lat' dir='ltr'><strong><em>repente</em></strong></span> <span class='ocrx_word' id='word_1_65' title='bbox 878 790 985 843; x_wconf 88' lang='lat' dir='ltr'><strong><em>eontra</em></strong></span> <span class='ocrx_word' id='word_1_66' title='bbox 1004 802 1056 845; x_wconf 86' lang='lat' dir='ltr'><strong><em>uos</em></strong></span> <span class='ocrx_word' id='word_1_67' title='bbox 1063 781 1177 866; x_wconf 83' lang='lat' dir='ltr'><strong><em>ferm-</em></strong></span> 
     </span>
     <span class='ocr_line' id='line_1_8' title="bbox 115 866 1177 952; baseline 0.001 -22"><span class='ocrx_word' id='word_1_68' title='bbox 115 877 166 930; x_wconf 88' lang='lat' dir='ltr'><strong><em>tes.</em></strong></span> <span class='ocrx_word' id='word_1_69' title='bbox 210 866 379 930; x_wconf 60' lang='lat' dir='ltr'><strong><em>”Liceat</em></strong></span> <span class='ocrx_word' id='word_1_70' title='bbox 391 869 436 930; x_wconf 91' lang='lat' dir='ltr'><strong><em>ad</em></strong></span> <span class='ocrx_word' id='word_1_71' title='bbox 451 869 576 952; x_wconf 71' lang='lat' dir='ltr'><strong><em>Erycem</em></strong></span> <span class='ocrx_word' id='word_1_72' title='bbox 590 869 718 946; x_wconf 88' lang='lat' dir='ltr'><strong><em>clausos,</em></strong></span> <span class='ocrx_word' id='word_1_73' title='bbox 732 868 839 929; x_wconf 90' lang='lat' dir='ltr'><strong><em>ultimo</em></strong></span> <span class='ocrx_word' id='word_1_74' title='bbox 859 869 1010 948; x_wconf 85' lang='lat' dir='ltr'><strong><em>supplicio</em></strong></span> <span class='ocrx_word' id='word_1_75' title='bbox 1031 869 1177 931; x_wconf 78' lang='lat' dir='ltr'><strong><em>humano·</em></strong></span> 
     </span>
     <span class='ocr_line' id='line_1_9' title="bbox 115 953 1177 1037; baseline 0.002 -21"><span class='ocrx_word' id='word_1_76' title='bbox 115 955 291 1037; x_wconf 87' lang='lat' dir='ltr'><strong><em>rum,some</em></strong></span> <span class='ocrx_word' id='word_1_77' title='bbox 305 954 495 1036; x_wconf 81' lang='lat' dir='ltr'><strong><em>interficere.-</em></strong></span> <span class='ocrx_word' id='word_1_78' title='bbox 510 955 599 1016; x_wconf 82' lang='lat' dir='ltr'><strong><em>liucit</em></strong></span> <span class='ocrx_word' id='word_1_79' title='bbox 612 955 764 1016; x_wconf 75' lang='lat' dir='ltr'><strong><em>nicmieem</em></strong></span> <span class='ocrx_word' id='word_1_80' title='bbox 778 954 899 1016; x_wconf 86' lang='lat' dir='ltr'><strong><em>classem</em></strong></span> <span class='ocrx_word' id='word_1_81' title='bbox 911 954 942 1015; x_wconf 91' lang='lat' dir='ltr'><strong><em>in</em></strong></span> <span class='ocrx_word' id='word_1_82' title='bbox 954 953 1096 1036; x_wconf 73' lang='lat' dir='ltr'><strong><em>Africam</em></strong></span> <span class='ocrx_word' id='word_1_83' title='bbox 1111 964 1177 1018; x_wconf 89' lang='lat' dir='ltr'><strong><em>tra-</em></strong></span> 
     </span>
     <span class='ocr_line' id='line_1_10' title="bbox 105 1038 1177 1124; baseline 0.002 -22"><span class='ocrx_word' id='word_1_84' title='bbox 105 1038 215 1122; x_wconf 86' lang='lat' dir='ltr'><strong><em>jicere,</em></strong></span> <span class='ocrx_word' id='word_1_85' title='bbox 227 1048 322 1122; x_wconf 88' lang='lat' dir='ltr'><strong><em>atque</em></strong></span> <span class='ocrx_word' id='word_1_86' title='bbox 333 1041 419 1102; x_wconf 90' lang='lat' dir='ltr'><strong><em>intra</em></strong></span> <span class='ocrx_word' id='word_1_87' title='bbox 424 1061 541 1122; x_wconf 86' lang='lat' dir='ltr'><strong><em>paucos</em></strong></span> <span class='ocrx_word' id='word_1_88' title='bbox 552 1041 617 1103; x_wconf 90' lang='lat' dir='ltr'><strong><em>dies</em></strong></span> <span class='ocrx_word' id='word_1_89' title='bbox 626 1041 693 1102; x_wconf 89' lang='lat' dir='ltr'><strong><em>sine</em></strong></span> <span class='ocrx_word' id='word_1_90' title='bbox 702 1041 765 1102; x_wconf 89' lang='lat' dir='ltr'><strong><em>ullo</em></strong></span> <span class='ocrx_word' id='word_1_91' title='bbox 776 1039 941 1102; x_wconf 81' lang='lat' dir='ltr'><strong><em>certamine</em></strong></span> <span class='ocrx_word' id='word_1_92' title='bbox 950 1040 1177 1124; x_wconf 80' lang='lat' dir='ltr'><strong><em>Karthaginem</em></strong></span> 
     </span>
     <span class='ocr_line' id='line_1_11' title="bbox 114 1125 1175 1206; baseline 0.001 -18"><span class='ocrx_word' id='word_1_93' title='bbox 114 1127 224 1188; x_wconf 88' lang='lat' dir='ltr'><strong><em>delere.</em></strong></span> <span class='ocrx_word' id='word_1_94' title='bbox 275 1125 404 1188; x_wconf 88' lang='lat' dir='ltr'><strong><em>Veniam</em></strong></span> <span class='ocrx_word' id='word_1_95' title='bbox 419 1127 553 1189; x_wconf 76' lang='lat' dir='ltr'><strong><em>dedimus</em></strong></span> <span class='ocrx_word' id='word_1_96' title='bbox 562 1125 781 1206; x_wconf 65' lang='lat' dir='ltr'><strong><em>metantibus</em></strong></span> <span class='ocrx_word' id='word_1_97' title='bbox 796 1126 946 1188; x_wconf 88' lang='lat' dir='ltr'><strong><em>emisimus</em></strong></span> <span class='ocrx_word' id='word_1_98' title='bbox 956 1147 993 1187; x_wconf 87' lang='lat' dir='ltr'><strong><em>ec</em></strong></span> <span class='ocrx_word' id='word_1_99' title='bbox 1003 1126 1175 1189; x_wconf 83' lang='lat' dir='ltr'><strong><em>obsidione:</em></strong></span> 
     </span>
     <span class='ocr_line' id='line_1_12' title="bbox 110 1209 1177 1294; baseline 0.002 -20"><span class='ocrx_word' id='word_1_100' title='bbox 110 1232 219 1294; x_wconf 89' lang='lat' dir='ltr'><strong><em>pacem</em></strong></span> <span class='ocrx_word' id='word_1_101' title='bbox 248 1233 315 1274; x_wconf 89' lang='lat' dir='ltr'><strong><em>cnm</em></strong></span> <span class='ocrx_word' id='word_1_102' title='bbox 344 1213 433 1275; x_wconf 87' lang='lat' dir='ltr'><strong><em>uictis</em></strong></span> <span class='ocrx_word' id='word_1_103' title='bbox 448 1210 603 1294; x_wconf 76' lang='lat' dir='ltr'><strong><em>serimus.-</em></strong></span> <span class='ocrx_word' id='word_1_104' title='bbox 625 1209 765 1284; x_wconf 72' lang='lat' dir='ltr'><strong><em>9⁴tutelae</em></strong></span> <span class='ocrx_word' id='word_1_105' title='bbox 790 1211 901 1272; x_wconf 90' lang='lat' dir='ltr'><strong><em>deinde</em></strong></span> <span class='ocrx_word' id='word_1_106' title='bbox 928 1219 1061 1274; x_wconf 73' lang='lat' dir='ltr'><strong><em>nostraeu</em></strong></span> <span class='ocrx_word' id='word_1_107' title='bbox 1087 1213 1177 1276; x_wconf 87' lang='lat' dir='ltr'><strong><em>duai-</em></strong></span> 
     </span>
     <span class='ocr_line' id='line_1_13' title="bbox 115 1297 1178 1381; baseline 0 -20"><span class='ocrx_word' id='word_1_108' title='bbox 115 1319 187 1376; x_wconf 87' lang='lat' dir='ltr'><strong><em>mus,</em></strong></span> <span class='ocrx_word' id='word_1_109' title='bbox 198 1319 291 1381; x_wconf 91' lang='lat' dir='ltr'><strong><em>quum</em></strong></span> <span class='ocrx_word' id='word_1_110' title='bbox 304 1297 416 1381; x_wconf 76' lang='lat' dir='ltr'><strong><em>Africo</em></strong></span> <span class='ocrx_word' id='word_1_111' title='bbox 427 1297 504 1360; x_wconf 83' lang='lat' dir='ltr'><strong><em>bello</em></strong></span> <span class='ocrx_word' id='word_1_112' title='bbox 514 1305 725 1380; x_wconf 80' lang='lat' dir='ltr'><strong><em>arguerentur.</em></strong></span> <span class='ocrx_word' id='word_1_113' title='bbox 750 1297 817 1360; x_wconf 89' lang='lat' dir='ltr'><strong><em>Pro</em></strong></span> <span class='ocrx_word' id='word_1_114' title='bbox 827 1297 876 1359; x_wconf 79' lang='lat' dir='ltr'><strong><em>tis</em></strong></span> <span class='ocrx_word' id='word_1_115' title='bbox 890 1297 1178 1380; x_wconf 81' lang='lat' dir='ltr'><strong><em>impartitis,surio·</em></strong></span> 
     </span>
     <span class='ocr_line' id='line_1_14' title="bbox 116 1383 1177 1510; baseline 0.002 -64"><span class='ocrx_word' id='word_1_116' title='bbox 116 1383 337 1474; x_wconf 34' lang='lat' dir='ltr'><strong><em>sumjuueneml</em></strong></span> <span class='ocrx_word' id='word_1_117' title='bbox 349 1393 512 1510; x_wconf 63' lang='lat' dir='ltr'><strong><em>sqquentea</em></strong></span> <span class='ocrx_word' id='word_1_118' title='bbox 528 1383 730 1466; x_wconf 80' lang='lat' dir='ltr'><strong><em>obpugnatum</em></strong></span> <span class='ocrx_word' id='word_1_119' title='bbox 739 1383 880 1464; x_wconf 86' lang='lat' dir='ltr'><strong><em>patriam</em></strong></span> <span class='ocrx_word' id='word_1_120' title='bbox 896 1392 1029 1445; x_wconf 89' lang='lat' dir='ltr'><strong><em>nostram</em></strong></span> <span class='ocrx_word' id='word_1_121' title='bbox 1043 1385 1177 1448; x_wconf 88' lang='lat' dir='ltr'><strong><em>ueniunt.</em></strong></span> 
     </span>
     <span class='ocr_line' id='line_1_15' title="bbox 117 1468 1177 1553; baseline 0.001 -21"><span class='ocrx_word' id='word_1_122' title='bbox 117 1471 218 1553; x_wconf 91' lang='lat' dir='ltr'><strong><em>Atque</em></strong></span> <span class='ocrx_word' id='word_1_123' title='bbox 227 1471 351 1533; x_wconf 90' lang='lat' dir='ltr'><strong><em>utinam</em></strong></span> <span class='ocrx_word' id='word_1_124' title='bbox 395 1490 459 1551; x_wconf 88' lang='lat' dir='ltr'><strong><em>pro</em></strong></span> <span class='ocrx_word' id='word_1_125' title='bbox 470 1471 575 1532; x_wconf 66' lang='lat' dir='ltr'><strong><em>meare</em></strong></span> <span class='ocrx_word' id='word_1_126' title='bbox 585 1478 703 1531; x_wconf 87' lang='lat' dir='ltr'><strong><em>tantum</em></strong></span> <span class='ocrx_word' id='word_1_127' title='bbox 713 1468 870 1542; x_wconf 76' lang='lat' dir='ltr'><strong><em>lacuatis,</em></strong></span> <span class='ocrx_word' id='word_1_128' title='bbox 886 1477 916 1531; x_wconf 89' lang='lat' dir='ltr'><strong><em>et</em></strong></span> <span class='ocrx_word' id='word_1_129' title='bbox 926 1489 988 1530; x_wconf 89' lang='lat' dir='ltr'><strong><em>non</em></strong></span> <span class='ocrx_word' id='word_1_130' title='bbox 996 1471 1177 1550; x_wconf 87' lang='lat' dir='ltr'><strong><em>prosolute,</em></strong></span> 
     </span>
     <span class='ocr_line' id='line_1_16' title="bbox 115 1555 1178 1640; baseline 0 -22"><span class='ocrx_word' id='word_1_131' title='bbox 115 1566 188 1620; x_wconf 90' lang='lat' dir='ltr'><strong><em>esset</em></strong></span> <span class='ocrx_word' id='word_1_132' title='bbox 201 1565 370 1618; x_wconf 87' lang='lat' dir='ltr'><strong><em>certamen.</em></strong></span> <span class='ocrx_word' id='word_1_133' title='bbox 384 1577 445 1618; x_wconf 91' lang='lat' dir='ltr'><strong><em>non</em></strong></span> <span class='ocrx_word' id='word_1_134' title='bbox 456 1557 495 1618; x_wconf 88' lang='lat' dir='ltr'><strong><em>de</em></strong></span> <span class='ocrx_word' id='word_1_135' title='bbox 501 1556 689 1638; x_wconf 80' lang='lat' dir='ltr'><strong><em>possessione</em></strong></span> <span class='ocrx_word' id='word_1_136' title='bbox 699 1555 817 1619; x_wconf 75' lang='lat' dir='ltr'><strong><em>Sicilire</em></strong></span> <span class='ocrx_word' id='word_1_137' title='bbox 831 1576 868 1616; x_wconf 90' lang='lat' dir='ltr'><strong><em>ac</em></strong></span> <span class='ocrx_word' id='word_1_138' title='bbox 881 1555 1049 1631; x_wconf 78' lang='lat' dir='ltr'><strong><em>Sardinia,</em></strong></span> <span class='ocrx_word' id='word_1_139' title='bbox 1063 1556 1101 1618; x_wconf 91' lang='lat' dir='ltr'><strong><em>de</em></strong></span> <span class='ocrx_word' id='word_1_140' title='bbox 1111 1558 1178 1640; x_wconf 88' lang='lat' dir='ltr'><strong><em>qui-</em></strong></span> 
     </span>
     <span class='ocr_line' id='line_1_17' title="bbox 116 1639 1179 1726; baseline -0.002 -20"><span class='ocrx_word' id='word_1_141' title='bbox 116 1642 167 1706; x_wconf 82' lang='lat' dir='ltr'><strong><em>hus</em></strong></span> <span class='ocrx_word' id='word_1_142' title='bbox 180 1644 336 1726; x_wconf 88' lang='lat' dir='ltr'><strong><em>quondam</em></strong></span> <span class='ocrx_word' id='word_1_143' title='bbox 351 1642 510 1725; x_wconf 83' lang='lat' dir='ltr'><strong><em>agebatur,</em></strong></span> <span class='ocrx_word' id='word_1_144' title='bbox 525 1643 579 1704; x_wconf 89' lang='lat' dir='ltr'><strong><em>sed</em></strong></span> <span class='ocrx_word' id='word_1_145' title='bbox 586 1661 649 1722; x_wconf 91' lang='lat' dir='ltr'><strong><em>pro</em></strong></span> <span class='ocrx_word' id='word_1_146' title='bbox 662 1641 762 1703; x_wconf 88' lang='lat' dir='ltr'><strong><em>Italia</em></strong></span> <span class='ocrx_word' id='word_1_147' title='bbox 777 1639 860 1704; x_wconf 85' lang='lat' dir='ltr'><strong><em>nobis</em></strong></span> <span class='ocrx_word' id='word_1_148' title='bbox 870 1646 883 1672; x_wconf 86' lang='lat'><em>¹</em></span> <span class='ocrx_word' id='word_1_149' title='bbox 898 1649 942 1703; x_wconf 89' lang='lat' dir='ltr'><strong><em>est</em></strong></span> <span class='ocrx_word' id='word_1_150' title='bbox 958 1643 1179 1724; x_wconf 75' lang='lat' dir='ltr'><strong><em>pugrcandum:</em></strong></span> 
     </span>
     <span class='ocr_line' id='line_1_18' title="bbox 117 1727 1181 1810; baseline 0.001 -20"><span class='ocrx_word' id='word_1_151' title='bbox 117 1751 170 1790; x_wconf 88' lang='lat' dir='ltr'><strong><em>nec</em></strong></span> <span class='ocrx_word' id='word_1_152' title='bbox 191 1738 237 1792; x_wconf 89' lang='lat' dir='ltr'><strong><em>est</em></strong></span> <span class='ocrx_word' id='word_1_153' title='bbox 258 1730 342 1791; x_wconf 87' lang='lat' dir='ltr'><strong><em>alius</em></strong></span> <span class='ocrx_word' id='word_1_154' title='bbox 362 1727 402 1789; x_wconf 82' lang='lat' dir='ltr'><strong><em>ab</em></strong></span> <span class='ocrx_word' id='word_1_155' title='bbox 424 1737 510 1810; x_wconf 88' lang='lat' dir='ltr'><strong><em>tergo</em></strong></span> <span class='ocrx_word' id='word_1_156' title='bbox 531 1728 688 1802; x_wconf 72' lang='lat' dir='ltr'><strong><em>causitus,</em></strong></span> <span class='ocrx_word' id='word_1_157' title='bbox 704 1727 767 1808; x_wconf 90' lang='lat' dir='ltr'><strong><em>qui,</em></strong></span> <span class='ocrx_word' id='word_1_158' title='bbox 783 1727 847 1790; x_wconf 87' lang='lat' dir='ltr'><strong><em>nisi</em></strong></span> <span class='ocrx_word' id='word_1_159' title='bbox 860 1747 914 1789; x_wconf 90' lang='lat' dir='ltr'><strong><em>nos</em></strong></span> <span class='ocrx_word' id='word_1_160' title='bbox 928 1729 1084 1806; x_wconf 84' lang='lat' dir='ltr'><strong><em>uincimus,</em></strong></span> <span class='ocrx_word' id='word_1_161' title='bbox 1099 1728 1181 1791; x_wconf 82' lang='lat' dir='ltr'><strong><em>lasti</em></strong></span> 
     </span>
     <span class='ocr_line' id='line_1_19' title="bbox 117 1813 1181 1895; baseline 0.001 -19"><span class='ocrx_word' id='word_1_162' title='bbox 117 1814 261 1885; x_wconf 86' lang='lat' dir='ltr'><strong><em>obsistat,·</em></strong></span> <span class='ocrx_word' id='word_1_163' title='bbox 288 1835 343 1876; x_wconf 88' lang='lat' dir='ltr'><strong><em>nec</em></strong></span> <span class='ocrx_word' id='word_1_164' title='bbox 352 1814 453 1895; x_wconf 76' lang='lat' dir='ltr'><strong><em>‘Alpes</em></strong></span> <span class='ocrx_word' id='word_1_165' title='bbox 467 1815 541 1876; x_wconf 79' lang='lat' dir='ltr'><strong><em>aliu</em></strong></span> <span class='ocrx_word' id='word_1_166' title='bbox 554 1821 633 1888; x_wconf 88' lang='lat' dir='ltr'><strong><em>suut,</em></strong></span> <span class='ocrx_word' id='word_1_167' title='bbox 650 1832 727 1895; x_wconf 88' lang='lat' dir='ltr'><strong><em>quas</em></strong></span> <span class='ocrx_word' id='word_1_168' title='bbox 740 1813 809 1874; x_wconf 88' lang='lat' dir='ltr'><strong><em>dum</em></strong></span> <span class='ocrx_word' id='word_1_169' title='bbox 824 1821 991 1894; x_wconf 61' lang='lat' dir='ltr'><strong><em>superant!</em></strong></span> <span class='ocrx_word' id='word_1_170' title='bbox 1003 1816 1181 1895; x_wconf 89' lang='lat' dir='ltr'><strong><em>comparari</em></strong></span> 
     </span>
     <span class='ocr_line' id='line_1_20' title="bbox 117 1897 1181 1982; baseline -0.002 -18"><span class='ocrx_word' id='word_1_171' title='bbox 117 1921 196 1964; x_wconf 86' lang='lat' dir='ltr'><strong><em>nona</em></strong></span> <span class='ocrx_word' id='word_1_172' title='bbox 203 1902 330 1982; x_wconf 87' lang='lat' dir='ltr'><strong><em>possint</em></strong></span> <span class='ocrx_word' id='word_1_173' title='bbox 337 1900 501 1981; x_wconf 78' lang='lat' dir='ltr'><strong><em>praesidia.</em></strong></span> <span class='ocrx_word' id='word_1_174' title='bbox 516 1901 567 1962; x_wconf 84' lang='lat' dir='ltr'><strong><em>lie</em></strong></span> <span class='ocrx_word' id='word_1_175' title='bbox 580 1908 625 1962; x_wconf 90' lang='lat' dir='ltr'><strong><em>est</em></strong></span> <span class='ocrx_word' id='word_1_176' title='bbox 639 1897 825 1973; x_wconf 83' lang='lat' dir='ltr'><strong><em>obstandum,</em></strong></span> <span class='ocrx_word' id='word_1_177' title='bbox 838 1899 958 1974; x_wconf 87' lang='lat' dir='ltr'><strong><em>milites,</em></strong></span> <span class='ocrx_word' id='word_1_178' title='bbox 975 1900 1055 1962; x_wconf 86' lang='lat' dir='ltr'><strong><em>velut</em></strong></span> <span class='ocrx_word' id='word_1_179' title='bbox 1064 1901 1094 1963; x_wconf 90' lang='lat' dir='ltr'><strong><em>si</em></strong></span> <span class='ocrx_word' id='word_1_180' title='bbox 1107 1910 1181 1963; x_wconf 89' lang='lat' dir='ltr'><strong><em>ante</em></strong></span> 
     </span>
     <span class='ocr_line' id='line_1_21' title="bbox 115 1985 1177 2068; baseline -0.001 -19"><span class='ocrx_word' id='word_1_181' title='bbox 115 1987 266 2049; x_wconf 81' lang='lat' dir='ltr'><strong><em>Rmruna</em></strong></span> <span class='ocrx_word' id='word_1_182' title='bbox 278 1986 390 2048; x_wconf 88' lang='lat' dir='ltr'><strong><em>moenia</em></strong></span> <span class='ocrx_word' id='word_1_183' title='bbox 488 2007 578 2049; x_wconf 88' lang='lat' dir='ltr'><strong><em>emus.</em></strong></span> <span class='ocrx_word' id='word_1_184' title='bbox 617 1985 828 2068; x_wconf 80' lang='lat' dir='ltr'><strong><em>Unusquisque</em></strong></span> <span class='ocrx_word' id='word_1_185' title='bbox 842 2006 873 2048; x_wconf 89' lang='lat' dir='ltr'><strong><em>se</em></strong></span> <span class='ocrx_word' id='word_1_186' title='bbox 886 2005 948 2046; x_wconf 91' lang='lat' dir='ltr'><strong><em>non</em></strong></span> <span class='ocrx_word' id='word_1_187' title='bbox 962 2005 1070 2066; x_wconf 81' lang='lat' dir='ltr'><strong><em>empus</em></strong></span> <span class='ocrx_word' id='word_1_188' title='bbox 1083 2007 1177 2062; x_wconf 78' lang='lat' dir='ltr'><strong><em>suum</em></strong></span> 
     </span>
     <span class='ocr_line' id='line_1_22' title="bbox 114 2071 1179 2156; baseline -0.001 -20"><span class='ocrx_word' id='word_1_189' title='bbox 114 2074 167 2136; x_wconf 88' lang='lat' dir='ltr'><strong><em>sed</em></strong></span> <span class='ocrx_word' id='word_1_190' title='bbox 178 2071 336 2156; x_wconf 67' lang='lat' dir='ltr'><strong><em>conjugem</em></strong></span> <span class='ocrx_word' id='word_1_191' title='bbox 349 2093 387 2134; x_wconf 90' lang='lat' dir='ltr'><strong><em>ac</em></strong></span> <span class='ocrx_word' id='word_1_192' title='bbox 414 2072 511 2136; x_wconf 85' lang='lat' dir='ltr'><strong><em>iberos</em></strong></span> <span class='ocrx_word' id='word_1_193' title='bbox 519 2091 634 2154; x_wconf 88' lang='lat' dir='ltr'><strong><em>parnas</em></strong></span> <span class='ocrx_word' id='word_1_194' title='bbox 647 2072 743 2134; x_wconf 88' lang='lat' dir='ltr'><strong><em>armis</em></strong></span> <span class='ocrx_word' id='word_1_195' title='bbox 754 2080 919 2155; x_wconf 81' lang='lat' dir='ltr'><strong><em>protegere</em></strong></span> <span class='ocrx_word' id='word_1_196' title='bbox 926 2079 1033 2151; x_wconf 84' lang='lat' dir='ltr'><strong><em>putet:</em></strong></span> <span class='ocrx_word' id='word_1_197' title='bbox 1056 2091 1111 2134; x_wconf 90' lang='lat' dir='ltr'><strong><em>nec</em></strong></span> <span class='ocrx_word' id='word_1_198' title='bbox 1125 2074 1179 2134; x_wconf 84' lang='lat' dir='ltr'><strong><em>clo-</em></strong></span> 
     </span>
     <span class='ocr_line' id='line_1_23' title="bbox 115 2156 1178 2242; baseline -0.003 -20"><span class='ocrx_word' id='word_1_199' title='bbox 115 2160 255 2223; x_wconf 79' lang='lat' dir='ltr'><strong><em>uestinos</em></strong></span> <span class='ocrx_word' id='word_1_200' title='bbox 269 2160 364 2220; x_wconf 89' lang='lat' dir='ltr'><strong><em>solum</em></strong></span> <span class='ocrx_word' id='word_1_201' title='bbox 378 2159 477 2242; x_wconf 85' lang='lat' dir='ltr'><strong><em>agitet</em></strong></span> <span class='ocrx_word' id='word_1_202' title='bbox 491 2179 590 2233; x_wconf 88' lang='lat' dir='ltr'><strong><em>curas,</em></strong></span> <span class='ocrx_word' id='word_1_203' title='bbox 605 2159 660 2221; x_wconf 88' lang='lat' dir='ltr'><strong><em>scd</em></strong></span> <span class='ocrx_word' id='word_1_204' title='bbox 672 2157 850 2220; x_wconf 85' lang='lat' dir='ltr'><strong><em>idemtidem</em></strong></span> <span class='ocrx_word' id='word_1_205' title='bbox 862 2156 917 2219; x_wconf 84' lang='lat' dir='ltr'><strong><em>loe</em></strong></span> <span class='ocrx_word' id='word_1_206' title='bbox 931 2156 1034 2218; x_wconf 90' lang='lat' dir='ltr'><strong><em>animo</em></strong></span> <span class='ocrx_word' id='word_1_207' title='bbox 1048 2167 1178 2238; x_wconf 87' lang='lat' dir='ltr'><strong><em>reputet,</em></strong></span> 
     </span>
     <span class='ocr_line' id='line_1_24' title="bbox 116 2241 1179 2326; baseline -0.002 -18"><span class='ocrx_word' id='word_1_208' title='bbox 116 2255 238 2308; x_wconf 72' lang='lat' dir='ltr'><strong><em>nonnas</em></strong></span> <span class='ocrx_word' id='word_1_209' title='bbox 259 2265 341 2308; x_wconf 77' lang='lat' dir='ltr'><strong><em>nure</em></strong></span> <span class='ocrx_word' id='word_1_210' title='bbox 364 2245 480 2308; x_wconf 89' lang='lat' dir='ltr'><strong><em>intueri</em></strong></span> <span class='ocrx_word' id='word_1_211' title='bbox 500 2263 606 2308; x_wconf 91' lang='lat' dir='ltr'><strong><em>manus</em></strong></span> <span class='ocrx_word' id='word_1_212' title='bbox 626 2251 763 2307; x_wconf 90' lang='lat' dir='ltr'><strong><em>senatum</em></strong></span> <span class='ocrx_word' id='word_1_213' title='bbox 778 2244 984 2326; x_wconf 81' lang='lat' dir='ltr'><strong><em>populumque</em></strong></span> <span class='ocrx_word' id='word_1_214' title='bbox 997 2241 1179 2306; x_wconf 80' lang='lat' dir='ltr'><strong><em>Romanum.</em></strong></span> 
     </span>
     <span class='ocr_line' id='line_1_25' title="bbox 116 2327 1180 2416; baseline -0.003 -22"><span class='ocrx_word' id='word_1_215' title='bbox 116 2332 217 2416; x_wconf 84' lang='lat' dir='ltr'><strong><em>qualis</em></strong></span> <span class='ocrx_word' id='word_1_216' title='bbox 232 2339 341 2394; x_wconf 90' lang='lat' dir='ltr'><strong><em>nostra</em></strong></span> <span class='ocrx_word' id='word_1_217' title='bbox 355 2332 402 2395; x_wconf 88' lang='lat' dir='ltr'><strong><em>ais</em></strong></span> <span class='ocrx_word' id='word_1_218' title='bbox 415 2329 688 2414; x_wconf 86' lang='lat' dir='ltr'><strong><em>uirtusquesucrit,</em></strong></span> <span class='ocrx_word' id='word_1_219' title='bbox 703 2330 795 2392; x_wconf 91' lang='lat' dir='ltr'><strong><em>talem</em></strong></span> <span class='ocrx_word' id='word_1_220' title='bbox 811 2329 921 2390; x_wconf 84' lang='lat' dir='ltr'><strong><em>deinde</em></strong></span> <span class='ocrx_word' id='word_1_221' title='bbox 922 2327 1088 2411; x_wconf 85' lang='lat' dir='ltr'><strong><em>fortunam</em></strong></span> <span class='ocrx_word' id='word_1_222' title='bbox 1102 2327 1129 2366; x_wconf 77' lang='lat'><strong><em>⁹⁶</em></strong></span> <span class='ocrx_word' id='word_1_223' title='bbox 1140 2330 1180 2391; x_wconf 82' lang='lat' dir='ltr'><strong><em>it-</em></strong></span> 
     </span>
     <span class='ocr_line' id='line_1_26' title="bbox 116 2416 709 2500; baseline -0.003 -20"><span class='ocrx_word' id='word_1_224' title='bbox 116 2420 175 2482; x_wconf 88' lang='lat' dir='ltr'><strong><em>lius</em></strong></span> <span class='ocrx_word' id='word_1_225' title='bbox 189 2417 277 2481; x_wconf 75' lang='lat' dir='ltr'><strong><em>urbis</em></strong></span> <span class='ocrx_word' id='word_1_226' title='bbox 291 2439 329 2480; x_wconf 89' lang='lat' dir='ltr'><strong><em>ac</em></strong></span> <span class='ocrx_word' id='word_1_227' title='bbox 342 2417 481 2481; x_wconf 83' lang='lat' dir='ltr'><strong><em>Romani</em></strong></span> <span class='ocrx_word' id='word_1_228' title='bbox 495 2417 619 2500; x_wconf 88' lang='lat' dir='ltr'><strong><em>imperii</em></strong></span> <span class='ocrx_word' id='word_1_229' title='bbox 620 2416 709 2500; x_wconf 88' lang='lat' dir='ltr'><strong><em>fore.</em></strong></span> 
     </span>
    </p>

    <p class='ocr_par' dir='ltr' id='par_1_4' title="bbox 117 2499 1343 3020">
     <span class='ocr_line' id='line_1_27' title="bbox 158 2499 1315 2587; baseline -0.003 -19"><span class='ocrx_word' id='word_1_230' title='bbox 158 2502 280 2568; x_wconf 86' lang='lat' dir='ltr'><strong>XLII.</strong></span> <span class='ocrx_word' id='word_1_231' title='bbox 309 2503 392 2567; x_wconf 79' lang='lat' dir='ltr'><strong><em>Haec</em></strong></span> <span class='ocrx_word' id='word_1_232' title='bbox 416 2501 502 2587; x_wconf 86' lang='lat' dir='ltr'><strong><em>apud</em></strong></span> <span class='ocrx_word' id='word_1_233' title='bbox 528 2503 690 2566; x_wconf 88' lang='lat' dir='ltr'><strong><em>Romanos</em></strong></span> <span class='ocrx_word' id='word_1_234' title='bbox 715 2499 834 2564; x_wconf 87' lang='lat' dir='ltr'><strong><em>consul.</em></strong></span> <span class='ocrx_word' id='word_1_235' title='bbox 882 2499 1058 2577; x_wconf 80' lang='lat' dir='ltr'><strong><em>Hannibal,</em></strong></span> <span class='ocrx_word' id='word_1_236' title='bbox 1085 2499 1181 2564; x_wconf 85' lang='lat' dir='ltr'><strong><em>rebus</em></strong></span> <span class='ocrx_word' id='word_1_237' title='bbox 1191 2524 1315 2572; x_wconf 70' lang='lat' dir='ltr'><strong><em>nennium</em></strong></span> 
     </span>
     <span class='ocr_line' id='line_1_28' title="bbox 117 2586 1343 2675; baseline -0.003 -23"><span class='ocrx_word' id='word_1_238' title='bbox 117 2591 215 2675; x_wconf 83' lang='lat' dir='ltr'><strong><em>prius,</em></strong></span> <span class='ocrx_word' id='word_1_239' title='bbox 233 2611 330 2674; x_wconf 90' lang='lat' dir='ltr'><strong><em>quam</em></strong></span> <span class='ocrx_word' id='word_1_240' title='bbox 355 2589 468 2671; x_wconf 87' lang='lat' dir='ltr'><strong><em>verbis,</em></strong></span> <span class='ocrx_word' id='word_1_241' title='bbox 485 2588 699 2654; x_wconf 82' lang='lat' dir='ltr'><strong><em>adhortandos</em></strong></span> <span class='ocrx_word' id='word_1_242' title='bbox 726 2586 959 2664; x_wconf 70' lang='lat' dir='ltr'><strong><em>milites&#39;ratns,</em></strong></span> <span class='ocrx_word' id='word_1_243' title='bbox 983 2586 1261 2651; x_wconf 66' lang='lat' dir='ltr'><strong><em>circumdatorum</em></strong></span> <span class='ocrx_word' id='word_1_244' title='bbox 1274 2590 1343 2648; x_wconf 76' lang='lat' dir='ltr'><strong><em>priua</em></strong></span> 
     </span>
     <span class='ocr_line' id='line_1_29' title="bbox 119 2666 1328 2764; baseline -0.002 -25"><span class='ocrx_word' id='word_1_245' title='bbox 119 2675 157 2739; x_wconf 90' lang='lat' dir='ltr'><strong><em>ad</em></strong></span> <span class='ocrx_word' id='word_1_246' title='bbox 179 2673 398 2760; x_wconf 80' lang='lat' dir='ltr'><strong><em>spectaculum</em></strong></span> <span class='ocrx_word' id='word_1_247' title='bbox 417 2675 570 2754; x_wconf 84' lang='lat' dir='ltr'><strong><em>exercitu,</em></strong></span> <span class='ocrx_word' id='word_1_248' title='bbox 587 2674 729 2759; x_wconf 87' lang='lat' dir='ltr'><strong><em>captivos</em></strong></span> <span class='ocrx_word' id='word_1_249' title='bbox 748 2685 916 2736; x_wconf 82' lang='lat' dir='ltr'><strong><em>montanos</em></strong></span> <span class='ocrx_word' id='word_1_250' title='bbox 931 2675 1053 2738; x_wconf 89' lang='lat' dir='ltr'><strong><em>vinctos</em></strong></span> <span class='ocrx_word' id='word_1_251' title='bbox 1067 2674 1099 2737; x_wconf 93' lang='lat' dir='ltr'><strong><em>in</em></strong></span> <span class='ocrx_word' id='word_1_252' title='bbox 1116 2666 1328 2764; x_wconf 54' lang='lat' dir='ltr'><strong><em>me-ffilffg</em></strong></span> 
     </span>
     <span class='ocr_line' id='line_1_30' title="bbox 118 2760 1309 2848; baseline -0.004 -22"><span class='ocrx_word' id='word_1_253' title='bbox 118 2761 170 2826; x_wconf 83' lang='lat' dir='ltr'><strong><em>dio</em></strong></span> <span class='ocrx_word' id='word_1_254' title='bbox 192 2762 323 2837; x_wconf 81' lang='lat' dir='ltr'><strong><em>statuit3</em></strong></span> <span class='ocrx_word' id='word_1_255' title='bbox 347 2763 506 2848; x_wconf 88' lang='lat' dir='ltr'><strong><em>armisque</em></strong></span> <span class='ocrx_word' id='word_1_256' title='bbox 525 2760 656 2827; x_wconf 85' lang='lat' dir='ltr'><strong><em>Gallicis</em></strong></span> <span class='ocrx_word' id='word_1_257' title='bbox 678 2772 751 2824; x_wconf 88' lang='lat' dir='ltr'><strong><em>ante</em></strong></span> <span class='ocrx_word' id='word_1_258' title='bbox 772 2761 881 2824; x_wconf 80' lang='lat' dir='ltr'><strong><em>eorum</em></strong></span> <span class='ocrx_word' id='word_1_259' title='bbox 904 2760 1001 2844; x_wconf 87' lang='lat' dir='ltr'><strong><em>pedes</em></strong></span> <span class='ocrx_word' id='word_1_260' title='bbox 1022 2760 1179 2845; x_wconf 87' lang='lat' dir='ltr'><strong><em>projectis,</em></strong></span> <span class='ocrx_word' id='word_1_261' title='bbox 1190 2783 1309 2830; x_wconf 68' lang='lat' dir='ltr'><strong><em>amiur.</em></strong></span> 
     </span>
     <span class='ocr_line' id='line_1_31' title="bbox 117 2845 1181 2934; baseline 0 -24"><span class='ocrx_word' id='word_1_262' title='bbox 117 2847 316 2934; x_wconf 82' lang='lat' dir='ltr'><strong><em>interrogare</em></strong></span> <span class='ocrx_word' id='word_1_263' title='bbox 336 2847 540 2933; x_wconf 85' lang='lat' dir='ltr'><strong><em>interpretem</em></strong></span> <span class='ocrx_word' id='word_1_264' title='bbox 559 2847 662 2934; x_wconf 86' lang='lat' dir='ltr'><strong><em>jussit,</em></strong></span> <span class='ocrx_word' id='word_1_265' title='bbox 683 2846 799 2932; x_wconf 86' lang='lat' dir='ltr'><strong><em>ecquis,</em></strong></span> <span class='ocrx_word' id='word_1_266' title='bbox 816 2846 841 2909; x_wconf 90' lang='lat' dir='ltr'><strong><em>si</em></strong></span> <span class='ocrx_word' id='word_1_267' title='bbox 855 2845 991 2910; x_wconf 87' lang='lat' dir='ltr'><strong><em>vinculis</em></strong></span> <span class='ocrx_word' id='word_1_268' title='bbox 1014 2847 1181 2921; x_wconf 87' lang='lat' dir='ltr'><strong><em>levaretur,</em></strong></span> 
     </span>
     <span class='ocr_line' id='line_1_32' title="bbox 117 2929 1181 3020; baseline 0 -22"><span class='ocrx_word' id='word_1_269' title='bbox 117 2957 269 3020; x_wconf 83' lang='lat' dir='ltr'><strong><em>armaque</em></strong></span> <span class='ocrx_word' id='word_1_270' title='bbox 283 2945 316 2998; x_wconf 88' lang='lat' dir='ltr'><strong><em>et</em></strong></span> <span class='ocrx_word' id='word_1_271' title='bbox 333 2955 448 3020; x_wconf 90' lang='lat' dir='ltr'><strong><em>equum</em></strong></span> <span class='ocrx_word' id='word_1_272' title='bbox 467 2935 565 2998; x_wconf 88' lang='lat' dir='ltr'><strong><em>victor</em></strong></span> <span class='ocrx_word' id='word_1_273' title='bbox 588 2933 755 3019; x_wconf 86' lang='lat' dir='ltr'><strong><em>acciperet,</em></strong></span> <span class='ocrx_word' id='word_1_274' title='bbox 775 2931 937 2996; x_wconf 86' lang='lat' dir='ltr'><strong><em>decertare</em></strong></span> <span class='ocrx_word' id='word_1_275' title='bbox 959 2931 1042 2996; x_wconf 86' lang='lat' dir='ltr'><strong><em>lerro</em></strong></span> <span class='ocrx_word' id='word_1_276' title='bbox 1064 2929 1181 2998; x_wconf 86' lang='lat' dir='ltr'><strong><em>vellet?</em></strong></span> 
     </span>
    </p>

    <p class='ocr_par' dir='ltr' id='par_1_5' title="bbox 112 3017 1185 3450">
     <span class='ocr_line' id='line_1_33' title="bbox 118 3017 1185 3106; baseline 0 -21"><span class='ocrx_word' id='word_1_277' title='bbox 118 3021 229 3097; x_wconf 85' lang='lat' dir='ltr'><strong><em>Quum</em></strong></span> <span class='ocrx_word' id='word_1_278' title='bbox 246 3019 287 3085; x_wconf 88' lang='lat' dir='ltr'><strong><em>ad</em></strong></span> <span class='ocrx_word' id='word_1_279' title='bbox 304 3041 403 3084; x_wconf 91' lang='lat' dir='ltr'><strong><em>unum</em></strong></span> <span class='ocrx_word' id='word_1_280' title='bbox 418 3041 528 3086; x_wconf 89' lang='lat' dir='ltr'><strong><em>omnes</em></strong></span> <span class='ocrx_word' id='word_1_281' title='bbox 542 3019 659 3084; x_wconf 86' lang='lat' dir='ltr'><strong><em>ferrum</em></strong></span> <span class='ocrx_word' id='word_1_282' title='bbox 673 3039 879 3106; x_wconf 87' lang='lat' dir='ltr'><strong><em>pugnamque</em></strong></span> <span class='ocrx_word' id='word_1_283' title='bbox 893 3032 1071 3102; x_wconf 83' lang='lat' dir='ltr'><strong><em>poscerent,</em></strong></span> <span class='ocrx_word' id='word_1_284' title='bbox 1084 3031 1115 3083; x_wconf 92' lang='lat' dir='ltr'><strong><em>et</em></strong></span> <span class='ocrx_word' id='word_1_285' title='bbox 1126 3017 1185 3085; x_wconf 64' lang='lat' dir='ltr'><strong><em>del</em></strong></span> 
     </span>
     <span class='ocr_line' id='line_1_34' title="bbox 112 3104 1182 3193; baseline 0 -23"><span class='ocrx_word' id='word_1_286' title='bbox 112 3108 197 3191; x_wconf 87' lang='lat' dir='ltr'><strong><em>jecta</em></strong></span> <span class='ocrx_word' id='word_1_287' title='bbox 212 3107 245 3171; x_wconf 86' lang='lat' dir='ltr'><strong><em>in</em></strong></span> <span class='ocrx_word' id='word_1_288' title='bbox 262 3105 295 3170; x_wconf 91' lang='lat' dir='ltr'><strong><em>id</em></strong></span> <span class='ocrx_word' id='word_1_289' title='bbox 312 3127 380 3170; x_wconf 86' lang='lat' dir='ltr'><strong><em>sors</em></strong></span> <span class='ocrx_word' id='word_1_290' title='bbox 393 3119 484 3185; x_wconf 85' lang='lat' dir='ltr'><strong><em>esset,</em></strong></span> <span class='ocrx_word' id='word_1_291' title='bbox 501 3129 533 3171; x_wconf 88' lang='lat' dir='ltr'><strong><em>se</em></strong></span> <span class='ocrx_word' id='word_1_292' title='bbox 571 3107 681 3193; x_wconf 85' lang='lat' dir='ltr'><strong><em>uisque</em></strong></span> <span class='ocrx_word' id='word_1_293' title='bbox 700 3104 927 3188; x_wconf 80' lang='lat' dir='ltr'><strong><em>eumoptabat,</em></strong></span> <span class='ocrx_word' id='word_1_294' title='bbox 944 3127 1038 3192; x_wconf 90' lang='lat' dir='ltr'><strong><em>quem</em></strong></span> <span class='ocrx_word' id='word_1_295' title='bbox 1053 3105 1182 3172; x_wconf 83' lang='lat' dir='ltr'><strong><em>fartuna</em></strong></span> 
     </span>
     <span class='ocr_line' id='line_1_35' title="bbox 115 3191 1180 3280; baseline 0.001 -25"><span class='ocrx_word' id='word_1_296' title='bbox 115 3193 147 3255; x_wconf 89' lang='lat' dir='ltr'><strong><em>iu</em></strong></span> <span class='ocrx_word' id='word_1_297' title='bbox 164 3193 197 3258; x_wconf 92' lang='lat' dir='ltr'><strong><em>id</em></strong></span> <span class='ocrx_word' id='word_1_298' title='bbox 213 3203 375 3257; x_wconf 83' lang='lat' dir='ltr'><strong><em>certamen</em></strong></span> <span class='ocrx_word' id='word_1_299' title='bbox 391 3193 518 3280; x_wconf 86' lang='lat' dir='ltr'><strong><em>legeret.</em></strong></span> <span class='ocrx_word' id='word_1_300' title='bbox 598 3205 611 3256; x_wconf 90' lang='lat' dir='ltr'><strong><em>t</em></strong></span> <span class='ocrx_word' id='word_1_301' title='bbox 628 3193 780 3278; x_wconf 83' lang='lat' dir='ltr'><strong><em>cujusque</em></strong></span> <span class='ocrx_word' id='word_1_302' title='bbox 794 3212 862 3255; x_wconf 87' lang='lat' dir='ltr'><strong><em>sors</em></strong></span> <span class='ocrx_word' id='word_1_303' title='bbox 877 3191 1049 3268; x_wconf 83' lang='lat' dir='ltr'><strong><em>exciderat,</em></strong></span> <span class='ocrx_word' id='word_1_304' title='bbox 1065 3191 1180 3269; x_wconf 67' lang='lat' dir='ltr'><strong><em>dacer,</em></strong></span> 
     </span>
     <span class='ocr_line' id='line_1_36' title="bbox 116 3277 1181 3366; baseline 0 -25"><span class='ocrx_word' id='word_1_305' title='bbox 116 3278 199 3344; x_wconf 87' lang='lat' dir='ltr'><strong><em>inter</em></strong></span> <span class='ocrx_word' id='word_1_306' title='bbox 214 3279 411 3366; x_wconf 79' lang='lat' dir='ltr'><strong><em>gratulantes</em></strong></span> <span class='ocrx_word' id='word_1_307' title='bbox 429 3279 549 3366; x_wconf 86' lang='lat' dir='ltr'><strong><em>gaudio</em></strong></span> <span class='ocrx_word' id='word_1_308' title='bbox 563 3277 735 3355; x_wconf 83' lang='lat' dir='ltr'><strong><em>exsultans,</em></strong></span> <span class='ocrx_word' id='word_1_309' title='bbox 751 3298 824 3342; x_wconf 89' lang='lat' dir='ltr'><strong><em>cum</em></strong></span> <span class='ocrx_word' id='word_1_310' title='bbox 844 3277 893 3342; x_wconf 87' lang='lat' dir='ltr'><strong><em>sui</em></strong></span> <span class='ocrx_word' id='word_1_311' title='bbox 916 3278 1012 3342; x_wconf 86' lang='lat' dir='ltr'><strong><em>moris</em></strong></span> <span class='ocrx_word' id='word_1_312' title='bbox 1034 3278 1181 3364; x_wconf 86' lang='lat' dir='ltr'><strong><em>tripudiis</em></strong></span> 
     </span>
     <span class='ocr_line' id='line_1_37' title="bbox 115 3363 1182 3450; baseline -0.002 -22"><span class='ocrx_word' id='word_1_313' title='bbox 115 3387 208 3430; x_wconf 83' lang='lat' dir='ltr'><strong><em>arma</em></strong></span> <span class='ocrx_word' id='word_1_314' title='bbox 229 3364 347 3449; x_wconf 87' lang='lat' dir='ltr'><strong><em>raptim</em></strong></span> <span class='ocrx_word' id='word_1_315' title='bbox 368 3364 524 3450; x_wconf 87' lang='lat' dir='ltr'><strong><em>capiebat.</em></strong></span> <span class='ocrx_word' id='word_1_316' title='bbox 546 3366 602 3428; x_wconf 89' lang='lat' dir='ltr'><strong><em>ubi</em></strong></span> <span class='ocrx_word' id='word_1_317' title='bbox 622 3386 699 3429; x_wconf 89' lang='lat' dir='ltr'><strong><em>vero</em></strong></span> <span class='ocrx_word' id='word_1_318' title='bbox 717 3363 915 3441; x_wconf 87' lang='lat' dir='ltr'><strong><em>dimicarent,</em></strong></span> <span class='ocrx_word' id='word_1_319' title='bbox 931 3366 957 3428; x_wconf 90' lang='lat' dir='ltr'><strong><em>is</em></strong></span> <span class='ocrx_word' id='word_1_320' title='bbox 972 3363 1099 3429; x_wconf 89' lang='lat' dir='ltr'><strong><em>habitus</em></strong></span> <span class='ocrx_word' id='word_1_321' title='bbox 1114 3366 1182 3427; x_wconf 89' lang='lat' dir='ltr'><strong><em>ani-</em></strong></span> 
     </span>
    </p>
   </div>
   <div class='ocr_carea' id='block_1_3' title="bbox 116 3449 1180 3536">
    <p class='ocr_par' dir='ltr' id='par_1_6' title="bbox 116 3449 1180 3536">
     <span class='ocr_line' id='line_1_38' title="bbox 116 3449 1180 3536; baseline 0.001 -21"><span class='ocrx_word' id='word_1_322' title='bbox 116 3471 246 3515; x_wconf 87' lang='lat' dir='ltr'><strong><em>morum</em></strong></span> <span class='ocrx_word' id='word_1_323' title='bbox 269 3471 335 3514; x_wconf 91' lang='lat' dir='ltr'><strong><em>non</em></strong></span> <span class='ocrx_word' id='word_1_324' title='bbox 354 3449 438 3516; x_wconf 85' lang='lat' dir='ltr'><strong><em>inter</em></strong></span> <span class='ocrx_word' id='word_1_325' title='bbox 459 3450 599 3536; x_wconf 84' lang='lat' dir='ltr'><strong><em>ejusdem</em></strong></span> <span class='ocrx_word' id='word_1_326' title='bbox 614 3451 708 3516; x_wconf 91' lang='lat' dir='ltr'><strong><em>modo</em></strong></span> <span class='ocrx_word' id='word_1_327' title='bbox 729 3449 919 3515; x_wconf 85' lang='lat' dir='ltr'><strong><em>conditionis</em></strong></span> <span class='ocrx_word' id='word_1_328' title='bbox 940 3450 1083 3514; x_wconf 89' lang='lat' dir='ltr'><strong><em>homines</em></strong></span> <span class='ocrx_word' id='word_1_329' title='bbox 1102 3462 1180 3528; x_wconf 88' lang='lat' dir='ltr'><strong><em>erat,</em></strong></span> 
     </span>
    </p>
   </div>
   <div class='ocr_carea' id='block_1_4' title="bbox 117 3567 1181 3714">
    <p class='ocr_par' dir='ltr' id='par_1_7' title="bbox 117 3567 1181 3714">
     <span class='ocr_line' id='line_1_39' title="bbox 148 3567 1181 3648; baseline -0.002 -14"><span class='ocrx_word' id='word_1_330' title='bbox 148 3590 158 3623; x_wconf 72' lang='lat'><em>¹</em></span> <span class='ocrx_word' id='word_1_331' title='bbox 169 3588 253 3636; x_wconf 78' lang='lat' dir='ltr'><strong><em>Licuit</em></strong></span> <span class='ocrx_word' id='word_1_332' title='bbox 263 3589 285 3634; x_wconf 81' lang='lat' dir='ltr'><strong><em>rt</em></strong></span> <span class='ocrx_word' id='word_1_333' title='bbox 296 3587 444 3636; x_wconf 76' lang='lat' dir='ltr'><strong><em>volubrcmuc</em></strong></span> <span class='ocrx_word' id='word_1_334' title='bbox 454 3589 529 3638; x_wconf 86' lang='lat' dir='ltr'><strong><em>Gran.</em></strong></span> <span class='ocrx_word' id='word_1_335' title='bbox 562 3639 565 3648; x_wconf 60' lang='lat'><strong><em>‚</em></strong></span> <span class='ocrx_word' id='word_1_336' title='bbox 595 3589 692 3636; x_wconf 72' lang='lat' dir='ltr'><strong><em>ututela</em></strong></span> <span class='ocrx_word' id='word_1_337' title='bbox 700 3593 784 3637; x_wconf 71' lang='lat' dir='ltr'><strong><em>norma</em></strong></span> <span class='ocrx_word' id='word_1_338' title='bbox 794 3586 875 3636; x_wconf 85' lang='lat' dir='ltr'><strong><em>deinde</em></strong></span> <span class='ocrx_word' id='word_1_339' title='bbox 886 3587 960 3636; x_wconf 85' lang='lat' dir='ltr'><strong><em>Gran.</em></strong></span> <span class='ocrx_word' id='word_1_340' title='bbox 973 3587 1044 3634; x_wconf 80' lang='lat' dir='ltr'><strong><em>Creu.</em></strong></span> <span class='ocrx_word' id='word_1_341' title='bbox 1118 3567 1181 3635; x_wconf 82' lang='lat' dir='ltr'><strong><em>¹no-¹</em></strong></span> 
     </span>
     <span class='ocr_line' id='line_1_40' title="bbox 117 3653 491 3714; baseline -0.005 -14"><span class='ocrx_word' id='word_1_342' title='bbox 117 3653 150 3700; x_wconf 81' lang='lat' dir='ltr'><strong><em>lis</em></strong></span> <span class='ocrx_word' id='word_1_343' title='bbox 161 3653 234 3700; x_wconf 74' lang='lat' dir='ltr'><strong><em>Grec.</em></strong></span> <span class='ocrx_word' id='word_1_344' title='bbox 301 3655 419 3714; x_wconf 81' lang='lat' dir='ltr'><strong><em>lsuperat</em></strong></span> <span class='ocrx_word' id='word_1_345' title='bbox 430 3654 491 3700; x_wconf 81' lang='lat' dir='ltr'><strong><em>End.</em></strong></span> 
     </span>
    </p>
   </div>
   <div class='ocr_carea' id='block_1_5' title="bbox 110 3765 1185 4140">
    <p class='ocr_par' dir='ltr' id='par_1_8' title="bbox 110 3765 1185 4140">
     <span class='ocr_line' id='line_1_41' title="bbox 147 3765 1184 3830; baseline -0.002 -16"><span class='ocrx_word' id='word_1_346' title='bbox 147 3767 181 3814; x_wconf 78' lang='grc'><strong><em>93</em></strong></span> <span class='ocrx_word' id='word_1_347' title='bbox 198 3765 281 3813; x_wconf 83' lang='lat' dir='ltr'><strong><em>Ltcutt</em></strong></span> <span class='ocrx_word' id='word_1_348' title='bbox 300 3765 331 3812; x_wconf 86' lang='lat' dir='ltr'><strong><em>ud</em></strong></span> <span class='ocrx_word' id='word_1_349' title='bbox 348 3766 450 3826; x_wconf 78' lang='lat' dir='ltr'><strong><em>Erycem</em></strong></span> <span class='ocrx_word' id='word_1_350' title='bbox 469 3768 569 3830; x_wconf 79' lang='lat' dir='ltr'><strong><em>clausos]</em></strong></span> <span class='ocrx_word' id='word_1_351' title='bbox 586 3769 635 3814; x_wconf 88' lang='lat' dir='ltr'><strong><em>De·</em></strong></span> <span class='ocrx_word' id='word_1_352' title='bbox 667 3775 737 3815; x_wconf 75' lang='lat' dir='ltr'><strong><em>runt·</em></strong></span> <span class='ocrx_word' id='word_1_353' title='bbox 757 3770 791 3814; x_wconf 83' lang='lat' dir='ltr'><strong><em>At</em></strong></span> <span class='ocrx_word' id='word_1_354' title='bbox 804 3769 872 3816; x_wconf 82' lang='lat' dir='ltr'><strong><em>finito</em></strong></span> <span class='ocrx_word' id='word_1_355' title='bbox 883 3782 911 3814; x_wconf 84' lang='lat' dir='ltr'><strong><em>ea</em></strong></span> <span class='ocrx_word' id='word_1_356' title='bbox 922 3768 995 3826; x_wconf 81' lang='lat' dir='ltr'><strong><em>ballo,</em></strong></span> <span class='ocrx_word' id='word_1_357' title='bbox 1006 3767 1116 3816; x_wconf 77' lang='lat' dir='ltr'><strong><em>invasere</em></strong></span> <span class='ocrx_word' id='word_1_358' title='bbox 1128 3769 1184 3818; x_wconf 84' lang='lat' dir='ltr'><strong><em>Sar.</em></strong></span> 
     </span>
     <span class='ocr_line' id='line_1_42' title="bbox 115 3831 768 3892; baseline 0.005 -14"><span class='ocrx_word' id='word_1_359' title='bbox 115 3831 230 3886; x_wconf 78' lang='lat' dir='ltr'><strong><em>lavimus,</em></strong></span> <span class='ocrx_word' id='word_1_360' title='bbox 243 3831 381 3878; x_wconf 80' lang='lat' dir='ltr'><strong><em>volentibus</em></strong></span> <span class='ocrx_word' id='word_1_361' title='bbox 400 3832 504 3892; x_wconf 77' lang='lat' dir='ltr'><strong><em>seriptis,</em></strong></span> <span class='ocrx_word' id='word_1_362' title='bbox 521 3833 634 3880; x_wconf 84' lang='lat' dir='ltr'><strong><em>inutilem</em></strong></span> <span class='ocrx_word' id='word_1_363' title='bbox 666 3835 768 3881; x_wconf 85' lang='lat' dir='ltr'><strong><em>diniam.</em></strong></span> 
     </span>
     <span class='ocr_line' id='line_1_43' title="bbox 116 3895 1181 3964; baseline 0.006 -23"><span class='ocrx_word' id='word_1_364' title='bbox 116 3897 247 3942; x_wconf 81' lang='lat' dir='ltr'><strong><em>verbumm</em></strong></span> <span class='ocrx_word' id='word_1_365' title='bbox 259 3895 587 3954; x_wconf 49' lang='lat' dir='ltr'><strong><em>antecantamenta.</em></strong></span> <span class='ocrx_word' id='word_1_366' title='bbox 700 3897 731 3944; x_wconf 79' lang='lat'><strong><em>95</em></strong></span> <span class='ocrx_word' id='word_1_367' title='bbox 756 3897 808 3945; x_wconf 86' lang='lat' dir='ltr'><strong><em>Pru</em></strong></span> <span class='ocrx_word' id='word_1_368' title='bbox 828 3898 907 3944; x_wconf 62' lang='lat' dir='ltr'><strong><em>&amp;ecee</em></strong></span> <span class='ocrx_word' id='word_1_369' title='bbox 930 3901 1023 3944; x_wconf 75' lang='lat' dir='ltr'><strong><em>tanetum</em></strong></span> <span class='ocrx_word' id='word_1_370' title='bbox 1044 3897 1085 3946; x_wconf 80' lang='lat' dir='ltr'><strong><em>loc</em></strong></span> <span class='ocrx_word' id='word_1_371' title='bbox 1106 3901 1181 3964; x_wconf 68' lang='lat' dir='ltr'><strong><em>nobe]</em></strong></span> 
     </span>
     <span class='ocr_line' id='line_1_44' title="bbox 148 3959 1183 4026; baseline 0.006 -20"><span class='ocrx_word' id='word_1_372' title='bbox 148 3959 205 4006; x_wconf 69' lang='grc' dir='ltr'><strong><em>Μ’</em></strong></span> <span class='ocrx_word' id='word_1_373' title='bbox 218 3959 307 4006; x_wconf 80' lang='lat' dir='ltr'><strong><em>Tutela</em></strong></span> <span class='ocrx_word' id='word_1_374' title='bbox 322 3963 407 4006; x_wconf 82' lang='lat' dir='ltr'><strong><em>nostra</em></strong></span> <span class='ocrx_word' id='word_1_375' title='bbox 422 3959 502 4008; x_wconf 79' lang='lat' dir='ltr'><strong><em>temne</em></strong></span> <span class='ocrx_word' id='word_1_376' title='bbox 512 3960 634 4024; x_wconf 74' lang='lat' dir='ltr'><strong><em>ducimus]</em></strong></span> <span class='ocrx_word' id='word_1_377' title='bbox 668 3962 717 4008; x_wconf 85' lang='lat' dir='ltr'><strong><em>Hic</em></strong></span> <span class='ocrx_word' id='word_1_378' title='bbox 727 3965 752 4007; x_wconf 87' lang='lat' dir='ltr'><strong><em>et</em></strong></span> <span class='ocrx_word' id='word_1_379' title='bbox 766 3963 839 4022; x_wconf 77' lang='lat' dir='ltr'><strong><em>paulo</em></strong></span> <span class='ocrx_word' id='word_1_380' title='bbox 858 3963 922 4009; x_wconf 85' lang='lat' dir='ltr'><strong><em>infra</em></strong></span> <span class='ocrx_word' id='word_1_381' title='bbox 939 3963 1002 4008; x_wconf 75' lang='lat' dir='ltr'><strong><em>nabis</em></strong></span> <span class='ocrx_word' id='word_1_382' title='bbox 1021 3966 1055 4010; x_wconf 83' lang='lat' dir='ltr'><strong><em>est</em></strong></span> <span class='ocrx_word' id='word_1_383' title='bbox 1073 3978 1183 4026; x_wconf 82' lang='lat' dir='ltr'><strong><em>pugnan·</em></strong></span> 
     </span>
     <span class='ocr_line' id='line_1_45' title="bbox 110 4024 1182 4088; baseline 0.005 -18"><span class='ocrx_word' id='word_1_384' title='bbox 110 4024 155 4070; x_wconf 68' lang='lat' dir='ltr'><strong><em>Ad</em></strong></span> <span class='ocrx_word' id='word_1_385' title='bbox 170 4025 275 4071; x_wconf 83' lang='lat' dir='ltr'><strong><em>tutelam</em></strong></span> <span class='ocrx_word' id='word_1_386' title='bbox 289 4031 400 4070; x_wconf 83' lang='lat' dir='ltr'><strong><em>nostram</em></strong></span> <span class='ocrx_word' id='word_1_387' title='bbox 417 4026 536 4084; x_wconf 82' lang='lat' dir='ltr'><strong><em>pertinere</em></strong></span> <span class='ocrx_word' id='word_1_388' title='bbox 552 4027 635 4072; x_wconf 84' lang='lat' dir='ltr'><strong><em>existi·</em></strong></span> <span class='ocrx_word' id='word_1_389' title='bbox 667 4025 731 4082; x_wconf 87' lang='lat' dir='ltr'><strong><em>dum,</em></strong></span> <span class='ocrx_word' id='word_1_390' title='bbox 743 4027 855 4085; x_wconf 74' lang='lat' dir='ltr'><strong><em>quadam</em></strong></span> <span class='ocrx_word' id='word_1_391' title='bbox 867 4027 985 4074; x_wconf 84' lang='lat' dir='ltr'><strong><em>editiones</em></strong></span> <span class='ocrx_word' id='word_1_392' title='bbox 995 4027 1123 4088; x_wconf 88' lang='lat' dir='ltr'><strong><em>utrobique</em></strong></span> <span class='ocrx_word' id='word_1_393' title='bbox 1139 4031 1182 4074; x_wconf 86' lang='lat' dir='ltr'><strong><em>ha-</em></strong></span> 
     </span>
     <span class='ocr_line' id='line_1_46' title="bbox 117 4084 1185 4140; baseline 0.006 -6"><span class='ocrx_word' id='word_1_394' title='bbox 117 4090 248 4135; x_wconf 80' lang='lat' dir='ltr'><strong><em>marimus.</em></strong></span> <span class='ocrx_word' id='word_1_395' title='bbox 283 4089 323 4136; x_wconf 82' lang='lat' dir='ltr'><strong><em>Sic</em></strong></span> <span class='ocrx_word' id='word_1_396' title='bbox 341 4084 393 4135; x_wconf 79' lang='lat' dir='ltr'><strong><em>iere</em></strong></span> <span class='ocrx_word' id='word_1_397' title='bbox 409 4089 428 4136; x_wconf 82' lang='lat' dir='ltr'><strong><em>l.</em></strong></span> <span class='ocrx_word' id='word_1_398' title='bbox 444 4089 545 4137; x_wconf 81' lang='lat' dir='ltr'>XXIV.</span> <span class='ocrx_word' id='word_1_399' title='bbox 562 4105 583 4137; x_wconf 88' lang='lat' dir='ltr'><strong><em>c.</em></strong></span> <span class='ocrx_word' id='word_1_400' title='bbox 595 4089 635 4138; x_wconf 75' lang='lat'><strong><em>22.</em></strong></span> <span class='ocrx_word' id='word_1_401' title='bbox 668 4091 726 4136; x_wconf 77' lang='lat' dir='ltr'><strong><em>bant</em></strong></span> <span class='ocrx_word' id='word_1_402' title='bbox 747 4091 815 4136; x_wconf 74' lang='lat' dir='ltr'><strong><em>nobb.</em></strong></span> <span class='ocrx_word' id='word_1_403' title='bbox 848 4093 882 4138; x_wconf 77' lang='lat' dir='ltr'><strong><em>At</em></strong></span> <span class='ocrx_word' id='word_1_404' title='bbox 901 4091 1046 4138; x_wconf 82' lang='lat' dir='ltr'><strong><em>vetustiores</em></strong></span> <span class='ocrx_word' id='word_1_405' title='bbox 1057 4092 1082 4138; x_wconf 85' lang='lat' dir='ltr'><strong><em>id</em></strong></span> <span class='ocrx_word' id='word_1_406' title='bbox 1099 4099 1185 4140; x_wconf 65' lang='lat' dir='ltr'><strong><em>auant</em></strong></span> 
     </span>
    </p>
   </div>
   <div class='ocr_carea' id='block_1_6' title="bbox 118 4153 1184 4410">
    <p class='ocr_par' dir='ltr' id='par_1_9' title="bbox 118 4153 1184 4278">
     <span class='ocr_line' id='line_1_47' title="bbox 118 4153 1184 4218; baseline 0.004 -18"><span class='ocrx_word' id='word_1_407' title='bbox 118 4165 169 4210; x_wconf 79' lang='lat' dir='ltr'><strong><em>que</em></strong></span> <span class='ocrx_word' id='word_1_408' title='bbox 179 4165 227 4200; x_wconf 77' lang='lat' dir='ltr'><strong><em>naa</em></strong></span> <span class='ocrx_word' id='word_1_409' title='bbox 236 4153 297 4214; x_wconf 72' lang='lat' dir='ltr'><strong><em>pelei</em></strong></span> <span class='ocrx_word' id='word_1_410' title='bbox 308 4153 429 4212; x_wconf 78' lang='lat' dir='ltr'><strong><em>tutelaque</em></strong></span> <span class='ocrx_word' id='word_1_411' title='bbox 439 4159 517 4200; x_wconf 77' lang='lat' dir='ltr'><strong><em>essent.</em></strong></span> <span class='ocrx_word' id='word_1_412' title='bbox 539 4155 635 4216; x_wconf 90' lang='lat' dir='ltr'><strong><em>†Dum</em></strong></span> <span class='ocrx_word' id='word_1_413' title='bbox 667 4154 733 4214; x_wconf 87' lang='lat' dir='ltr'><strong><em>quod</em></strong></span> <span class='ocrx_word' id='word_1_414' title='bbox 748 4155 877 4205; x_wconf 81' lang='lat' dir='ltr'><strong><em>edidimus.</em></strong></span> <span class='ocrx_word' id='word_1_415' title='bbox 911 4155 943 4201; x_wconf 80' lang='lat' dir='ltr'><strong><em>Et</em></strong></span> <span class='ocrx_word' id='word_1_416' title='bbox 960 4157 1039 4218; x_wconf 80' lang='lat' dir='ltr'><strong><em>magis</em></strong></span> <span class='ocrx_word' id='word_1_417' title='bbox 1055 4159 1184 4204; x_wconf 85' lang='lat' dir='ltr'><strong><em>convenire</em></strong></span> 
     </span>
     <span class='ocr_line' id='line_1_48' title="bbox 120 4216 915 4278; baseline 0.003 -14"><span class='ocrx_word' id='word_1_418' title='bbox 120 4216 202 4264; x_wconf 74' lang='lat' dir='ltr'><strong><em>anteo</em></strong></span> <span class='ocrx_word' id='word_1_419' title='bbox 213 4219 277 4264; x_wconf 87' lang='lat' dir='ltr'><strong><em>bello</em></strong></span> <span class='ocrx_word' id='word_1_420' title='bbox 287 4219 440 4278; x_wconf 82' lang='lat' dir='ltr'><strong><em>urgebantur</em></strong></span> <span class='ocrx_word' id='word_1_421' title='bbox 456 4217 636 4278; x_wconf 79' lang='lat' dir='ltr'><strong><em>Carthaginien·</em></strong></span> <span class='ocrx_word' id='word_1_422' title='bbox 669 4219 750 4265; x_wconf 85' lang='lat' dir='ltr'><strong><em>visum</em></strong></span> <span class='ocrx_word' id='word_1_423' title='bbox 761 4225 798 4266; x_wconf 86' lang='lat' dir='ltr'><strong><em>est</em></strong></span> <span class='ocrx_word' id='word_1_424' title='bbox 810 4220 836 4268; x_wconf 77' lang='lat' dir='ltr'><strong><em>el</em></strong></span> <span class='ocrx_word' id='word_1_425' title='bbox 846 4223 915 4268; x_wconf 81' lang='lat' dir='ltr'><strong><em>uobis.</em></strong></span> 
     </span>
    </p>

    <p class='ocr_par' dir='ltr' id='par_1_10' title="bbox 121 4280 1183 4410">
     <span class='ocr_line' id='line_1_49' title="bbox 121 4280 1183 4348; baseline 0.011 -24"><span class='ocrx_word' id='word_1_426' title='bbox 121 4293 166 4336; x_wconf 79' lang='lat' dir='ltr'><strong><em>aaa,</em></strong></span> <span class='ocrx_word' id='word_1_427' title='bbox 179 4281 292 4339; x_wconf 82' lang='lat' dir='ltr'><strong><em>Romani,</em></strong></span> <span class='ocrx_word' id='word_1_428' title='bbox 305 4288 368 4328; x_wconf 85' lang='lat' dir='ltr'><strong><em>teste</em></strong></span> <span class='ocrx_word' id='word_1_429' title='bbox 385 4280 469 4341; x_wconf 82' lang='lat' dir='ltr'><strong><em>Polyb.</em></strong></span> <span class='ocrx_word' id='word_1_430' title='bbox 481 4283 498 4330; x_wconf 86' lang='lat' dir='ltr'><strong><em>l.</em></strong></span> <span class='ocrx_word' id='word_1_431' title='bbox 509 4284 529 4329; x_wconf 88' lang='lat'><strong><em>1.</em></strong></span> <span class='ocrx_word' id='word_1_432' title='bbox 541 4283 637 4330; x_wconf 83' lang='lat' dir='ltr'><strong><em>toederis</em></strong></span> <span class='ocrx_word' id='word_1_433' title='bbox 702 4283 734 4329; x_wconf 87' lang='grc'><strong><em>96</em></strong></span> <span class='ocrx_word' id='word_1_434' title='bbox 750 4284 903 4348; x_wconf 77' lang='lat' dir='ltr'><strong><em>Hltusurbts]</em></strong></span> <span class='ocrx_word' id='word_1_435' title='bbox 921 4284 970 4331; x_wconf 88' lang='lat' dir='ltr'><strong><em>Vel</em></strong></span> <span class='ocrx_word' id='word_1_436' title='bbox 979 4285 1081 4333; x_wconf 83' lang='lat' dir='ltr'><strong><em>delenda</em></strong></span> <span class='ocrx_word' id='word_1_437' title='bbox 1091 4289 1129 4333; x_wconf 83' lang='lat' dir='ltr'><strong><em>est</em></strong></span> <span class='ocrx_word' id='word_1_438' title='bbox 1137 4299 1183 4336; x_wconf 81' lang='lat' dir='ltr'><strong><em>vox</em></strong></span> 
     </span>
     <span class='ocr_line' id='line_1_50' title="bbox 122 4344 1054 4410; baseline 0.01 -23"><span class='ocrx_word' id='word_1_439' title='bbox 122 4344 185 4403; x_wconf 78' lang='lat' dir='ltr'><strong><em>leges</em></strong></span> <span class='ocrx_word' id='word_1_440' title='bbox 196 4353 330 4405; x_wconf 67' lang='lat' dir='ltr'><strong><em>amantea,</em></strong></span> <span class='ocrx_word' id='word_1_441' title='bbox 342 4345 412 4393; x_wconf 84' lang='lat' dir='ltr'><strong><em>nulla</em></strong></span> <span class='ocrx_word' id='word_1_442' title='bbox 429 4344 455 4390; x_wconf 87' lang='lat' dir='ltr'><strong><em>in</em></strong></span> <span class='ocrx_word' id='word_1_443' title='bbox 472 4359 497 4393; x_wconf 85' lang='lat' dir='ltr'><strong><em>re</em></strong></span> <span class='ocrx_word' id='word_1_444' title='bbox 512 4345 542 4393; x_wconf 82' lang='lat' dir='ltr'><strong><em>iis</em></strong></span> <span class='ocrx_word' id='word_1_445' title='bbox 550 4347 636 4394; x_wconf 62' lang='lat' dir='ltr'><strong><em>&#39;dafua</em></strong></span> <span class='ocrx_word' id='word_1_446' title='bbox 670 4347 745 4406; x_wconf 76' lang='lat' dir='ltr'><strong><em>illitu,</em></strong></span> <span class='ocrx_word' id='word_1_447' title='bbox 758 4351 795 4394; x_wconf 85' lang='lat' dir='ltr'><strong><em>vel</em></strong></span> <span class='ocrx_word' id='word_1_448' title='bbox 808 4351 925 4396; x_wconf 85' lang='lat' dir='ltr'><strong><em>mutanda</em></strong></span> <span class='ocrx_word' id='word_1_449' title='bbox 937 4350 962 4395; x_wconf 91' lang='lat' dir='ltr'><strong><em>in</em></strong></span> <span class='ocrx_word' id='word_1_450' title='bbox 975 4351 1054 4410; x_wconf 78' lang='lat' dir='ltr'><strong><em>ipsius.</em></strong></span> 
     </span>
    </p>
   </div>
   <div class='ocr_carea' id='block_1_7' title="bbox 163 4428 776 4474">
    <p class='ocr_par' dir='ltr' id='par_1_11' title="bbox 163 4428 776 4474">
     <span class='ocr_line' id='line_1_51' title="bbox 163 4428 776 4474; baseline 0.007 -4"><span class='ocrx_word' id='word_1_451' title='bbox 163 4428 233 4472; x_wconf 74' lang='lat' dir='ltr'>VOL.</span> <span class='ocrx_word' id='word_1_452' title='bbox 249 4430 289 4474; x_wconf 87' lang='lat'><strong><em>11.</em></strong></span> <span class='ocrx_word' id='word_1_453' title='bbox 754 4432 776 4474; x_wconf 72' lang='lat' dir='ltr'><strong><em>la</em></strong></span> 
     </span>
    </p>
   </div>
   <div class='ocr_carea' id='block_1_8' title="bbox 0 0 1544 4976">
    <p class='ocr_par' dir='ltr' id='par_1_12' title="bbox 0 0 1544 4976">
     <span class='ocr_line' id='line_1_52' title="bbox 0 0 1544 4976; baseline 0 0"><span class='ocrx_word' id='word_1_454' title='bbox 0 0 1544 4976; x_wconf 95' lang='lat' dir='ltr'><strong><em> </em></strong></span> 
     </span>
    </p>
   </div>
  </div>
 </body>
</html>
