3136 4970
444 173 539 249 mi
565 187 716 254 xxvm.
744 189 850 250 cAe.
878 187 978 250 an.
1185 195 1243 248 485

167 369 303 430 suamm,
318 371 479 418 enumerare
500 353 598 420 uelim
641 353 852 430 Athenienses,
861 352 1105 436 pnulentissima
1118 354 1239 434 civitas,
1248 362 1280 410 U·
1290 364 1317 412 α
1329 363 1385 413 ⁵4⁷·

168 433 250 500 bello
271 439 355 502 domi
375 439 492 516 reliclo,
508 437 534 479 ¹⁴
541 447 665 504 auctore
686 460 771 524 apere
794 441 920 525 inpigro
942 462 980 502 ac
1003 439 1101 503 nobili
1111 437 1237 523 juvene,
1248 430 1278 498 i·
1289 429 1315 476 ⁰·
1328 430 1383 478 ²⁰⁵·

159 541 283 606 magna
298 525 392 590 classe
405 527 440 590 in
453 525 593 590 Siciliam
608 527 797 603 transmissa,
808 548 870 589 una
886 527 995 590 navali
1004 547 1112 610 pugna
1113 527 1239 614 floren·

167 616 228 672 tem
242 610 456 691 rempublicam
471 633 555 676 mam
571 614 604 676 in
614 621 794 696 perpetuum
808 613 1007 700 aessinaunt.

213 693 326 760 XLII.
342 699 484 773 Enterna
498 709 529 762 et
542 700 634 762 nimis
647 698 776 782 antiqua
790 709 904 780 repeto.
928 699 1043 783 Africa
1056 701 1160 763 eadem
1175 701 1237 764 ista

166 789 199 844 et
214 781 265 844 M.
280 781 407 864 Atilius,
424 785 545 869 insigne
566 785 722 868 utriusque
730 784 876 868 fortuna
891 787 1066 866 exemplum,
1082 785 1168 850 nobis
1182 787 1236 850 do-

165 878 304 933 cumento
328 871 402 934 sint.
447 871 508 935 Nee
529 871 598 947 tibi,
622 873 662 937 P.
680 872 815 950 Corneli,
838 892 927 955 quum
949 893 986 934 ec
1007 873 1072 934 olto
1093 871 1235 956 Africam

164 958 367 1036 conspexeris,
382 958 472 1022 ludus
492 967 523 1021 et
543 956 631 1041 jocus
646 957 753 1041 finisse
778 953 1025 1040 Hispaniama
1043 957 1236 1022 videbuntur.

169 1038 258 1114 Quid
270 1044 349 1106 enim
364 1045 490 1108 simile?
513 1042 537 1080 ¹⁵
544 1053 657 1126 pacato
677 1045 758 1106 mari
773 1041 920 1126 ¹⁶prcetcr
933 1065 1018 1106 oram
1032 1043 1140 1107 Italia
1157 1045 1235 1108 Gal

163 1127 278 1210 liceque
292 1138 390 1192 vectus
403 1131 581 1213 Emporias,
598 1131 631 1192 in
646 1127 746 1192 urbem
761 1131 917 1206 sociorum,
930 1131 1050 1194 classem
1065 1131 1233 1212 adpulisti:

163 1215 318 1295 eapositos
339 1217 459 1290 milites,
476 1215 565 1299 ¹·7per
586 1217 737 1280 tutissima
760 1216 873 1287 omnia,
890 1217 934 1278 ad
952 1217 1048 1280 socios
1069 1225 1099 1279 et
1120 1219 1234 1281 amicos

156 1301 274 1381 populi
284 1302 422 1365 Romani
437 1302 642 1366 Tarraconem
653 1303 785 1366 duaisti:
801 1301 840 1364 ab
857 1301 1034 1364 Tarracone
1048 1304 1158 1368 deinde
1173 1304 1236 1367 iter

155 1406 222 1467 per
229 1389 382 1468 prasidio
398 1389 559 1454 Romana.-
582 1390 665 1452 circa
678 1389 800 1452 Iberum
818 1389 967 1452 exercitus
983 1390 1090 1470 patris
1105 1391 1233 1471 patrui·
1272 1413 1273 1416 ¹

156 1493 225 1556 que
238 1475 296 1549 tui,
305 1484 379 1556 post
389 1476 513 1540 amissos
528 1474 902 1560 imperatoresferociores
912 1483 942 1538 et
951 1476 1130 1538 calamitate
1144 1477 1232 1558 ipsa.-

160 1559 228 1622 dun
242 1562 458 1626 tumultuarius
471 1563 589 1645 quidem
606 1563 660 1624 ille
673 1561 716 1625 L.
728 1561 879 1634 Marcius,
891 1569 921 1623 et
935 1563 1069 1638 militari
1082 1562 1233 1647 suffiagio

162 1647 209 1708 ad
222 1654 337 1728 tempas
351 1649 453 1724 lectus,
469 1657 608 1724 ceterum,
623 1648 652 1711 si
666 1647 811 1714 nobilitas
825 1669 862 1710 ac
876 1643 901 1684 ¹³
900 1645 984 1730 justi
997 1648 1125 1712 honores
1139 1650 1232 1712 odor-

162 1739 286 1805 narent‚
299 1734 393 1798 claris
404 1733 637 1817 imperatoribus
647 1734 783 1817 qrealibet
795 1743 865 1800 arte
875 1731 948 1797 belli
956 1755 1038 1816 par:
1054 1734 1232 1820 obpugnata

155 1839 221 1900 per
236 1839 377 1883 mmmmm
400 1821 493 1884 otium
510 1821 685 1904 Karthago,
701 1821 785 1884 nullo
806 1821 899 1884 trium
913 1821 1102 1884 Punicorum
1117 1823 1233 1886 enerci-

11 1923 17 1980 γ’
161 1913 246 1968 tuum
269 1907 365 1970 socios
386 1907 573 1992 defendente.
620 1908 740 1982 Cetera,
757 1927 852 1990 neque
865 1928 902 1969 ea
917 1906 1008 1981 elevo,
1025 1909 1109 1970 nullo
1131 1917 1232 1972 tamen

14 2063 23 2084 .
78 2004 82 2009 “
160 1991 250 2054 modo
271 1990 384 2076 Africo
405 1993 483 2058 bello
505 1994 731 2076 comparanda,-
755 1993 809 2056 ubi
829 2012 890 2056 non
912 2002 1021 2073 portus
1040 1994 1120 2057 ullus
1141 1995 1233 2058 classi

7 2081 24 2108 ”⁹
162 2085 279 2140 nostrae
297 2088 432 2160 apertus,
448 2101 508 2142 non
526 2100 602 2163 ager
615 2088 757 2162 pacatus,
774 2099 835 2140 non
854 2079 964 2142 civitas
983 2080 1078 2154 socia,
1094 2100 1155 2141 non
1176 2103 1233 2144 rea

161 2164 287 2240 amicus,
303 2186 365 2228 non
378 2166 564 2230 consistendi
576 2185 702 2250 usquam
716 2167 806 2241 locus,
823 2187 884 2228 non
900 2167 1097 2246 procedendi.
1144 2165 1231 2241 Qua-

159 2269 286 2332 cumque
299 2252 555 2334 circnmspeeeris,
571 2252 697 2316 hostilio
711 2253 814 2315 omnia
836 2260 928 2335 atque
950 2250 1076 2335 infesta.
1108 2252 1161 2314 An
1174 2254 1231 2338 sp-

153 2336 256 2418 placi
272 2337 472 2422 Numidisque
484 2339 610 2402 credis?
632 2339 710 2402 satis
723 2338 764 2402 sit
778 2339 867 2402 semel
879 2339 1037 2402 creditum.
1069 2339 1141 2402 Non
1155 2361 1231 2403 sem-

152 2443 219 2506 per
232 2426 387 2489 temeritas
402 2425 552 2509 estfilin:
573 2433 604 2488 et
604 2424 706 2507 fraus
712 2426 806 2506 fidem
818 2425 850 2486 in
861 2427 972 2506 porois
984 2425 1046 2489 sibi
1054 2428 1228 2506 praeslruit,

158 2518 207 2585 ut,
224 2530 311 2592 qinein
326 2512 570 2594 operaepretium
585 2514 636 2588 sit,
652 2531 716 2574 cum
732 2512 864 2574 mercede
878 2511 1109 2595 magnasallot.
1157 2513 1229 2577 Non

157 2595 259 2660 hostes
276 2607 399 2680 patrem
420 2607 625 2681 patruumque
645 2605 727 2660 taum
750 2597 843 2660 armis
858 2598 960 2679 prius,
976 2619 1066 2681 quam
1083 2599 1230 2664 Celtiberi

158 2683 239 2744 socii
239 2682 372 2767 fraude,
388 2685 664 2748 circumvenerunt:
687 2704 740 2746 nec
755 2683 815 2747 tibi
827 2685 892 2766 ipsi
906 2705 926 2746 a
942 2685 1081 2768 Magone
1095 2695 1125 2748 ot
1143 2685 1228 2750 Has·

158 2767 298 2845 drubale,
313 2771 443 2834 hostium
465 2771 597 2846 ducibus,
616 2780 761 2853 quantum
783 2769 823 2832 ab
843 2770 977 2836 Indibili
998 2780 1029 2834 et
1051 2772 1228 2836 Mandonio

158 2854 195 2917 in
195 2856 297 2936 fidem
311 2859 453 2939 acceptis,
464 2857 599 2940 periodi
598 2856 683 2940 fuit.
725 2857 869 2921 Numidis
882 2867 916 2920 tu
930 2859 1052 2920 credere
1060 2867 1158 2939 potes,
1175 2861 1227 2924 de·

144 2939 320 3025 fictionem
334 2945 462 3006 militum
478 2953 597 3007 tuorum
619 2947 785 3025 eapertus?
808 2944 854 3006 Et
868 2943 994 3027 Syphax
1008 2952 1038 3007 et
1054 2944 1226 3010 Masinissa

155 3048 200 3100 se,
220 3049 311 3112 quam
326 3029 615 3114 Karthaginienses,
630 3030 748 3092 malunt
761 3028 948 3110 ¹⁹potentesv
963 3031 997 3094 in'
1011 3029 1124 3116 Africa
1146 3055 1225 3097 csse.-

158 3113 449 3199 Komhaginienses‚
465 3137 555 3200 qrmm
569 3137 744 3199 quemquam
758 3116 863 3180 alium.
908 3115 1000 3180 Nunc
1017 3119 1087 3181 illos
1100 3121 1226 3182 amula-

156 3199 205 3262 tio
216 3201 298 3265 inter
310 3224 373 3266 sese
386 3213 416 3266 el
430 3225 529 3267 omnes
543 3223 656 3266 canossa
669 3203 865 3266 certaminum
886 3212 1010 3282 acuunt,
1026 3205 1100 3286 qnia
1114 3209 1226 3284 promel

150 3294 299 3353 aeternus
327 3299 420 3354 metus
448 3298 501 3352 est.
546 3288 730 3354 ²⁰Ostende¹
759 3289 903 3352 Romana
931 3300 1031 3366 arma,
1062 3291 1225 3354 encreitnm

299 3468 302 3474 -
341 3503 345 3516 ,
397 3445 587 3506 ”potentissimae
597 3445 671 3491 Gran.
771 3443 909 3490 ¹udd·llli³
921 3443 982 3490 Eud·

191 3612 420 3680 limatumque
438 3617 540 3678 irnpigro
558 3631 584 3662 ac
601 3615 673 3662 nobili
704 3616 773 3662 ciant
789 3613 856 3660 editi.
890 3610 923 3656 Et
939 3609 1003 3656 intra
1018 3609 1034 3654 l.
1049 3607 1149 3655 XXIX.
1166 3611 1223 3658 c.3.

146 3676 249 3742 juvene]
283 3679 433 3728 Alcibiadem
459 3681 580 3742 lnieIIIgit.
613 3679 672 3728 vid.
704 3679 792 3725 indicat
803 3676 1105 3722 tutaalrlaeoocornneese.

154 3743 222 3790 Piut.
238 3745 264 3790 in
281 3743 358 3794 Alcib.
373 3752 398 3792 et
415 3744 495 3800 Nicia,
507 3751 533 3792 et
549 3746 672 3808 Thucydi·
738 3743 768 3791 18
783 3743 850 3789 direti
871 3739 978 3802 hencres]
1003 3741 1099 3786 Gradus
1120 3741 1157 3786 ilii
1178 3742 1222 3786 ho-

151 3809 211 3869 ¹dem
224 3808 239 3854 l.
252 3809 322 3856 VIII.
705 3823 801 3862 norum,
826 3807 868 3866 qui
893 3805 1041 3852 conveniunt
1065 3805 1221 3866 imperatori3

188 3870 347 3940 15'Pacato]
374 3876 403 3921 In
426 3890 474 3936 quo
496 3875 540 3923 tibi
563 3877 621 3922 nihil
641 3877 672 3922 ab
703 3883 817 3932 pratum,
832 3868 979 3918 consulatus.
996 3867 1056 3916 Vid.
1073 3870 1174 3918 nauli.
1191 3874 1222 3918 ad

151 3935 263 3983 hostibus
274 3939 374 3999 periculi
385 3939 522 3987 timendum
533 3941 589 3988 fuit.
705 3938 721 3983 l.
734 3939 753 3984 1.
766 3953 788 3985 e.
799 3936 822 3982 b.

187 4001 218 4048 16
235 4002 328 4050 Proeter
347 4004 426 4066 mam]
443 4005 547 4052 Rectum
565 4005 610 4052 hoe
628 4019 671 4065 pu·
738 4002 768 4048 19
785 4001 904 4063 Paludes]
931 3999 1014 4060 vulgo
1034 4002 1219 4059 pmcntirsimoe:

151 4072 241 4114 tamus.
275 4067 368 4116 Tamen
381 4070 464 4128 scripti
471 4084 516 4130 per
527 4085 600 4117 oram.
704 4065 923 4114 nonmInusbene.
952 4065 998 4109 Sed
1010 4065 1034 4108 in
1047 4066 1135 4124 reperi
1147 4067 1221 4127 sosip-

187 4129 218 4177 ll
235 4132 285 4180 Per
307 4134 424 4179 latissima
442 4135 533 4198 omnia]
552 4135 670 4184 Ultimum
703 4139 736 4178 tae
747 4128 856 4176 lecitonis
867 4129 1037 4176 auctoritatem
1048 4131 1179 4190 sequimur.

150 4209 236 4242 vocem
254 4198 371 4244 omittunt
389 4197 444 4244 Pus.
460 4205 484 4244 et
496 4199 588 4246 Victor.
605 4199 671 4246 codi-
735 4195 767 4243 20
785 4191 883 4239 Ostende
893 4193 1001 4240 Romanu
1013 4193 1092 4255 arma]
1108 4195 1147 4240 Sic
1162 4196 1221 4241 olim

149 4274 198 4307 ces.
234 4261 272 4307 Sic
291 4263 332 4307 lib.
351 4262 370 4308 Ι.
391 4275 411 4306 e.
430 4263 469 4308 st.
495 4264 669 4324 quamplurimi
702 4260 770 4316 editi,
782 4260 816 4304 sic
827 4259 963 4317 complures
975 4257 1046 4304 MSS.
1055 4259 1154 4307 habent.
1186 4261 1221 4307 Si-

147 4325 233 4385 scripti
251 4329 392 4386 praeferunt,
406 4331 527 4388 postquam
545 4329 603 4374 mtto
619 4331 670 4374 lata
701 4325 790 4384 genius
806 4323 939 4389 inseruerat
958 4323 1014 4382 illis,
1027 4325 1223 4375 additamentum
1288 4333 1291 4340 “

147 4391 223 4449 eirca,
245 4394 343 4438 excluso
362 4383 398 4452 eet
413 4394 500 4453 omnia,
524 4395 589 4455 quod
608 4389 668 4455 adji·
702 4388 796 4436 inutile.
1051 4391 1055 4402 '

745 4451 820 4514 1ia
