3064 4976
402 197 499 262 mn«
521 199 627 261 xxn.
653 201 760 296 ene.
786 201 853 262 xv.
1117 213 1158 282 ⁸9

103 367 205 454 nostri
219 365 349 444 seduir,
363 386 401 430 uo
414 371 484 431 dere
497 367 666 446 Romanu,
680 364 774 452 88prro
787 367 849 446 elie,
859 367 1035 434 dictatorem
1046 387 1112 441 eum
1122 389 1200 439 con.
1210 389 1238 437 c.
1249 385 1306 438 uss.

101 455 283 518 anctoritate
295 455 428 518 Petrum
430 453 580 537 jussuque
586 454 700 536 populi
712 455 835 532 dictum,
854 455 1091 520 Veientanum
1105 466 1160 534 est,
1170 456 1203 500 Α·
1213 453 1320 504 ⁰·²¹⁷·-

103 560 184 622 quom
199 547 277 604 es'set
289 541 368 605 satis
379 542 475 604 altum
489 541 677 618 leniendum,
692 540 746 604 uli
754 542 860 605 sedens
868 545 1079 624 prospectaret
1093 543 1161 608 los·

102 635 164 702 tem,
179 626 339 690 descendit
353 627 388 690 iu
401 646 537 709 aequem:
559 634 652 710 atque
673 627 728 690 illo
750 628 817 709 ipso
840 627 891 690 die
913 629 1014 692 media
1029 628 1161 707 inorbo,

103 733 158 794 pm
172 734 254 776 nunc
269 711 357 778 busta
376 710 504 776 Gallica
523 721 602 789 snut,
618 721 648 776 et
657 722 782 795 postero
795 713 848 778 die
860 713 943 778 eitra
959 713 1074 780 Gabios
1086 717 1163 780 ccci-
1259 717 1263 730 '

104 799 145 860 dit
161 797 329 862 Gallorum
348 799 505 882 legiones:
525 796 651 876 Quid?
667 807 741 880 post
761 801 868 864 multos
888 821 996 880 annos,
1011 821 1100 884 quon
1120 803 1165 868 ad

104 884 248 950 luculos
266 886 427 949 Caudinas
441 885 481 948 ab
494 885 632 950 Samnite
652 885 736 949 bost'e
756 884 810 949 sul
823 884 936 969 jugum
956 887 1042 951 mimi
1054 907 1163 966 sumus,

102 979 193 1034 urum
207 973 337 1035 tamdem
351 971 396 1035 L.
406 972 559 1052 Papirius
575 971 688 1035 Cursor
697 969 782 1054 juga
796 972 917 1036 Samnii
931 975 1163 1053 perlustrando,

104 1078 142 1120 on
161 1058 337 1122 Luceriam
357 1059 522 1141 promendo
536 1057 765 1140 obsidendoque,
781 1065 811 1120 et
831 1059 1003 1122 lacessendo
1022 1060 1164 1124 uictorem

104 1131 219 1220 losicin,
238 1145 394 1227 depulsum
404 1143 444 1205 ol
459 1143 611 1208 Rommms
630 1142 795 1208 omniuo
804 1141 914 1228 jugum
927 1145 1062 1226 superbo
1076 1146 1164 1210 Sam-

105 1231 161 1294 niti
170 1231 341 1314 inposuit?
364 1229 464 1294 Modo
479 1230 514 1294 C.
529 1229 662 1294 Lutatio
675 1249 743 1312 queo
756 1229 824 1294 alio
839 1251 897 1306 res,
909 1251 998 1313 quum
1012 1233 1163 1313 celeritas,

106 1315 264 1381 sidoniam
279 1317 392 1380 dedit?
407 1309 496 1398 “quod
501 1323 627 1398 postero
637 1315 697 1392 die,
709 1337 799 1399 quam
812 1317 925 1381 hostem
938 1317 1028 1395 uidit,
1042 1319 1165 1384 classenm

107 1425 223 1485 gruonre
255 1401 478 1482 commeatibus,
508 1403 677 1484 inpeditam
706 1413 817 1466 meamet
846 1404 942 1486 ipsam
968 1405 1166 1470 instrumento

108 1498 189 1572 utque
215 1491 391 1572 adparatu,
417 1485 574 1570 obpressit.
616 1487 759 1552 Stultitia
784 1498 837 1566 est,
858 1491 988 1554 sedendo
1010 1500 1066 1554 ant
1090 1491 1167 1558 uotis

108 1575 255 1640 debellmi
274 1577 397 1638 medere
412 1595 513 1656 posse.
535 1574 653 1638 armari
665 1575 771 1658 copias
784 1585 913 1656 oportet,
928 1577 1117 1646 deducendas
1132 1578 1167 1640 in

107 1683 231 1745 aptum,
248 1671 284 1726 nt
298 1663 349 1726 oir
362 1681 426 1724 oum
439 1661 507 1724 uiro
520 1659 742 1744 congrediaris.
785 1662 931 1726 Audendo
945 1671 1037 1744 o'tque
1050 1662 1168 1746 agendo

108 1769 154 1812 res
165 1749 311 1814 Ronnuna
321 1746 426 1823 crevit,
438 1744 465 1784 ⁸⁹
473 1767 534 1812 uon
544 1747 593 1810 lis
602 1747 741 1830 segnibus
750 1747 895 1822 consiliis,
905 1768 972 1830 quc
982 1749 1086 1812 timidi
1096 1771 1168 1812 eou-

111 1843 144 1896 ta
163 1844 281 1900 meant.
327 1831 415 1898 Haec
436 1831 521 1896 velut
543 1831 745 1896 concionanti
765 1830 914 1898 Minucio
935 1833 1168 1900 circumfunde.
1189 1865 1192 1872 ·

112 1918 202 1988 batur
217 1921 421 1986 tribunorum
435 1918 641 2005 equitumque
656 1918 875 1984 Romanorum
889 1918 1070 1998 multitudo,
1081 1935 1113 1986 ct
1127 1921 1169 1990 sd

109 2029 200 2072 aures
219 2029 263 2094 qu
309 2027 349 2072 ue
362 2003 498 2071 militum
521 2004 606 2071 dicto
626 2003 743 2068 ferocis
756 2004 979 2070 volvebantur:
1004 2011 1051 2082 oc;
1067 2008 1092 2072 si
1109 2008 1169 2072 mi-

107 2091 205 2160 litaris
232 2117 269 2160 su
295 2091 375 2180 rogii
397 2112 447 2156 res
469 2103 559 2170 esset,
579 2089 666 2156 houd
690 2090 786 2156 dubie
808 2090 959 2168 ferebant,
986 2091 1168 2160 Minucium

110 2179 209 2246 Fabio
220 2179 298 2246 duci
338 2177 510 2244 raelsturos.
743 2188 746 2194 ’
1085 2193 1088 2198 ·
1240 2229 1248 2235 -

148 2267 232 2332 XV.
255 2265 283 2306 ⁹⁰
293 2201 554 2350 lisbius-pariter,
566 2262 599 2326 in
616 2285 687 2328 suos
709 2262 797 2328 haud
817 2263 923 2328 minus
937 2285 1032 2350 quom
1047 2264 1079 2328 in
1095 2265 1168 2331 hos·⁴
1177 2287 1266 2336 namu·
1276 2288 1302 2334 in

109 2365 149 2418 tes
180 2355 336 2431 intentus,
355 2351 476 2436 ⁹¹prius
489 2395 490 2402 1
505 2350 547 2417 ab
575 2348 815 2419 illisinvictum
845 2351 985 2416 animum
1014 2364 1144 2435 praestat
1152 2355 1169 2416 ‘2
1177 2354 1330 2402 cunctatione

109 2453 311 2526 quemquam
328 2437 428 2524 probe
453 2437 526 2517 scit,
545 2459 609 2503 non
634 2435 668 2502 in
691 2436 920 2504 cestrismodo
941 2437 1015 2518 suis,
1030 2437 1084 2502 sed
1100 2438 1168 2525 jam
1177 2423 1275 2478 ΨΜ

110 2527 341 2596 θίὶθιεεΒθιθθε
365 2523 512 2590 infamem
537 2545 626 2588 mam
649 2523 981 2604 cunctationemesse,
996 2523 1170 2596 obstinatus

110 2625 216 2678 tumen
231 2611 344 2678 eodem
359 2610 560 2676 consiliorum
575 2620 687 2677 tenore
707 2609 822 2674 aestsns
833 2609 1002 2697 ¹,reliquum
1014 2611 1169 2678 exinaniti

110 2712 142 2764 nt
165 2698 349 2777 Hannibal,
365 2697 533 2762 destitutus
554 2694 595 2760 sb
616 2719 673 2781 spe
693 2709 894 2781 summopere
914 2697 1002 2782 petiti
1026 2698 1171 2768 cenaui,

111 2786 167 2865 nis,
187 2787 257 2872 jam
285 2785 424 2852 hibernis
449 2784 553 2849 locum
577 2782 867 2867 circumspectarem
891 2785 965 2870 quia
987 2783 1059 2874 9²eu
1081 2783 1170 2870 regio

495 2941 506 2982 f
510 2955 626 3014 murtam
636 2952 712 3000 Gron.
722 2954 792 3002 crev.
813 2985 814 2992 1

145 3135 630 3200 SS'Quodic....illoipoodle]llxrsi
661 3138 735 3192 Livii,
756 3148 831 3200 quum
856 3139 935 3202 pollue
965 3140 1079 3188 iteratum
1108 3140 1172 3190 inire

117 3203 215 3249 vertute
245 3203 337 3262 aliquot
365 3203 417 3250 dies
443 3203 630 3250 intercesserunt
662 3202 778 3250 XXXII.
791 3203 830 3250 21.
846 3211 871 3252 et
886 3207 950 3266 apud
967 3205 1016 3252 Cic.
1034 3205 1171 3254 dromus.

117 3267 178 3312 inter·
211 3265 370 3314 commissam
398 3267 501 3314 Camillo
529 3267 630 3313 dicloto-
663 3267 697 3313 11.
710 3281 734 3314 n.
751 3265 806 3314 800.
821 3269 1094 3330 optabilius...potlus‚
1107 3272 1173 3328 opud

116 3331 175 3378 riam
197 3335 353 3392 potestatem,
372 3339 397 3378 ct
419 3343 527 3392 pugnem
548 3332 631 3377 sdver-
661 3331 1088 3394 Jusnn.111.n.nagu...cmrmr.
1114 3334 1173 3382 vid.

117 3409 155 3444 uss
172 3397 264 3444 Gallos.
306 3397 353 3445 Sed
370 3396 516 3458 preproperi
538 3394 629 3456 ingenii
661 3403 746 3444 etnot.
763 3395 902 3444 19.le
918 3398 1031 3458 leupre.
1057 3398 1173 3449 omnino

116 3461 270 3508 concionator
291 3463 439 3509 celeritatem
466 3460 562 3510 Camilli
589 3473 630 3507 su·
661 3461 909 3524 hipleonasmiapud
922 3463 1027 3524 optimos
1043 3463 1173 3520 scriptores

117 3539 158 3584 pra
173 3537 262 3571 verum
281 3531 394 3587 exauget,
412 3531 441 3570 ut
460 3524 552 3588 majore
567 3525 631 3572 invi-
662 3539 711 3572 non
730 3539 790 3578 roro¹
804 3535 941 3574 occurrunt.
980 3525 1006 3574 Si
1028 3528 1068 3573 cui
1091 3532 1173 3572 tomen

116 3591 251 3638 tumeret
259 3592 329 3638 Fabii
336 3591 522 3638 cunctationem.
662 3589 702 3636 hic
722 3590 785 3654 illud
802 3601 1008 3653 supervacaneum
1028 3591 1174 3638 vocobulum

147 3655 179 3702 89
196 3653 258 3700 Non
273 3657 311 3703 luis
323 3654 430 3717 mgnum
445 3653 559 3716 θθθθίίίὲε]
577 3653 631 3702 Hoc
662 3653 782 3716 displicet,
798 3656 850 3704 loco
870 3657 900 3704 ei
914 3657 1015 3718 muter,
1034 3656 1099 3718 legat
1116 3665 1174 3704 cum

115 3719 217 3779 protulit
234 3717 332 3782 Lipsius
347 3733 362 3766 e
378 3733 422 3765 suo
437 3719 579 3775 coiisseut
595 3731 632 3765 se·
662 3717 715 3766 luc.
727 3719 802 3766 Gran.
813 3723 906 3768 aeriter.
998 3751 1001 3758 ,
1063 3750 1065 3756 ·

116 3787 207 3832 omiss
221 3785 357 3833 facitunus
372 3797 387 3830 e
401 3784 496 3832 nostris.
523 3782 632 3830 Necdu-
695 3781 725 3830 91
743 3784 820 3830 Prius
837 3788 866 3832 al
884 3785 1078 3849 illir],i’rimum
1095 3789 1174 3844 ¹certu-

116 3851 188 3897 bituri
203 3849 359 3911 potest-quin
373 3845 458 3897 virum
475 3848 507 3894 sit
523 3859 575 3908 prae
590 3847 632 3894 illo
663 3861 720 3896 men
733 3856 784 3895 erut
796 3848 870 3897 Fabio
885 3863 943 3898 cum
957 3852 1022 3906 nuiss
1039 3856 1074 3903 et,
1084 3864 1133 3909 quo
1148 3863 1175 3896 oe

117 3921 189 3962 entes
201 3917 372 3978 vulgamini
384 3911 422 3958 taio
438 3913 538 3962 emolu
556 3913 630 3960 conei-
662 3913 781 3962 invictum
794 3920 920 3974 praeisset
935 3918 966 3964 ab
976 3914 1096 3971 hostibus,
1106 3914 1174 3974 prius

127 3979 142 3991 ''
663 3990 759 4026 necesse
776 3983 828 4023 erut
838 3984 866 4024 ut
877 3992 902 4024 sc
918 3979 1036 4027 invictum
1051 3979 1178 4038 praestaret

148 4045 182 4092 90
196 4045 289 4092 Folius
296 4042 392 4106 pariter
401 4042 542 4088 insomnem
553 4041 632 4088 mimi
663 4043 746 4090 asnis.
780 4041 845 4087 Olim
859 4043 918 4089 editi
934 4045 963 4090 oi
978 4043 1033 4088 aliis
1048 4055 1092 4102 pro
1108 4045 1137 4090 al
1147 4043 1177 4089 il·

118 4121 185 4166 quam
198 4111 225 4156 in
241 4108 329 4171 ἠθείη]
346 4107 514 4156 Necessarium
533 4106 632 4165 quidem
663 4109 709 4155 lire
726 4107 847 4166 quomodo
855 4112 879 4152 et
889 4107 983 4169 legebat
995 4108 1140 4164 Gronovius,
1149 4113 1178 4156 ut

118 4185 165 4218 non
176 4173 369 4236 euriporum:
385 4169 633 4230 nontumcutortssse
664 4175 764 4232 apparet
775 4184 805 4218 ex
816 4168 869 4233 ejus
886 4180 944 4220 nota
960 4174 1071 4220 adhunc
1087 4173 1177 4220 locum.

120 4239 282 4288 mouendum.
317 4236 376 4284 Non
397 4235 475 4295 magis
492 4247 535 4280 nos
555 4235 632 4282 offen·
664 4235 780 4296 Quisquis
796 4236 844 4297 legi
859 4233 1072 4298 jussitolillir‚is
1087 4239 1177 4284 bonum

123 4304 157 4350 dit
176 4308 278 4364 pariter,
308 4309 426 4362 sequente
456 4299 520 4346 naut
546 4301 633 4359 minus,
663 4313 760 4362 operam
772 4303 870 4348 navavit
882 4301 959 4348 Livio.
1099 4311 1101 4316 ’

124 4382 193 4428 quam
204 4368 300 4432 potius.
313 4398 320 4413 .
334 4399 342 4416 .
354 4395 361 4410 ·
374 4365 481 4414 lubentius
492 4365 517 4411 in
534 4365 630 4414 Praeiau
698 4365 728 4413 92
739 4366 752 4390 ¹
761 4365 800 4412 Ea
818 4367 882 4428 regio
893 4369 1015 4427 masnilio
1031 4370 1081 4414 erut
1098 4367 1177 4426 copie,
