3036 4972
415 200 512 262 ura.
538 199 659 261 xxur.
685 199 793 261 cna
820 201 902 262 xur.
1116 203 1184 277 ras
1226 158 1231 164 ’

129 369 269 452 pugnam
292 359 462 450 ancipitem
479 363 582 441 Poeni,
599 363 706 430 Sardis
726 363 816 429 facile
829 363 914 430 v'lnci
934 359 1090 440 adsuetis,-
1102 357 1221 428 lece-U·
1231 374 1258 420 ⁰·
1271 369 1328 422 ⁵⁸⁷·

130 463 221 516 runtr
244 457 406 536 postremo
428 451 549 535 stipsi,
571 471 668 536 quum
691 451 798 515 omnia
819 451 903 516 circa
924 463 987 514 stra
1012 473 1029 513 e
1051 471 1087 513 ac
1101 434 1327 548 .fuga¹⁴·⁰·²¹⁵·

133 537 312 602 Sardorum·
327 537 446 621 repleta
467 549 579 612 essent,
602 534 671 612 lusi.
701 549 841 602 ceterum
862 552 950 621 terga
979 473 1098 612 (Kotes,
1124 557 1185 599 crr-
1295 534 1301 552 ‘

131 623 302 688 cumdocto
325 644 433 698 cornu,
450 644 513 706 quo
535 622 698 707 pepulerat
720 624 847 701 Sardos,
870 621 994 687 inclusit
1010 621 1186 686 Romanus.

131 709 232 773 caedes
260 708 335 772 inde
359 709 468 792 magis,
499 730 592 795 quarn
618 723 735 795 pugna,
765 709 832 772 fuit.
877 708 1056 774 Duodecim
1086 706 1186 772 millia

132 793 269 858 hostium
296 815 377 858 crasa
402 794 574 860 Sardorum
605 795 697 859 simul
725 795 972 879 Poenorumque,
1001 792 1098 858 ferme
1125 793 1187 859 tria
1264 853 1268 860 .

133 881 231 944 millia
245 893 285 945 et
296 880 500 967 septingenti‘
513 880 608 964 capti,
624 893 655 944 et
675 881 764 966 signa
787 879 933 945 militaria
954 892 1072 965 septem
1095 892 1127 944 et
1140 883 1187 945 vi·

133 967 222 1055 giuti.
683 1008 685 1013 ·
980 1017 982 1023 ,

174 1051 268 1116 XLI.
293 1054 378 1116 Ante
399 1053 505 1116 omnia
526 1051 643 1116 claram
666 1065 697 1117 et
712 1052 944 1126 memorabilem
959 1071 1099 1138 pugnam
1114 1051 1188 1117 fecit

135 1137 324 1202 Hasdrubal
344 1139 515 1220 imperator
537 1151 656 1222 captus,
679 1152 711 1203 et
734 1138 865 1215 Hanno,
881 1152 912 1203 et
937 1141 1044 1224 Mago,
1065 1137 1187 1202 nobiles

135 1223 257 1288 Kartha
280 1224 423 1288 irienses.
447 1223 547 1310 Mago
559 1246 599 1288 ex
656 1237 708 1288 ute
719 1223 864 1301 Barcina,
879 1225 1056 1310 propinqua
1068 1223 1188 1310 'cogna-

134 1311 220 1374 tione
237 1248 411 1374 Hannibali
423 1310 570 1394 junctus;
633 1315 716 1373 anno
737 1315 847 1374 auctor
868 1311 1046 1375 rebellionis
1062 1309 1187 1386 Sardis3

134 1393 272 1481 bellique
286 1396 352 1480 ejus
367 1395 452 1460 haud
466 1394 562 1459 dubie
576 1391 726 1460 concitur.
749 1397 816 1460 Nec
832 1397 1007 1462 Sardorum
1021 1396 1116 1461 duces
1131 1396 1190 1459 mi·

136 1503 195 1544 nus
206 1481 348 1564 nobilem
359 1503 427 1545 eam
438 1503 578 1567 pugnam
591 1481 731 1545 cladibus
742 1483 805 1546 suis
816 1483 964 1548 lecerunt.
979 1503 1053 1547 nam
1065 1497 1096 1548 et
1106 1482 1191 1546 lilius

138 1567 362 1650 Hampsicorae
378 1567 512 1632 Hiostus
535 1568 567 1631 iu
590 1566 656 1632 acic
676 1568 806 1632 cecidit:
829 1581 861 1633 et
877 1569 1101 1654 Hampsicora,
1117 1589 1191 1632 curn

136 1654 413 1739 paucis'equitibus
426 1651 608 1741 fugierant
622 1677 716 1737 super
728 1653 867 1719 adflictas
881 1659 931 1719 res'
945 1675 1192 1744 necemquoque

137 1739 195 1803 lilii
206 1739 338 1816 audivit,
350 1753 454 1818 nocte,
464 1762 504 1804 ne
514 1740 603 1824 cujus
613 1741 803 1804 interventus
813 1753 917 1819 coepta
928 1741 1094 1826 inpediret,
1108 1762 1192 1804 mor·

138 1838 202 1888 tem
217 1825 275 1889 sibi
290 1827 453 1889 consciuit.
478 1825 600 1890 Ceteris
611 1826 685 1890 urbs
697 1827 821 1890 Coruus
831 1827 953 1903 cadem,
965 1849 1037 1913 quae
1048 1841 1131 1904 ante,
1142 1826 1193 1892 fu·

139 1909 427 1998 gae'recept‘aculum
438 1909 509 1975 fuit.
523 1919 617 1997 quam
629 1911 780 1987 Manlius,
789 1913 907 1976 victore
915 1914 1056 1977 exercitu
1065 1912 1194 1996 adgres-

139 2019 200 2074 sus,
216 1997 301 2062 iutra
322 2019 440 2080 paucos
454 1996 520 2061 dies
541 1998 669 2081 recepit.
712 1997 838 2065 Deinde
859 1997 930 2062 aliae
944 2020 1072 2085 quoque
1086 2000 1194 2062 civita·

139 2096 195 2159 tes,
212 2105 284 2170 quae
306 2082 347 2146 ad
366 2083 608 2167 Hampsicoram
626 2082 805 2168 Poenosque
826 2083 1015 2160 defecerant,
1032 2084 1194 2150 obsidibus

140 2167 231 2245 datis,
247 2167 436 2232 dediderunt
450 2191 525 2233 sese.
547 2166 659 2254 quibus
681 2168 837 2252 stipendio
858 2168 1078 2255 frumentoque
1092 2170 1194 2255 impe·

139 2271 219 2332 rato,
242 2275 303 2339 pro
324 2255 414 2340 cujus
437 2276 476 2317 ue
497 2266 551 2318 aut
572 2255 689 2317 viribus
707 2267 763 2318 aut
782 2255 908 2331 delicto,
926 2255 1054 2320 Carales
1076 2257 1340 2346 exemi-Pomona

140 2348 210 2405 tum
237 2340 379 2406 reduxit.
415 2277 473 2404 lbi
509 2339 639 2404 navibus
666 2339 769 2427 longis
796 2342 950 2419 deductis,
980 2343 1193 2428 inpositoque,
1203 2333 1321 2384 ΜΝ

142 2448 235 2511 quem
252 2447 357 2490 secum
372 2424 554 2504 advexerat,
568 2426 678 2507 milite,
694 2427 828 2490 Romam
846 2429 982 2514 na'vigat,
1001 2428 1196 2493 Sardiniam-

142 2534 204 2598 que
224 2512 434 2597 perdomitam
455 2511 585 2576 nunciat
608 2511 772 2576 Patribus:
795 2527 826 2577 et
846 2514 1036 2599 stipendium
1060 2529 1197 2601 quaesto-

143 2598 241 2676 ribus,
266 2595 457 2662 frumentum
486 2596 640 2674 aedilibus,
667 2597 903 2683 ⁸⁹captivosque
929 2600 1041 2665 Fulvio
1066 2602 1197 2686 praetori

142 2683 284 2748 tradidit
330 2683 392 2748 Per
406 2684 489 2748 idem
505 2691 627 2767 tempus
641 2683 667 2724 ⁹⁰
676 2683 718 2747 T.
731 2683 886 2750 Otacilius
900 2702 1029 2770 praetor,
1041 2688 1197 2774 quinqua-

166 2771 234 2834 ‘nta
258 2768 385 2834 navium
411 2769 451 2834 ab
478 2769 621 2855 Lilybaeo
645 2770 743 2834 classe
768 2773 801 2834 in
824 2771 966 2836 Africam
991 2787 1197 2852 transvectus,

143 2793 415 2943 chopulatusque
437 2877 547 2942 agrum
572 2853 877 2942 Karthaginiensem,
898 2880 995 2944 quum
1018 2860 1198 2926 Sardiniam

143 2943 220 3012 inde
235 2953 369 3028 peteret,
385 2963 449 3026 quo
461 2941 547 3004 fama
567 2954 635 3006 erat
652 2941 886 3007 Hasdrubalem
904 2968 924 3007 a
940 2945 1116 3012 Baliaribus
1137 2969 1205 3012 nu·v

144 3049 203 3113 per
232 3027 397 3113 trajecisse,
427 3027 516 3090 classi
546 3026 688 3127 Africam
712 3030 866 3113 repetenti
895 3031 1045 3110 obcurrit,
1074 3034 1200 3119 levique

145 3115 317 3180 certamine
331 3113 364 3176 in
385 3115 451 3180 alto
471 3133 646 3190 commrsso,
664 3127 782 3196 septam
803 3115 878 3180 iude
897 3137 993 3182 naves
1013 3141 1086 3184 cum
1108 3121 1201 3186 sociis

145 3199 309 3266 navalibus
330 3199 429 3285 cepit:
456 3211 574 3263 ceteras
599 3216 700 3264 metus
719 3197 802 3264 haud
829 3223 929 3279 secus,
948 3203 1043 3290 quam
1064 3219 1200 3290 tempes-

147 3299 205 3364 tas,
231 3284 348 3370 passim
373 3284 501 3371 disjecit.
547 3285 610 3350 Per
636 3285 764 3350 eosdem
791 3285 872 3352 forte
894 3289 960 3356 dies
985 3309 1017 3354 et
1039 3291 1202 3357 Bomilcar

146 3373 255 3438 ⁹¹cum
278 3371 438 3451 militibus,
454 3370 495 3434 ad
510 3371 769 3456 ‘supplementum
791 3371 990 3463 Karthagine
1010 3377 1119 3455 missis,
1138 3378 1202 3444 elc-

147 3456 360 3544 phantisquel,
378 3469 410 3522 et
433 3470 618 3535 commeatu,
647 3457 768 3522 Locros
795 3462 952 3527 accessit.¹
968 3483 1062 3548 quern
1091 3475 1128 3528 ut
1152 3465 1202 3528 in·

148 3558 276 3611 cautum
300 3545 491 3629 obprimeret
515 3545 578 3628 Ap.
601 3543 763 3624 Claudius,
789 3567 847 3630 per
875 3547 1104 3613 simulationem
1127 3572 1203 3637 pro·
1308 3618 1315 3632 ⁴

260 3735 382 3781 ‘morata'
392 3735 465 3782 Gron.
477 3735 545 3782 crev.
657 3733 877 3798 dpadragtstaqus
886 3735 1009 3800 elephantis
1021 3739 1089 3788 uad.

158 3923 161 3930 ,
181 3902 214 3950 aa
231 3901 343 3961 carrea
354 3901 383 3957 c.
395 3901 494 3965 suaa]
510 3900 593 3962 vngo
605 3917 660 3964 sap.
690 3905 747 3952 rust.
757 3891 815 3952 vu.
828 3911 877 3952 nos
888 3904 928 3953 se.
941 3907 972 3952 aa
982 3920 1004 3954 ο.
1018 3907 1127 3966 perime
1142 3920 1205 3968 pra

151 3968 251 4026 doneque
271 3964 371 4014 Fulvio.-
394 3978 443 4026 quo
469 3979 556 4026 genere
577 3969 660 4015 mendi
692 3970 786 4016 cedens.

151 4033 247 4078 nullum
265 4035 303 4076 est
320 4028 470 4091 frequentius
483 4031 509 4077 iu
526 4027 620 4091 sc‘riptis
636 4038 661 4078 et
725 4033 754 4080 al
774 4033 835 4081 Cam
846 4033 969 4098 addam]
987 4035 1062 4083 Deest
1077 4049 1204 4096 numurus,

26 4087 37 4112 ⁸
151 4095 229 4142 editis.
261 4093 330 4139 Unus
348 4100 430 4141 tamen
452 4095 555 4156 creglia
575 4109 661 4142 verum
709 4097 789 4154 aaut
808 4101 951 4158 apparete:
968 4115 989 4146 c.
1008 4100 1046 4148 13.
1068 4107 1204 4162 suprascr

152 4156 338 4216 ”traciaquod
352 4158 502 4220 mamus.
542 4163 544 4170 “
624 4208 625 4213 ,
692 4112 764 4208 l000.
798 4161 859 4208 Mox
878 4177 962 4211 omues
984 4166 1066 4226 scripti
1087 4165 1205 4215 omittunt

118 4229 122 4236 ’
183 4223 216 4268 90
235 4223 262 4269 T.
286 4219 402 4269 moetus
418 4223 518 4300 preter]
532 4223 663 4286 „Otacilius
694 4225 907 4290 quadragintorum
937 4235 986 4277 tres
1013 4231 1088 4278 nostri
1114 4230 1204 4277 habeut

155 4297 201 4333 uon
218 4288 265 4334 hoc
281 4299 357 4345 auno,
375 4289 416 4336 scd
434 4301 555 4349 superum
573 4295 663 4350 prator
693 4290 866 4354 elephantisque.
990 4319 993 4324 ·
