3036 4972
400 210 494 269 Lm.
514 203 619 270 xxti.
649 205 752 268 cAt‘.
774 199 891 270 xL111.
1132 216 1190 280 ut

116 371 210 462 quum
225 372 326 439 aliter
338 371 444 461 neque
458 369 643 440 seditionem
666 393 770 462 neque
786 367 899 440 ducem
915 365 1077 441 seditionis
1092 380 1185 442 susti-
1195 397 1223 444 u.
1234 393 1260 446 c.
1273 399 1336 450 ssa:

113 461 185 525 nere
199 471 332 546 posset,
348 462 490 526 Marium
506 461 665 526 Statilium
686 461 871 548 praefectum
893 483 965 525 cum
988 475 1094 526 turma
1118 465 1223 529 ΙΝ·
1233 465 1261 510 0·
1274 467 1333 514 216,

112 569 189 612 cesta
213 548 423 630 exploratum
452 549 559 613 mittit.
582 551 648 635 qui,
674 549 728 612 ubi
748 547 963 635 adequitauit
977 543 1085 631 portis,
1110 551 1184 616 sub-

109 635 221 698 sistere
251 648 344 698 extta
376 636 572 700 munimenta
601 633 711 700 ceteris
735 636 840 720 jussis,
867 635 936 720 ipse
960 655 1031 699 cum
1057 636 1184 703 duobus

112 721 275 806 equitibus
297 721 418 786 vallum
440 723 587 786 intravit:
619 720 860 807 speculatusque
882 723 989 785 omnia
1011 741 1084 786 cum
1106 747 1195 791 cura·

111 810 292 884 renunciat,
309 807 598 893 insidias-profecto
619 829 700 872 esse:
723 807 813 894 ignes
835 808 868 870 in
889 823 981 896 parte
995 824 1182 894 castrorum,

110 915 180 978 quae
195 906 315 981 vergat
335 896 370 958 in
390 893 526 972 hostem,
542 893 685 959 relictos:
707 893 911 958 tabernacula
926 908 1043 977 aperta,
1059 907 1091 960 et
1112 919 1182 962 om·-

108 981 161 1044 nia
181 1003 263 1045 cana
286 981 321 1043 in
341 994 468 1066 promtu
492 981 616 1045 relicta:
639 1001 675 1044 ac
697 992 805 1044 entutu
821 971 1012 1066 quibusdam
1035 983 1112 1046 locis
1136 995 1181 1048 te·

109 1089 196 1132 mere
210 1089 276 1153 per
289 1067 366 1145 vias,
379 1067 463 1131 velut
475 1067 633 1153 objectum
649 1003 697 1130 ad
704 1067 861 1150 ptaedam,
873 1065 997 1132 vidisse.
1044 1066 1128 1143 Quae
1139 1071 1181 1134 ad

111 1153 324 1218 deterrendos
338 1175 359 1218 a
372 1153 547 1239 cupiditate
560 1154 684 1217 animos
698 1153 849 1217 nunciata
861 1169 962 1231 etant,
976 1173 1014 1218 ea
1028 1154 1182 1222 accendea

109 1253 204 1318 runt3
228 1255 274 1316 et,
291 1240 429 1304 clamore
444 1252 515 1304 orto
537 1263 556 1303 a
570 1239 732 1318 militibus,
748 1240 917 1325 attiguum
932 1242 1031 1321 detur,
1045 1242 1110 1304 aiae
1123 1245 1180 1306 du-

111 1327 188 1392 cibus
203 1328 315 1404 ituros,
331 1325 577 1413 haudquaquam
592 1328 658 1391 dux
671 1325 781 1390 delinit.
802 1347 878 1390 nam
899 1325 1060 1410 extemplo
1075 1327 1181 1392 Varro

111 1413 238 1499 signum
265 1413 357 1476 dedit
379 1413 608 1496 proficiscendi.
655 1412 794 1490 Paullus,
810 1429 908 1498 quum
936 1413 965 1476 ei
989 1435 1046 1476 sua
1067 1430 1180 1498 sponte

110 1501 276 1566 cunctanti
291 1499 394 1584 8pulli
414 1523 539 1586 quoque
561 1499 702 1584 auspicio
723 1521 788 1562 non
810 1499 1016 1575 addixissent,
1032 1500 1179 1564 ⁹obnuu-

111 1587 187 1651 ciari
204 1589 278 1674 jam
301 1585 444 1650 efferenti
468 1599 562 1671 porta
583 1586 671 1672 signa
693 1585 823 1668 collegae
841 1586 942 1670 jussit.
965 1586 1052 1671 quod
1067 1609 1179 1673 quam-

110 1696 209 1758 quam
225 1674 333 1737 Varro
348 1694 434 1761 aegte
447 1686 495 1738 est
507 1693 627 1757 passus,
646 1672 794 1735 Flaminii
816 1687 923 1736 tamen
945 1689 1054 1740 recens
1076 1695 1177 1752 casus,

109 1760 136 1798 ¹⁰
146 1759 342 1846 Claudiique
356 1758 494 1823 consulis
515 1760 620 1842 primu
636 1757 760 1822 Punico
774 1757 858 1821 bello
874 1771 1048 1823 memorata
1061 1761 1179 1825 navalis

109 1846 232 1922 clades,
251 1846 306 1910 reli
333 1847 438 1909 'ouem
459 1845 567 1910 animo
592 1845 733 1910 incussit.
777 1845 835 1909 Dii
857 1863 959 1929 prope
985 1847 1044 1929 ipsi
1066 1847 1180 1911 codic

109 1934 215 2018 magis
228 1869 391 2009 distuldre,
408 1953 503 2018 quam
518 1930 720 2017 prohibuere,
744 1931 949 1995 inminentem
972 1946 1093 2016 pestem
1112 1934 1179 1999 Ro·

38 2039 47 2060 ⁶
108 2020 223 2084 manis.
245 2042 321 2084 nam
337 2019 420 2084 forte
433 2020 478 2084 ita
491 2021 605 2094 evenit,
620 2031 668 2098 ut,
684 2039 783 2104 quum
797 2015 906 2081 referri
921 2017 1011 2104 signa
1026 2020 1059 2082 in
1076 2037 1179 2085 castre

104 2106 380 2193 jubenti'consuli
402 2105 516 2170 milites
537 2125 602 2169 non
629 2119 796 2188 parerent:
820 2103 901 2168 servi
922 2103 997 2178 dno,
1015 2103 1176 2177 Formiani
1186 2135 1327 2195 Deprehen-

107 2215 202 2272 unus,
219 2192 308 2258 alter'
318 2192 451 2259 Sidicini
461 2192 588 2278 equitis,
605 2193 672 2277 qui,
689 2190 823 2256 Servilio
837 2203 933 2276 atque
947 2189 1046 2256 Atilio
1064 2202 1284 2258 consu-duntur·

109 2279 201 2359 libus,
219 2283 305 2345 inter
325 2279 530 2366 pabulatores
546 2279 671 2362 excepti
686 2301 704 2340 a
721 2276 869 2341 Numidis
883 2275 1016 2353 fuerant,
1031 2277 1177 2365 profuge-

108 2385 179 2432 rent
197 2389 242 2433 eo
263 2367 317 2431 die
338 2366 382 2432 ad
405 2365 571 2430 dominos:
615 2365 648 2430 ui
674 2363 802 2427 deducti
827 2362 869 2426 ad
895 2363 1040 2428 consules
1060 2363 1177 2430 unun-

108 2455 226 2534 cante,
240 2475 370 2517 omnem
390 2452 565 2517 exercitum
620 2451 775 2515 annibalis
796 2462 883 2514 trans
906 2451 1072 2535 proximos
1086 2473 1178 2518 mon-

109 2555 152 2604 tes
163 2541 280 2606 seder'c
292 2543 325 2603 in
336 2539 466 2604 insidiis.
513 2538 643 2602 Horum
656 2551 855 2622 opportunus
867 2537 1021 2603 adventus
1027 2539 1178 2605 'consules
1200 2545 1203 2550 '

108 2625 238 2712 imperii
258 2639 405 2712 potentes
429 2625 512 2703 lecit,
534 2646 633 2711 quum
653 2623 679 2663 ¹²
687 2625 819 2688 ambitio
832 2624 973 2714 ¹alterius
999 2647 1088 2690 suam
1111 2627 1178 2712 pri·
1221 2672 1225 2681 -

105 2734 196 2778 mom
210 2713 301 2797 apud
317 2735 373 2778 eos
384 2733 481 2796 prava
494 2711 692 2797 indulgentia
707 2712 902 2797 majestatem
918 2709 1068 2778 solvisset.

148 2799 290 2866 XLIII.
312 2797 490 2876 Hannibal,
519 2809 686 2891 postquam
723 2811 827 2864 motos
843 2815 847 2822 “
864 2797 965 2883 magis
1000 2798 1178 2866 inconsulte

111 2885 291 2963 Romanos,
315 2907 410 2972 quam
436 2885 476 2949 ad
503 2885 650 2950 ultimum
676 2898 796 2948 temere
814 2898 947 2958 evectos,
968 2883 1064 2961 vidit3
1087 2885 1177 2951 ¹³ne·

109 2973 297 3059 quidquam,
312 2973 437 3036 detecta
450 2971 577 3049 'frauda
593 2971 627 3034 in
649 2983 755 3035 castra
776 2970 878 3034 rediit.
924 2969 975 3034 Ibi
990 2970 1096 3054 plures
1110 2972 1178 3039 dies

109 3075 244 3145 propter
258 3058 401 3143 inopiam
423 3057 571 3123 frumenti
595 3079 722 3122 manere
743 3056 912 3142 nequibat3
936 3077 1080 3144 novaque
1101 3079 1178 3124 con·

110 3145 178 3210 silio
192 3149 228 3210 in
243 3145 312 3209 dies
326 3166 389 3209 non
411 3144 497 3230 apud
525 3143 637 3208 militen
661 3143 774 3220 solum,
789 3144 907 3207 mixtos
930 3163 969 3206 ex
987 3145 1178 3214 conluvione

110 3233 255 3298 omnium
282 3232 438 3319 gentium,
455 3231 510 3294 sed
532 3231 626 3294 etiam
650 3230 735 3315 apud
751 3231 861 3314 ‚ipsum
882 3229 1007 3306 ducem,
1029 3233 1176 3298 orieban-

109 3329 170 3383 tur.
196 3341 277 3384 nam
302 3341 403 3405 quum
427 3318 519 3381 initio
541 3314 697 3396 fremitus,
721 3315 837 3382 deinde
861 3323 971 3401 'aperta
993 3318 1176 3385 vociferatio
1185 3349 1330 3401 Hmffiffi,

107 3402 214 3470 luisset
240 3404 481 3490 exposcentium
507 3403 703 3488 stipendium
732 3401 885 3479 debitum,
912 3403 1175 3490 querentiumque
1183 3415 1264 3477 inopte
1274 3425 1300 3465 a

108 3513 271 3558 annonam
291 3492 405 3577 primo,
427 3503 588 3576 postremo
608 3489 744 3570 lamem3
767 3504 799 3557 et
821 3489 1030 3554 mercenarios
1049 3484 1173 3571 milites,
1183 3483 1301 3532 “¹¹¹⁸‘ss
1317 3491 1320 3501 “

407 3631 411 3640 ι
515 3631 684 3714 tatastat
694 3667 769 3714 Gran.

136 3812 253 3876 uentu]
282 3812 338 3860 Vld.
355 3819 408 3862 not.
424 3812 463 3860 63.
481 3813 627 3862 ace.to.1.
659 3816 725 3874 quod
736 3815 837 3861 verbum
849 3819 886 3860 est
902 3811 1029 3874 potestatis
1042 3811 1087 3858 'aut
1098 3811 1176 3860 mina.

107 3876 142 3924 X.
659 3893 723 3926 rum.
773 3879 927 3924 Conexunus
966 3891 996 3923 ex
1032 3880 1176 3925 auctoritate

138 3941 330 4005 90tnuaca'aat]
364 3942 494 3995 Nunciari,
520 3943 627 4002 auspicia
658 3945 820 4004 complurium
833 3943 985 4001 scriptorum.

106 4005 212 4053 infausta
221 4019 286 4064 ease,
296 4020 342 4054 nec
356 4007 458 4066 prolude
473 4007 545 4054 licere
556 4007 625 4066 quid·
692 4008 722 4055 la
739 4005 855 4068 Ambitio]
874 4007 940 4053 Cura
953 4007 1077 4054 ambiendi
1093 4013 1118 4053 et
1129 4021 1174 4054 au·

106 4083 179 4129 quam
189 4072 226 4118 rei
237 4085 310 4118 novae
318 4072 427 4132 aggredi.
656 4074 762 4132 cupandi
780 4071 887 4118 militum
905 4072 995 4119 fatoris
1008 4083 1051 4131 per
1068 4080 1175 4120 assenta-

138 4133 190 4182 10·
198 4135 296 4185 cautu
312 4165 319 4182 .
333 4165 357 4182 ..
369 4135 467 4182 cannella
480 4167 487 4182 .
498 4165 506 4180 .
517 4133 626 4181 :mnam
658 4137 749 4183 tionem
761 4141 786 4183 et
793 4137 935 4182 indecorum
946 4136 1098 4196 obsequium.
1110 4151 1113 4157 ⁴

107 4198 190 4263 clades]
208 4197 271 4264 Ejus
281 4201 328 4262 qui
344 4201 562 4260 collonquentem
576 4211 624 4244 nou
691 4201 723 4248 13
736 4201 919 4261 Nequiquam.
932 4199 1070 4262 ...radtttJ
1089 4201 1174 4248 Rein·
1212 4190 1219 4202 ‘

106 4267 271 4323 Mutus,
282 4268 311 4316 in
328 4277 399 4310 mare
414 4260 624 4324 precipitari-jus-
656 4270 720 4314 fecta
738 4266 817 4312 rediit.
850 4265 890 4312 Sic
908 4267 973 4326 apud
994 4264 1050 4310 Sall.
1068 4264 1095 4310 in
1111 4267 1177 4312 bellu

108 4329 146 4385 sit,
156 4334 182 4376 at
192 4331 303 4389 attonat,
315 4328 411 4392 quaudo
421 4341 467 4376 am
476 4329 568 4376 nollent.
656 4333 773 4398 jugurth.
785 4343 808 4377 c.
818 4328 859 4378 2⁵.
882 4329 971 4391 Legati
978 4327 1077 4392 frastra
1092 4330 1174 4377 diaca-
1264 4381 1274 4394 ,

137 4393 165 4442 ll
180 4394 329 4458 Nummi]
367 4391 449 4453 Vulgo
470 4393 623 4444 mutiunt:
655 4409 710 4443 tert·

714 4467 761 4523 13
