3136 4970
486 184 582 244 tun.
607 183 724 245 xxix.
743 185 852 250 sss.
875 185 915 248 11.
1171 195 1230 274 ⁴99

166 358 332 434 turquens
345 358 468 432 poento,
483 345 653 414 elementer
667 347 770 418 ductis
783 347 955 427 militibus,
970 348 1013 415 nd
1024 346 1133 416 sedern
1152 349 1226 430 hes·
1235 369 1264 418 n.
1275 371 1302 420 n
1314 371 1369 422 etr,

168 432 251 498 tium
266 451 447 518 pewenere.
468 433 563 499 trium
586 433 719 499 millium
743 437 845 522 spatio
857 436 993 521 ⁹proeul
1007 459 1028 502 a
1040 437 1151 504 cestris
1171 435 1262 502 tro-¹L
1274 437 1302 511 9·
1314 437 1370 486 ²⁰⁵·

166 539 239 584 rum
255 534 429 605 posueruut
440 531 563 589 sestis,
599 521 709 586 Primo
719 543 776 606 per
790 522 911 610 legatos
925 521 1140 608 nequidquam
1155 534 1225 588 ten·

166 616 279 683 tetum,
294 607 554 672 ntdisuederetur
566 607 609 672 nh
622 607 729 674 ermis
752 608 834 686 dein,
872 629 948 674 unm
969 609 1003 672 in
1022 607 1224 694 pabulatores

168 691 333 760 &menos
346 693 472 778 inpetus
487 705 618 777 repente
627 693 671 758 sb
684 693 843 780 equitibus
893 686 1009 780 ispsnis
1019 695 1118 760 seems
1133 708 1223 775 esset,

165 778 325 846 submisso
349 781 390 844 eh'
418 779 554 846 statione
579 779 727 845 Romane
751 780 907 866 equitatu,
938 780 1088 866 proelium
1112 803 1223 868 eques·

166 875 217 929 tre
240 864 312 946 fuit,
332 865 420 930 hsud
445 887 520 930 sane
540 865 748 933 memorando
773 866 957 956 inpertem
978 866 1075 932 ullum
1097 880 1222 934 eventu.
1283 877 1285 880 ’
1387 933 1391 944 ,

164 951 243 1017 Sole
267 953 398 1028 oriente,
419 963 546 1038 postero
571 951 623 1018 die
642 953 756 1018 armati
777 952 984 1040 instructique
1004 974 1116 1020 omues
1130 953 1223 1020 mille
1246 973 1251 976 ·

22 1069 25 1102 r·
140 1105 144 1108 ,
163 1036 265 1102 ferme
289 1060 406 1122 pessus·
421 1038 534 1124 procul
558 1061 578 1104 a
605 1037 715 1104 cestris
742 1038 896 1104 Romanis
920 1039 1019 1104 eciem
1043 1039 1301 1106 ostenderemus
1310 1051 1367 1098 ltu·

165 1121 271 1190 Medii
294 1126 449 1190 Ausetani
470 1137 577 1190 erent:
610 1145 731 1190 cornus
751 1125 899 1190 dextrum
921 1125 1082 1214 Ilergetes,
1102 1125 1220 1193 laevum
1228 1129 1355 1177 prorum.

164 1210 321 1298 ignobiles
331 1209 482 1276 tenebunt
495 1209 635 1296 Hispani
646 1211 767 1296 populi.
805 1210 894 1300 luter
907 1225 1070 1280 cornuaet
1082 1211 1220 1278 suediam

162 1297 266 1362 eciem
279 1297 444 1370 intervella
458 1297 597 1384 petentis
610 1297 684 1362 setis
702 1297 766 1364 lete
775 1295 930 1375 feserunt3
953 1319 1017 1384 qus
1032 1297 1229 1384 equitatum·

164 1383 221 1448 ubi
237 1395 362 1470 tempus
377 1395 465 1462 esset,
481 1384 669 1454 emitterent.
714 1383 757 1448 Et
774 1383 923 1462 Romani,
939 1405 1027 1450 more
1048 1407 1107 1450 suo
1128 1407 1220 1452 exer·

164 1469 265 1534 sitnm
287 1491 385 1556 quum
405 1470 637 1548 instruxissent,
662 1469 698 1534 id
720 1469 816 1536 modo
837 1469 978 1536 hostium
1000 1470 1115 1537 imitati
1138 1485 1221 1554 sunt,

163 1565 203 1620 ut
217 1555 301 1620 inter
318 1555 459 1644 legiones
480 1569 512 1622 et
534 1555 594 1640 ipsi
619 1568 762 1640 putentes
784 1556 882 1642 equiti
903 1555 1220 1643 relinquerenttvies.

167 1641 319 1706 Ceterum
335 1641 499 1720 Lentulus,
515 1643 545 1707 ei
567 1642 650 1727 perti
678 1663 771 1708 usum
796 1642 911 1728 equitis
935 1642 1002 1707 fore
1025 1656 1123 1722 retus,
1147 1665 1220 1730 quae
1228 1659 1363 1718 rerepre-

161 1728 253 1814 prior
267 1729 300 1792 in
315 1727 529 1794 dehiscentem
543 1726 714 1806 intervallis
727 1727 865 1794 hostium
886 1730 986 1794 eciem
1006 1731 1127 1816 equites
1142 1724 1300 1796 emi-Hmnr

160 1815 265 1891 sisset,
282 1815 351 1881 Ser.
368 1814 517 1880 Cornelio
540 1813 672 1879 tribuno
698 1814 833 1880 militum
857 1815 1004 1900 imperet,
1023 1817 1143 1902 equites
1164 1839 1223 1902 per

163 1901 355 1986 petentesin
371 1901 509 1967 hostium
523 1901 590 1966 scie
603 1901 668 1966 viss
682 1901 863 1986 permittere
877 1923 975 1987 equos
990 1901 1119 1987 jubeat:
1142 1903 1220 2052 ipse,

160 2000 394 2072 eceptspsrum
405 2009 555 2073 prospere
569 1986 706 2072 pedestri
719 2008 836 2073 pugne,
848 1999 972 2052 tentum
983 1999 1131 2067 moratus,
1167 2011 1222 2056 um

22 2117 28 2158 ,
163 2072 292 2140 sedenti
301 2073 499 2138 duodeeimae
514 2073 641 2160 legioni,
652 2095 726 2224 qnae
736 2072 770 2136 in
781 2073 862 2138 levo
873 2095 974 2138 cornu
985 2073 1133 2140 adrerum
1145 2075 1221 2143 ller-

86 2214 88 2216 .
161 2171 252 2246 getes
266 2159 403 2226 ¹⁰loeate
416 2173 493 2237 erat,
509 2159 634 2225 tertium
679 2155 811 2224 mimam
835 2158 990 2246 legionem
1013 2182 1053 2224 ex
1075 2160 1222 2226 subsidiis

163 2247 199 2312 in
213 2248 348 2331 primam
365 2246 465 2312 eciem
483 2246 716 2310 firmamentum
730 2244 835 2322 ducit;
857 2257 1025 2331 postquem
1039 2259 1165 2332 aequets
1178 2248 1223 2312 ibi

161 2354 274 2420 pugne
287 2345 345 2412 est,
360 2332 401 2398 ed
417 2331 457 2397 L,
469 2331 638 2408 Manlium,
654 2332 736 2396 inter
751 2332 854 2416 prime
867 2333 958 2420 signs
978 2331 1169 2415 hortantem,
1185 2354 1223 2400 ac

162 2419 313 2497 subsidit,
329 2421 441 2505 quibus
451 2441 500 2483 res
509 2417 690 2503 postulabat
703 2417 791 2495 louis,
803 2417 1017 2498 inducentem,
1029 2421 1125 2484 venit.
1139 2419 1223 2485 indi·

160 2517 301 2576 set-tute
316 2506 357 2572 eb
371 2506 453 2571 lrevo
475 2527 575 2569 cornu
596 2525 681 2568 esse:
700 2504 767 2590 jum
789 2505 917 2569 missum
932 2505 973 2570 nb
988 2528 1022 2571 se
1037 2505 1223 2572 Cornelium

159 2593 311 2660 Servium
327 2591 467 2676 procelle
480 2591 616 2676 equestri
637 2589 741 2655 hostes
756 2589 1028 2660 circumfusarum.
1072 2593 1138 2658 Vix
1152 2592 1224 2660 haec

158 2678 250 2744 diets
263 2677 404 2756 dederet,
421 2697 519 2763 quum
537 2677 674 2742 Romani
689 2677 820 2762 equites,
835 2677 868 2741 in
884 2677 1005 2744 medios
1018 2680 1134 2744 invecti
1149 2679 1224 2744 hos·

159 2779 222 2843 tes,
233 2763 328 2830 simul
338 2765 498 2850 pedestres
507 2763 589 2830 acies
597 2763 776 2842 turbarunt,
789 2762 883 2829 sirnul
891 2763 1224 2850 equitibusHiepnno·
1237 2795 1242 2802 ·

161 2873 235 2918 rum
252 2851 335 2918 siem
351 2850 531 2916 immittendi
541 2871 639 2936 equos
647 2849 836 2914 clauserunt
881 2852 1002 2937 ltaque,
1012 2851 1128 2916 omissa
1141 2873 1224 2942 pug·
1294 2907 1307 2918 .,

160 2959 207 3004 ns
216 2937 364 3024 equestri,
380 2937 404 2976 ¹¹
414 2937 455 3005 ed
469 2935 646 3022 pedestrem
657 2935 795 3020 Hispani
804 2934 1045 3002 descenderunt.
1065 3007 1066 3014 p
1084 2937 1224 3006 Romani

161 3025 379 3110 imperatores,
396 3035 431 3088 ut
449 3024 594 3088 turbatos
615 3022 755 3087 hostium
775 3022 912 3104 ordines,
928 3019 961 3088 et‘
980 3023 1225 3109 trepidationem

161 3131 385 3262 iiiiii?
401 3107 1225 3262 1111111111111111113ἕὲ1111111
1257 3150 1259 3158 ’

162 3304 229 3350 non
245 3217 466 3350 irl’stinuiddent
484 3294 549 3347 rem
568 3240 718 3350 infestus}
738 3281 879 3366 inpetum
894 3280 1031 3358 barbari,
1044 3219 1080 3346 iii
1094 3280 1224 3369 13regu·

196 3487 343 3551 9'Rrosul]
361 3488 416 3536 line
436 3489 578 3536 edierbium
588 3488 678 3534 redun-
710 3493 805 3536 neunt.
1172 3531 1174 3538 ,
1260 3504 1266 3520 1

163 3554 222 3619 dure
243 3553 350 3612 videtur,
366 3553 417 3600 imo
435 3564 522 3614 perum
544 3559 679 3614 opportuna
744 3551 774 3600 12
794 3551 827 3599 Ut
836 3549 954 3612 persuum
970 3548 1095 3613 nonum]
1112 3549 1225 3598 vernum

162 3613 286 3680 adjectum
295 3630 355 3668 esse.
710 3616 826 3663 ultimum
846 3620 926 3660 servet
937 3615 1079 3662 Victorinus
1096 3615 1181 3669 codex,
1200 3619 1226 3661 et

199 3681 229 3728 10
244 3681 332 3728 mesta
359 3680 422 3743 mat]
446 3682 485 3730 Sic
505 3682 592 3730 hebuit
613 3681 679 3727 ilhe-
712 3693 797 3727 sensus
818 3679 880 3726 ratio
900 3680 1015 3739 postrrlet.
1055 3681 1142 3737 Itaque
1160 3679 1226 3738 quod

162 3747 222 3792 nuni
239 3746 324 3793 sodex.
356 3745 390 3792 At
409 3747 485 3794 nostri
502 3759 598 3805 omnes,
610 3751 638 3791 ut
654 3748 679 3792 et
711 3745 810 3804 plurimi
822 3744 1047 3804 scripsissemus,
1062 3743 1226 3804 idnegligen-

162 3810 321 3865 Gronoviani‚
340 3825 418 3872 prona
440 3814 497 3859 erat
528 3811 598 3857 Vett.
620 3810 679 3857 editi
712 3809 747 3856 tis
757 3808 910 3856 librariorum
919 3804 1185 3870 sscidissejudiesmus.

163 3881 296 3936 utrumque
309 3872 435 3937 jungunte
452 3875 526 3922 locutu
535 3878 678 3936 provenerat.
744 3873 775 3920 13
791 3873 899 3934 Regulus
908 3873 1057 3934 ipse-‚rum
1070 3870 1228 3933 equililurad
1301 3915 1306 3925 ,

160 3939 679 4000 Retinendeestllhenenileetin,sutprorra
709 3936 775 3998 pedes
791 3933 916 3998 degresnr]
933 3937 1017 3990 Quum
1028 3935 1170 3996 Campanus·
1177 3937 1228 3984 edi·

159 4007 213 4050 crat
219 4005 387 4064 retingendum
395 4018 453 4053 cum
462 4005 572 4052 liubenio
582 4005 609 4050 iu
616 4017 679 4064 pug-
710 4002 773 4049 derit
784 4001 894 4063 digressi,
908 4001 988 4060 legere
998 4013 1125 4062 possemus
1135 3999 1228 4062 degres-

161 4072 266 4114 rtausmt.
709 4067 740 4112 ri.
774 4065 813 4112 sie
829 4065 845 4112 l.
863 4063 938 4110 xxl.
951 4080 974 4114 c.
990 4064 1029 4112 60.
1048 4065 1097 4126 ipse
1112 4061 1161 4110 les
1175 4077 1229 4111 eum

196 4129 296 4179 ll'Ad
315 4132 443 4193 pedestrem
459 4132 568 4194 ¹Hispani
589 4128 679 4177 descur-
703 4130 798 4190 ¹als'quot
825 4127 974 4190 prinepttm
1005 4131 1139 4190 sapiuntur.
1181 4129 1229 4176 Sed

158 4192 259 4258 demi]
276 4197 381 4258 liispsnl
398 4199 492 4258 equites
505 4212 536 4246 ex
553 4194 622 4256 equis
639 4195 681 4240 de·
712 4201 772 4242 tune
783 4195 808 4242 in
825 4193 855 4238 iis
870 4207 926 4254 quse
943 4202 1085 4255 sequuntur,
1096 4194 1228 4253 legendum

158 4261 317 4323 scenderunt,
337 4269 365 4330 nt
387 4263 492 4324 pedestri
515 4261 596 4322 Marte
618 4273 694 4328 Fut?
713 4266 777 4316 esset
787 4255 927 4320 nljeeisrcut.

734 4320 850 4388 xteht
923 4419 925 4426 y
