3060 4960
422 196 518 256 nnn.
547 195 796 255 xxix.cn1³.
823 175 956 254 xxxii.
1136 197 1194 254 sas

134 354 190 422 ula
203 357 265 424 illis
280 359 341 440 est)
354 347 509 445 persecuti
520 370 593 424 sunt
603 379 728 446 regem:
744 371 849 424 cetera
861 356 1076 445 Massylas-um
1086 355 1193 422 multi·
1202 373 1232 421 u.
1244 373 1271 420 c.
1283 378 1339 420 sss.

133 443 214 508 tudo
225 445 259 510 in
270 446 422 511 ditionem
433 443 586 534 Syphacis
597 446 760 510 concessit.
797 444 902 521 Quem
915 456 1063 530 ceperant
1070 443 1194 508 exsules
1201 440 1230 486 A·
1243 442 1272 486 ⁰·
1284 445 1342 486 ²⁰⁴·
1363 461 1366 468 ·

135 543 290 612 montem,
301 532 452 598 herbidus
462 549 663 619 aquosusque
672 543 730 608 est3
746 546 788 609 et,
800 531 989 618 quiapecori
998 531 1099 596 bonus
1109 529 1195 596 alen·

135 615 269 698 deerat,
281 617 449 684 hominum
461 641 597 705 quoque,
610 639 705 682 carne
716 639 752 682 ac
763 617 845 682 lacte
855 617 1058 698 vescentium,
1070 617 1196 682 abunde

134 703 496 771 subnciebatatimentis.
534 703 616 770 Inde
625 704 788 768 nocturnis
796 703 1080 852 primoaclurtivis
1089 703 1196 768 incur·

133 790 287 868 sionibus,
303 791 416 856 deinde
438 803 547 876 aperto
569 790 746 868 latrocinio,
760 791 794 853 in
807 803 873 856 esta
886 790 995 854 omnia
1008 791 1093 854 circa
1107 811 1194 854 esset

131 874 160 918 ⁵⁷
169 878 365 942 mortimenti
376 877 651 964 Karthaginiensis
663 877 831 964 ager,quia
840 889 873 941 et
881 874 952 963 plus
962 875 1194 962 praedae,quam

134 961 429 1041 interNumidoset
439 964 638 1028 latrocinium
648 963 747 1028 tutius
757 962 1195 1048 erat.jamqueadeolicsuter

132 1049 315 1126 eludebant,
324 1065 357 1114 ut
367 1051 406 1113 ad
418 1073 504 1114 mose
512 1047 824 1135 devectam‘praedam
832 1048 1002 1113 venderent
1011 1049 1195 1113 mercatori·

133 1135 205 1211 bus,
222 1137 450 1221 adpellentibus
461 1158 553 1200 naves
564 1135 604 1199 ad
620 1135 652 1198 id
667 1136 768 1219 ipsum
781 1158 789 1210 ς
813 1137 990 1222 pluresque,
1002 1155 1098 1221 quam
1106 1136 1196 1220 justo

133 1243 220 1304 saepe
246 1223 278 1285 in
306 1222 398 1298 bello,
420 1222 734 1309 Karthaginiensium
762 1222 912 1286 caderent
934 1235 1195 1306 caperentnrque.

134 1306 681 1393 DeplorabanteaapudSyphacem
691 1305 1196 1394 Karthaginienses,⁶⁸infensum-

134 1417 198 1479 que
213 1407 245 1458 et
260 1395 362 1480 ipsum
378 1394 420 1460 ad
434 1395 581 1480 reliquias
593 1392 664 1458 belli
678 1393 911 1480 persequendas
922 1393 1124 1481 instigabant.
1140 1391 1195 1458 sed

133 1482 187 1544 vix
199 1481 319 1563 regium
328 1481 501 1568 qidebatur,
510 1485 661 1544 latronem
674 1501 787 1565 uagum
799 1481 831 1544 in
844 1479 1002 1544 montibus
1011 1479 1193 1545 consectari.
1369 1548 1372 1556 ¹

173 1567 329 1632 XXXll.
347 1567 503 1645 Bacchae,
516 1567 720 1650 expt'aefectis
728 1566 875 1652 regiisvir
886 1588 958 1630 acer
966 1581 997 1630 et
1006 1565 1141 1652 inpiger,
1152 1564 1192 1630 ad
1201 1580 1321 1655 nonnas

136 1652 170 1716 id
191 1653 340 1718 delectus.
363 1654 392 1717 ei
407 1655 481 1717 data
501 1661 637 1738 quatuor
658 1651 756 1716 millia
774 1651 927 1737 peditum,
943 1653 1009 1716 ‹luo
1030 1653 1171 1739 equitum
1183 1645 1343 1724 :minutum

132 1739 438 1827 ⁵⁹'praemiorumque
448 1739 625 1826 ingentium
635 1759 691 1824 spe
700 1752 856 1815 oneratus,
869 1739 893 1802 si
905 1752 1001 1822 caput
1013 1738 1191 1826 Masinissa
1200 1712 1312 1824 ἔξω

135 1825 305 1901 retulisset,
315 1841 372 1890 aut
386 1826 490 1889 vivum
508 1824 557 1910 (id
565 1847 638 1890 vero
655 1825 874 1889 inaestimabile
881 1825 1034 1912 gaudium
1047 1823 1127 1908 fure)
1143 1847 1193 1891 ce·

131 1913 239 1997 pisset,
255 1914 378 1997 palatos
392 1912 610 1996 incurioseque
626 1924 753 1995 agentes
767 1913 927 1995 inproviso
942 1911 1084 1989 adortus,
1102 1933 1194 1995 peco-

132 2020 206 2062 rum
219 1999 579 2086 hominumqueingenti
591 1997 793 2061 multitudine
807 2021 826 2062 a
842 1998 988 2081 praesidio
999 2010 1194 2064 armatorum
1232 2051 1236 2058 .

133 2087 272 2161 exclusa,
290 2085 491 2149 Masinissam
512 2086 615 2171 ipsum
642 2105 713 2148 cum
736 2083 845 2168 paucis
861 2087 893 2147 in
909 2085 1056 2148 verticem
1079 2085 1195 2149 montis

134 2171 309 2256 compellit.
347 2171 437 2248 Inde,
453 2193 554 2256 prope
568 2184 604 2235 ut
621 2171 689 2256 jam
709 2170 876 2246 debellato,
895 2191 951 2234 nac
974 2171 1083 2255 praeda
1099 2169 1195 2234 modo

133 2277 288 2342 pecorum
304 2257 534 2344 bominumque
548 2268 713 2341 captorum
731 2255 822 2320 missa
839 2255 879 2320 ad
895 2277 1014 2342 regem,
1030 2257 1195 2343 sedeopiis

133 2345 241 2421 etiam,
257 2357 294 2408 ut
315 2345 476 2430 aliquanto
499 2343 681 2428 majoribus,
697 2365 791 2429 quam
808 2363 867 2427 pto
880 2341 1019 2429 reliquiis
1042 2342 1128 2420 belli,
1145 2365 1194 2407 re·

134 2431 248 2508 missis,
262 2430 369 2495 ⁶⁰cum
386 2431 565 2517 quingentis
577 2429 660 2492 haud
673 2429 807 2512 amplius
819 2427 977 2513 peditibus
987 2428 1195 2516 ducentisque

133 2517 303 2603 equitibus,
324 2517 504 2603 degressum
524 2515 611 2602 jugis
627 2514 828 2579 Masinissam
851 2527 1041 2598 persecutus,
1057 2516 1089 2580 in
1113 2517 1195 2582 valle

132 2615 214 2679 arta,
229 2604 254 2642 ⁶¹
264 2604 408 2667 faucibus
424 2603 581 2752 utrimque
595 2601 738 2677 obsessis,
752 2601 888 2665 inclusit.
904 2601 948 2664 ibi
965 2604 1075 2689 ingens
1091 2604 1194 2667 caedes

133 2688 350 2774 Massylorum
373 2689 461 2754 faeta.
549 2687 676 2751 asinissa
689 2709 762 2752 curn
779 2686 1008 2775 quinquaginta
1024 2688 1110 2752 haud
1125 2711 1193 2754 am·

130 2776 216 2861 plius
230 2775 388 2862 equitibus
403 2795 459 2856 per
473 2773 645 2838 amfractus
666 2773 782 2836 montis
804 2774 929 2860 ignotos
944 2777 1150 2860 sequentibus
1161 2797 1194 2840 se
1247 2852 1249 2860 Ι

131 2861 259 2946 eripuit.
304 2861 423 2924 Tenuit
445 2873 549 2924 tamen
573 2859 702 2946 vestigia
719 2860 881 2924 Bocchor:
905 2858 1101 2946 adeptusque
1119 2881 1191 2926 eum
1292 2881 1293 2888 ¹

130 2946 313 3032 patentibus
323 2968 422 3032 propa
435 2946 586 3030 Clupeam
599 2947 711 3011 urbem
719 2945 851 3030 campis,
861 2947 906 3010 ita
917 2947 1133 3022 circumvenit,
1146 2961 1191 3026 ut,

132 3049 252 3118 praeter
267 3049 402 3117 quatuor
418 3036 550 3118 equites,
562 3053 671 3097 omues
693 3032 732 3096 ad
756 3053 854 3096 unum
879 3031 1070 3098 interficeret
1080 3047 1102 3099 ⁰.
1118 3055 1191 3099 cum

130 3121 170 3184 iis
186 3120 286 3205 ipsum
300 3142 425 3206 quoque
436 3117 636 3184 Masinissam
653 3118 792 3183 saucium
807 3140 907 3204 prope
921 3141 940 3182 e
954 3120 1100 3185 manibus
1112 3121 1194 3185 inter

491 3226 503 3254 ¹²
514 3222 663 3282 interficerit
673 3225 748 3270 Gran.
760 3223 827 3270 Cres·

165 3329 196 3374 57
222 3323 333 3371 Maxime
365 3323 407 3369 uri
438 3321 648 3384 Carthaginiensis
713 3330 743 3370 58
762 3323 931 3386 insanumque
953 3331 977 3371 et
997 3324 1087 3390 ipsum]
1105 3327 1193 3386 Seripti

130 3389 204 3451 ager]
225 3389 313 3449 scripti
333 3389 428 3448 quidam
450 3391 556 3435 nmine
569 3389 646 3449 juris.
679 3390 1105 3450 omnes,isstensumqus.·quodreetc
1112 3405 1192 3438 emen·

128 3456 249 3510 Andreas,
272 3458 334 3500 teste
362 3454 494 3510 Gronovius,
517 3454 647 3515 Cartbagi-
679 3455 760 3502 datum
771 3460 808 3500 est
816 3456 846 3500 ab
858 3455 996 3502 editoribus.

129 3521 260 3566 niensium.
292 3519 469 3579 Etsicoptims
488 3519 646 3566 formataerit
708 3525 739 3570 59
756 3519 961 3580 Praemimumque
980 3521 1117 3582 ingentium
1136 3517 1188 3584 spe]

128 3586 223 3632 ontio:
250 3585 355 3630 sanaim
369 3583 437 3644 juris
457 3584 646 3644 Cartbaginien-
677 3584 769 3636 Merito,
779 3584 885 3646 reposuit
899 3585 1029 3632 Rhenanus
1047 3587 1191 3646 ingentium.

127 3652 195 3698 sium
215 3663 283 3709 ager,
298 3649 391 3708 supple,
404 3649 504 3714 infestus
521 3663 578 3695 esse.
612 3649 645 3696 Et
676 3649 741 3695 Ante
761 3649 828 3696 illum
844 3649 913 3708 editi,
930 3656 955 3696 et
971 3651 1118 3698 Gronovisni
1136 3667 1191 3700 uos-

128 3721 159 3763 ut
187 3715 221 3760 sic
244 3715 334 3760 dedisse
353 3714 446 3760 Livium
470 3716 600 3772 credamus,
620 3714 645 3761 id
676 3713 979 3776 triqueeodiees,ingenti.
1096 3715 1099 3722 ’

129 3793 226 3842 quoque
243 3793 287 3826 nos
304 3784 394 3835 movet,
414 3780 475 3838 quod
492 3779 548 3825 alibi
568 3779 647 3825 obser-
711 3784 742 3825 60
762 3781 822 3826 Cum
842 3783 982 3842 quingentis
1003 3782 1069 3828 baud
1088 3783 1192 3844 ampliss

128 3858 214 3893 ramus
243 3845 271 3890 de
293 3858 358 3890 more
379 3844 425 3904 ipsi
454 3857 502 3890 non
531 3845 646 3891 inusitato
675 3840 808 3907 peditibus]
834 3845 908 3893 Nullo
935 3848 961 3894 in
986 3846 1047 3894 libro
1069 3847 1192 3894 veteteri

128 3911 232 3958 iterandi
263 3911 355 3956 easdem
381 3909 480 3956 subinde
506 3909 644 3956 locutiones.
678 3909 817 3970 quingentis
835 3911 957 3972 reperitur·
991 3912 1093 3963 Qutdsa
1113 3908 1192 3961 mutili

129 3977 195 4023 Nam
213 3988 284 4036 supra
301 3976 346 4022 hoc
363 3974 414 4034 ipso
432 3973 523 4034 eapite:
540 3981 610 4034 atque
621 3976 648 4020 in
679 3981 745 4030 sunt,
756 3989 799 4020 nee
810 3976 885 4021 ullum
901 3991 1024 4024 numerum
1040 3978 1191 4038 exprimuuls

130 4055 194 4102 agro
205 4040 234 4086 de
242 4055 287 4102 qua
300 4055 361 4100 saepe
372 4072 379 4086 .
391 4069 397 4082 .
409 4072 415 4086 .
428 4045 546 4086 certatum
549 4041 647 4098 ficerat,
663 4038 784 4103 quidam,
802 4054 856 4086 eum
873 4041 937 4088 baud
952 4043 1055 4102 amplisu
1069 4042 1193 4103 peditibus

129 4115 247 4167 reinquere
263 4105 330 4152 baud
349 4104 418 4151 dubie
428 4105 498 4164 juris
508 4107 556 4160 sui,
567 4111 648 4150 castra
679 4104 752 4152 atille.

129 4173 202 4218 lauat.
235 4171 347 4216 ‚lustinus
371 4182 466 4229 quoque
488 4170 596 4215 similiter
611 4169 646 4214 lu·
712 4171 739 4214 61
761 4168 881 4214 Faucibus
897 4172 1016 4232 utriusqus
1035 4167 1143 4235 chessis]
1157 4174 1190 4222 E.

127 4242 201 4286 cutus
213 4240 259 4292 est,
269 4236 284 4280 l.
297 4236 340 4282 lx
350 4251 370 4280 e.
384 4240 406 4280 5.
424 4234 584 4290 Initioueris,
599 4239 647 4280 tres
679 4233 771 4292 gregia„
809 4232 895 4291 Scripti
927 4239 952 4281 et
982 4237 1138 4294 (incaenium,
1167 4245 1208 4286 et.

128 4304 203 4350 duces
219 4302 246 4346 ln
262 4303 348 4346 Asiam
361 4301 489 4346 Persarum
502 4300 570 4360 juris
584 4313 647 4359 pra·-
680 4297 764 4348 nostri,
777 4296 816 4342 hie
827 4296 907 4345 vitiosi
924 4304 991 4357 sunt,
1001 4306 1026 4346 et
1036 4315 1079 4360 pro
1095 4303 1191 4350 obsessis

130 4367 220 4416 mittit.
679 4362 768 4408 habeut
777 4362 813 4408 vet
824 4363 951 4423 appositas,
962 4367 998 4412 vel
1010 4367 1133 4426 appositis.

726 4433 833 4488 mm3
