3060 4960
290 143 293 159 ,
364 114 910 226 fniuxxnucnnxxrx.
991 179 992 190 r
1129 89 1188 206 seo

121 315 245 368 terrore
259 324 297 370 ec
311 297 450 374 tumultu
472 303 576 384 luisse,
592 302 757 390 permultis
772 301 897 368 Graecis
912 300 1097 390 Latinisque
1111 313 1228 367 auc-u.
1238 315 1264 360 c.
1275 320 1330 362 ssa.

121 389 247 478 toribus
263 389 411 456 credidit*
426 389 547 456 Coelius
569 411 650 455 unus
671 389 991 476 praeterquamquod
1014 411 1081 454 non
1102 381 1330 456 mer-im·

122 498 173 541 saa
196 476 345 542 fluctibus
372 499 476 558 naves,
500 491 619 541 ceteros
645 498 754 541 omnes
779 475 923 540 coelestes
948 475 1188 563 maritimosque
1221 495 1222 498 ’

120 575 270 645 terrores,
286 577 448 650 postremo
466 563 629 648 abreptam
660 574 844 648 tempestate
864 563 905 626 eb
921 561 1030 626 Africa
1055 562 1185 629 classem

121 649 162 714 ad
185 650 319 715 insulam
334 649 552 738 AEgimururn,
567 647 642 712 inde
663 673 749 737 aegre
770 661 953 714 conrectum
975 671 1115 726 cursum,
1130 671 1187 714 ex-

6 745 8 756 ’
120 738 232 820 ponit:
255 750 298 812 et,
322 759 422 823 prope
443 735 566 801 obrutis
588 735 730 812 navibus,
751 737 871 822 injussu
893 735 1104 820 imperatoris,
1120 757 1187 800 sca·

6 843 8 858 *
121 821 209 907 pluis,
225 823 310 888 baud
337 845 427 888 secus
448 843 544 910 quum
564 819 744 923 naufragos,
761 821 874 888 milites
899 821 966 886 sine
992 823 1088 886 nrmis
1113 843 1186 887 cum

6 917 9 978 1'
121 907 156 972 in
221 908 245 973 ti
259 911 401 975 tumultu
417 911 448 974 in
464 921 581 975 terram
597 929 740 972 erasisse.

6 995 9 1028 s
180 993 340 1077 XVIII.
364 995 526 1082 Expositis
547 995 656 1080 copiis,
681 994 820 1058 Romani
845 1007 946 1058 castra
972 995 1004 1058 in
1029 995 1318 1084 proximis‘rerforrn

6 1081 10 1120 l
123 1080 256 1148 tumulis
281 1093 448 1148 metentur.
492 1081 564 1147 Jam
595 1103 661 1146 non
689 1081 723 1144 in
752 1079 927 1174 maritimos
955 1081 1053 1146 modo
1081 1071 1284 1170 agros,3f‘¹“

6 1168 10 1206 '¹
119 1179 296 1254 conspectu
325 1169 464 1253 primum
490 1168 606 1246 clessiS,
630 1167 704 1232 dein
728 1167 868 1232 tumultu
897 1165 1127 1253 egredientium
1153 1170 1186 1232 in

6 1267 9 1338 ,³
123 1270 254 1332 terrem,
270 1276 369 1340 pavor
389 1269 555 1342 terrorque
565 1266 769 1406 pervenerat,
785 1253 840 1318 sed
854 1253 888 1316 in
908 1253 991 1339 ipsas
1006 1253 1110 1319 urben
1131 1277 1187 1319 ne-

6 1371 9 1380 ·
120 1363 188 1428 que
211 1341 295 1406 enim
319 1341 485 1406 hominum
511 1363 564 1404 mo
588 1363 608 1405 ο
632 1341 737 1422 turba,
758 1340 925 1404 mulierum
952 1361 1188 1428 puerorumque
1237 1415 1240 1426 ‚

6 1431 10 1468 l
125 1428 308 1516 agminibus
322 1428 466 1506 inmixta,
483 1449 592 1492 omues
610 1430 725 1513 passim
741 1425 953 1512 compleverat
967 1428 1045 1504 vias,
1060 1426 1115 1491 sed
1132 1450 1188 1513 pe-

124 1536 288 1602 ceraque
312 1537 351 1580 ue
373 1537 439 1600 pue
463 1535 495 1578 se
518 1538 534 1578 a
560 1528 658 1578 restes
679 1512 830 1600 egebant;
853 1517 903 1577 uti
925 1511 1060 1601 relinqui
1083 1515 1189 1580 subito

7 1605 11 1678 f
124 1597 270 1667 Africam
285 1537 414 1666 diceres.
460 1537 604 1666 Urbibus
618 1623 694 1664 vero
709 1601 784 1685 ipsis
805 1601 967 1686 majorem,
982 1623 1078 1687 quam
1117 1623 1189 1666 uem

122 1709 231 1752 secum
247 1687 440 1768 adtulerunt,
456 1700 607 1752 terrorem
630 1685 817 1752 inserebant.
840 1685 1001 1772 praecipue
1017 1623 1190 1775 Kartbegi·

6 1781 12 1820 i
124 1773 177 1838 nis
198 1795 299 1860 prope
313 1786 350 1839 ut
370 1796 407 1838 ca
431 1785 473 1838 tae
495 1773 649 1838 tumultus
669 1772 740 1838 fuit.
785 1772 869 1837 Nam
892 1785 964 1858 post
987 1772 1037 1837 M.
1054 1775 1188 1839 Atilium

128 1861 289 1948 Regulum
309 1873 340 1925 et
357 1860 397 1925 L.
455 1859 573 1924 enlium
596 1859 750 1939 consules,
766 1858 891 1922 ”annis
912 1881 1013 1944 prope
1034 1860 1190 1948 quinqua·

6 1959 12 1998 ἓ
124 1945 228 2036 ginta,
245 1946 367 2012 nullum
381 1947 561 2012 Romanum
577 1947 753 2011 exercitum
767 1945 921 2022 viderant,
933 1958 1051 2030 praeter
1065 1946 1190 2031 proedu·

125 2034 225 2100 toriae
239 2034 361 2112 classes,
378 2033 492 2120 quibus
507 2033 727 2097 exscensiones
742 2033 773 2096 in
790 2054 882 2119 agros
903 2033 1079 2097 maritimos
1098 2037 1190 2098 factae

6 2131 12 2174 t
123 2136 237 2186 eunt:
265 2144 298 2186 re
322 2120 433 2207 tisque,
456 2142 528 2206 quae
554 2119 647 2183 obvia
671 2119 735 2184 fore
759 2117 886 2196 lecerat,
913 2118 1001 2202 prius
1029 2141 1190 2185 recursum

127 2221 288 2294 sempera
332 2229 438 2284 naves,
454 2227 548 2292 quam
564 2205 684 2271 clamor
701 2217 839 2292 agrestes
853 2202 1191 2283 concumbentes
1293 2231 1296 2240 ·

6 2310 11 2348 ἐ
128 2295 233 2380 major
247 2305 315 2358 tum
330 2293 406 2383 iuga
418 2314 580 2379 pavorque
594 2291 627 2356 in
642 2291 721 2357 urbe
734 2290 804 2356 fuit.
850 2291 903 2370 Et,
921 2291 1073 2370 Hercule,
1089 2314 1193 2378 neque

6 2393 11 2434 ³
124 2381 289 2447 exercitus
307 2380 399 2445 domi
413 2378 545 2457 validus,
560 2400 662 2464 neque
682 2378 759 2460 dux,
775 2399 868 2465 quem
890 2377 1098 2462 obponerent,
1115 2391 1192 2444 erat.

131 2465 330 2545 Hasdrubal,
349 2465 497 2554 Gisgonis
517 2465 609 2544 iilius,
625 2487 750 2553 genere,
766 2463 859 2543 fame,
875 2464 1003 2543 divitiis,
1019 2469 1107 2553 regie
1124 2477 1193 2531 tum

6 2571 11 2610 ἰ
126 2553 225 2619 etiam
252 2551 427 2630 adfinitate,
449 2551 544 2640 longe
571 2551 689 2636 primus
715 2551 849 2618 civitatis
871 2564 955 2616 erat:
979 2552 1034 2618 sed
1056 2575 1129 2618 eurn
1152 2553 1215 2618 ab*

6 2659 11 2696 ἓ
127 2639 187 2706 illo
199 2640 270 2726 ipso
286 2639 435 2725 Scipione
447 2637 717 2726 aliquotlproeliis
737 2637 840 2703 fusum
864 2637 1052 2726 pulsumque
1067 2639 1100 2704 in
1118 2641 1194 2705 His-

129 2726 226 2813 pania
250 2726 478 2790 meminerant:
500 2746 559 2789 nec
584 2725 685 2812 magis
711 2723 823 2789 ducem
849 2724 926 2790 duci
954 2749 1075 2812 parem,
1097 2749 1193 2814 quum

6 2859 9 2870 ·
129 2811 373 2880 tumultuarium
388 2813 560 2877 exercitum
577 2833 669 2876 suum
685 2811 834 2876 Romano
849 2812 999 2877 exercitui
1014 2835 1090 2878 esse.
1129 2813 1195 2880 Ita-

6 2917 9 2958 :
125 2921 203 2988 que,
219 2899 304 2964 velut
325 2898 351 2963 si
372 2901 484 2963 urbem
507 2897 667 2983 extemplo
688 2897 891 2984 adgressurus
912 2899 1020 2984 Scipio
1040 2897 1134 2977 foret,
1150 2899 1196 2966 ite

6 3005 8 3012 ’
129 2985 173 3052 ad
194 3007 283 3050 arma
297 3000 344 3050 est
358 2985 606 3060 conclamatum:
630 2998 792 3072 portaeque
814 2983 930 3070 raptim
953 2985 1082 3064 cleusae,
1097 2999 1130 3052 et
1144 3009 1195 3051 ar·

130 3072 210 3138 mati
233 3071 266 3136 in
290 3074 399 3146 muris,
421 3071 600 3159 vigiliaeque
623 3082 655 3136 et
678 3073 826 3136 stationes
845 3069 1019 3157 dispositae,
1041 3095 1080 3138 ac
1102 3087 1196 3140 nocte

130 3159 309 3245 insequenti
336 3158 366 3220 vi
392 3157 501 3222 ilatum
532 3169 587 3222 est.
634 3157 767 3222 Postero
792 3158 848 3222 die
872 3159 1038 3244 quingenti
1064 3161 1194 3244 equites,

130 3243 328 3331 speculatum
348 3181 391 3308 ed
413 3265 501 3310 mare
522 3242 760 3332 turbandosque
784 3243 982 3332 egredientes
1004 3267 1043 3309 ex
1062 3247 1196 3310 navibus

130 3329 229 3409 missi,
251 3331 283 3396 in
311 3332 459 3396 stationes
480 3330 701 3395 &manorum
722 3331 910 3396 inciderunt.
928 3333 996 3417 jem
1018 3329 1104 3395 enim
1128 3332 1196 3396 Sci-

130 3419 197 3506 pio,
212 3417 313 3482 ciasse
329 3415 458 3482 Uticam
472 3416 575 3494 misse,
590 3416 658 3502 ipse
671 3415 759 3481 haud
782 3417 828 3482 ite
852 3417 987 3482 multum
1010 3435 1196 3506 progressus

130 3527 151 3570 a
175 3505 266 3580 mari,
290 3503 428 3568 tumulos
449 3502 612 3588 proximos
636 3515 781 3590 ceperat;
804 3504 924 3591 equites
947 3515 979 3568 et
1000 3504 1033 3568 in
1053 3505 1197 3568 stationi·

129 3591 192 3656 bns
208 3591 284 3656 iocis
298 3588 420 3654 idoneis
433 3603 591 3674 posuerat,
608 3603 640 3654 ct
654 3611 711 3674 per
725 3612 819 3678 agros
837 3593 963 3656 miserat
976 3591 1168 3676 praedatum.

175 3675 312 3741 XXIX.
336 3675 364 3740 Ii
386 3697 457 3740 cum
476 3673 736 3762 Karthaginiensi
761 3677 903 3764 equitatu
927 3677 1076 3762 proelium
1097 3700 1196 3764 quum
1206 3695 1360 3762 seipsoque

129 3763 372 3838 commisissent,
392 3784 510 3848 paucos
531 3763 564 3826 in
590 3763 658 3847 ipso
681 3766 863 3842 certamine,
884 3763 1053 3850 plerosque
1073 3761 1341 3854 fugies-epraeter·

131 3865 179 3916 tes
197 3849 353 3934 persecuti
369 3848 414 3932 (in
430 3848 546 3934 quibus
568 3849 751 3934 prefectum
772 3873 899 3937 quoque
915 3851 1123 3930 Hannonem,
1138 3876 1197 3918 no-
1204 3837 1344 3945 affl?

130 3936 227 4004 bilem
248 3935 414 4024 juvenem)
428 3934 625 4000 occiderunt.
671 3936 779 4022 Scipio
800 3959 865 4002 non
886 3957 980 4024 egros
1002 3939 1099 4004 modo
1114 3940 1270 4021 circaue«.

574 4106 579 4138 ¹
589 4113 618 4156 ut
628 4107 673 4158 del.
683 4109 759 4158 Grcn.

164 4262 197 4306 4ο
213 4257 295 4312 Annis
302 4272 376 4320 prope
386 4255 577 4320 pinquagr‘nta]
601 4257 651 4306 Hic
683 4259 719 4306 Μ.
727 4258 830 4316 Regulo,
844 4259 872 4307 L.
881 4259 973 4308 Manlio
982 4262 1126 4310 consulibus.
1143 4264 1198 4312 vid.

129 4325 170 4370 ert
192 4336 271 4368 conns
296 4324 505 4386 quinquagesimus
530 4322 615 4372 tertius
637 4338 652 4371 a
683 4324 1069 4398 uet28.udi.XXVlli.c.t³·
1282 4329 1285 4336 '

173 4405 245 4450 ΥΟΕ.
263 4407 301 4452 11.
736 4408 762 4452 Μ
780 4410 810 4451 m
