3036 4972
371 217 471 278 nni.
494 213 617 276 XXIII.
643 213 744 278 CXI.
767 215 902 276 XXVII.
1112 215 1170 288 169

118 381 260 472 jaculator
273 379 407 448 Maurus
427 391 572 458 caetratc,
587 377 753 446 velocitate
773 379 855 470 pari,
870 377 987 448 robore
1008 381 1106 447 animi
1120 381 1207 452 ,vi-u.
1217 400 1246 447 c
1257 397 1314 448 auu.

122 471 164 536 riu
215 468 457 556 uealiquentutn
472 467 656 554 praestand-
1176 463 1314 516 ⁵⁸⁰·²¹⁶·

157 556 188 622 X
224 555 299 621 vn.
322 555 496 643 Postquam
517 575 622 641 neque
643 552 757 620 elicere
781 552 919 619 Poenum
944 555 982 620 ed
1007 565 1168 622 certamen
1320 557 1323 562 ’

118 641 259 708 obium
272 643 382 708 castris
404 653 562 726 poterant,
577 661 682 727 neque
703 651 878 706 neutrorum
901 640 1100 730 obpugnatio
1121 641 1168 709 ia·

118 728 176 794 cilio
188 741 267 805 erat;
291 729 401 794 urbem
414 728 621 805 ”Ascuam
638 747 704 813 qno
718 727 798 794 linea
812 723 951 792 boatium
974 728 1167 817 ingrediens,

118 814 505 884 Ilaadrubalirumentum
528 825 788 899 commeatusque
809 813 888 878 alios
910 827 1113 894 convexerat,
1136 816 1188 882 vis
1221 887 1225 892 ,

115 902 240 986 capiunt,
255 903 406 990 omnique
419 903 504 970 circa
525 921 605 988 agro
626 899 806 986 potiuntur.
828 920 887 964 nec
896 901 974 986 jam,
991 917 1047 967 aut
1061 903 1095 968 in

114 988 199 1068 mine,
222 1002 276 1054 eut
300 988 335 1052 ln
358 989 479 1067 castris,
508 987 574 1054 ullo
597 986 732 1072 imperio
760 985 926 1052 contineri.
971 988 1081 1064 Quam
1110 991 1168 1056 ui

24 1069 25 1074 ’
113 1073 193 1162 uegle
253 1075 330 1140 tiam
349 1099 391 1142 ex·
409 1094 445 1140 re
460 1081 510 1160 (ιιι
531 1073 582 1157 fit)
596 1073 679 1138 bene
700 1087 790 1160 gesta
815 1073 893 1137 oriri
916 1088 1056 1140 aenaerat
1079 1074 1167 1140 Hae·

113 1159 184 1226 drub
212 1160 422 1241 ,cohortatus
435 1161 561 1238 milites,
579 1175 613 1226 ut
626 1159 751 1247 palatos
773 1159 842 1224 eine
862 1158 960 1261 signia
980 1159 1088 1226 hostes
1109 1161 1167 1228 ad-

113 1247 317 1333 grederentur,
340 1248 507 1336 degressus
529 1246 624 1326 colle,
650 1248 757 1334 pergit
781 1246 829 1310 ire
853 1267 922 1312 acre
946 1247 1102 1314 instructa
1123 1249 1166 1314 ad

113 1345 211 1401 castra.
253 1357 329 1400 uem
355 1349 393 1400 ut
409 1334 526 1400 adeaae
549 1335 743 1400 tumultuose
770 1333 963 1400 nunciavere
990 1332 1167 1422 fugientes!

113 1440 147 1484 ex
159 1357 286 1506 specillis
302 1421 581 1506 stationibunque,
596 1420 637 1485 ad
651 1441 741 1494 arma
761 1419 993 1486 conclamatum
1015 1433 1070 1487 eat.
1118 1421 1167 1488 Ut

113 1507 157 1591 qni
191 1530 228 1572 ue
241 1529 333 1574 arma
347 1520 485 1594 ceperat,
500 1508 568 1572 eine
588 1507 732 1592 irnperio,
747 1506 814 1572 aine
834 1507 935 1595 signo,
951 1508 1166 1594 incompositi,
1235 1565 1240 1574 .

112 1529 264 1661 iuoldinati
279 1595 316 1664 in
331 1593 481 1680 proelium
495 1605 606 1658 ruunt.
648 1591 722 1660 Iam
733 1594 830 1679 primi
841 1604 1083 1660 conseruerant·
1097 1617 1166 1661 me-

110 1699 170 1756 nna,
184 1703 279 1768 quum
305 1681 364 1746 alii
386 1680 571 1746 catervatim
593 1695 767 1757 currerent,
783 1679 837 1744 elii
857 1680 1001 1746 nondum
1021 1685 1165 1748 ecastris

111 1766 238 1834 anneot.
259 1781 371 1834 tumen
382 1769 489 1853 primo
499 1767 568 1852 ipae
581 1765 715 1832 audacia
725 1778 866 1832 terruere
879 1766 1014 1833 hortem.
1036 1768 1164 1848 deinde,

111 1853 167 1916 rari
178 1852 207 1918 in
220 1855 382 1920 confertos
398 1853 498 1930 inlati,
515 1875 613 1940 quum
636 1854 778 1938 paucitas
795 1875 908 1938 parum
923 1867 993 1920 tuta
1006 1868 1096 1934 esset,
1113 1879 1164 1922 re-

110 1938 276 2021 spicerealii
292 1941 383 2016 ulica,
400 1953 431 2006 et
445 1939 587 2028 undique
602 1939 683 2025 pulsi
705 1940 791 2006 coire
805 1941 837 2004 in
853 1940 982 2016 orbem
1004 1941 1072 2008 ²’et
1085 1943 1164 2008 dum

108 2028 280 2110 corporibus
308 2027 520 2113 adplicantur,
537 2047 687 2112 armaque
710 2027 804 2090 armis
821 2028 973 2114 jungunt,
997 2028 1031 2092 in
1056 2044 1163 2096 artum
1206 2071 1210 2080 ·

106 2114 255 2198 compulsi,
268 2137 372 2201 quum
387 2113 617 2182 vixrmovendis
631 2113 727 2178 armis
742 2113 817 2178 eatis
832 2114 926 2198 spatii
941 2127 1031 2191 eaaet,
1043 2137 1163 2182 corona

103 2194 226 2266 hostium
250 2201 366 2282 cincti,
390 2200 432 2266 etl
456 2199 594 2264 multum
615 2199 680 2265 diei
703 2199 881 2265 caeduntur.
927 2199 1054 2286 Exigua
1078 2223 1162 2287 pare,

104 2289 253 2371 eruptione
267 2287 374 2364 .t'acta‚
394 2285 488 2352 ailvua
509 2307 548 2352 uc
570 2299 693 2352 montes
713 2289 809 2371 petit:
833 2286 902 2372 pari
927 2309 966 2352 ue
988 2301 1111 2354 terrore
1130 2303 1164 2356 et

102 2387 190 2444 carru
203 2387 284 2442 sunt
298 2375 432 2450 deserta,
448 2384 481 2438 et
495 2373 641 2439 universa
661 2395 741 2460 gens
762 2387 890 2459 postero
904 2309 967 2456 llio·
978 2373 1010 2437 in
1026 2373 1162 2440 deditio-

102 2477 164 2522 nem
178 2463 275 2528 venit.
322 2460 428 2528 ³⁰Nec
442 2459 499 2526 din
521 2460 554 2524 in
578 2474 692 2546 pacato
716 2461 842 2526 mansit.
865 2481 939 2526 narn
962 2461 1097 2526 subinde
1119 2464 1162 2530 ub

104 2542 297 2638 Karthagine
318 2547 460 2612 adlatum
482 2559 539 2623 est,
554 2559 591 2612 ιιι
606 2544 792 2612 Hasdrubal
812 2548 918 2632 primo
932 2571 1060 2635 quoque
1080 2562 1307 2617 tem-Hasdrubal

101 2650 169 2714 pore
191 2636 224 2700 in
253 2633 383 2700 Italiam
410 2633 587 2700 exercitum
610 2635 748 2698 duceret.
774 2656 847 2719 quoe
870 2633 1000 2722 vulgata
1027 2658 1076 2702 rea
1102 2631 1318 2722 pel-jubentur-

103 2717 288 2804 Hispaniam
318 2721 462 2784 omnium
490 2719 589 2784 ferme
617 2720 740 2786 animos
770 2721 811 2786 ad
842 2721 1007 2787 Romanoa
1034 2713 1324 2812 avertitssffiffi

102 2803 202 2892 Itaque
218 2805 411 2875 Hasdrubal
425 2805 588 2890 extemplo
609 2807 715 2872 literae
731 2807 962 2895 Karthuginem
986 2811 1093 2888 mittit,
1109 2812 1234 2878 indum.
1272 2853 1277 2860 ·

100 2890 207 2972 dieunt,
222 2907 348 2982 quanto
369 2893 452 2958 fama
474 2892 680 2978 profectionis
701 2917 768 2960 auae
789 2893 909 2960 damno
927 2895 1046 2962 luisset.
1089 2897 1161 2965 ³1Si

99 2999 159 3044 uero
177 2983 249 3046 iude
270 2990 420 3066 pergeret,
441 2981 615 3065 ptiuaquum
631 2981 753 3046 iteum
775 2983 925 3058 tronairet,
949 2985 1161 3052 Romanorum

101 3064 372 3153 Hiapuniumsore.
418 3069 513 3143 Nom,
523 3077 728 3152 preterquam
742 3070 823 3154 quod
838 3089 892 3132 nec
909 3071 1092 3151 praeafflum,
1108 3095 1162 3140 uec

101 3153 194 3218 dcun
215 3156 351 3232 habaet,
365 3175 453 3239 quem
473 3154 650 3240 relinqueret
668 3175 725 3236 pro
739 3176 792 3228 ae‚·
817 3176 868 3219 eoa
887 3156 1079 3238 irnperetoree
1098 3182 1161 3224 eaae

102 3235 258 3320 Romanoa,
277 3241 384 3324 quitus
404 3240 458 3304 niu
482 3243 581 3325 aequit
601 3240 713 3306 uiribus
733 3242 832 3307 reaiati
849 3244 956 3324 poerit.
1001 3246 1112 3331 Itopne
1132 3247 1160 3312 ei

101 3324 154 3390 atu
167 3329 334 3412 Hiaponiae
346 3349 422 3390 carra
444 3337 530 3406 eard,
545 3347 742 3392 aacceaaorem
755 3329 813 3392 aidi
829 3349 900 3394 cum
919 3329 1025 3395 ualido
1047 3334 1160 3396 exerci-

100 3418 128 3472 tu
149 3414 316 3480 mitterent:
338 3411 431 3490 ”cui
452 3425 486 3478 ut
509 3413 611 3480 omnic
632 3435 775 3498 prospere
799 3415 1161 3492 connumeratum

99 3497 214 3567 οιὶοειιτη
224 3499 419 3584 prouinciam
424 3497 507 3582 sore.

125 3633 250 3684 *Annam
261 3631 418 3685 Groucrev·
549 3634 883 3701 iuuaeitresugtmteaEaed.
1004 3639 1084 3688 ‘'aedd.
1095 3645 1158 3689 attu-

99 3693 139 3744 lere
148 3699 217 3748 Eteri.
314 3704 328 3732 ¹
338 3704 500 3748 meamet
511 3699 587 3750 Gron.

126 3828 156 3876 ΞΒ
171 3830 287 3896 Aeonum]
309 3832 407 3880 Nomen
424 3833 535 3894 ignotum
557 3845 610 3882 om·
674 3835 703 3884 31
723 3837 752 3884 Si
777 3851 830 3884 wc
856 3835 910 3884 inde
932 3840 1052 3903 pergeret]
1080 3839 1159 3888 Nobis

100 3893 165 3940 uibus
181 3899 339 3958 Geographic.
373 3897 461 3958 ScrIpti
477 3905 502 3944 et
517 3905 611 3946 vetere·
642 3907 755 3962 suspecta
780 3909 818 3949 eat
849 3903 900 3949 hec
927 3903 1041 3964 loquendi
1071 3906 1159 3954 torma.

97 3959 150 4004 editi
161 3961 374 4008 hubentAscuum.
642 3966 722 4012 Posala
739 3967 833 4028 legeret
859 3969 881 4013 ri
897 3983 987 4018 mouere
1006 3969 1059 4017 inde
1073 3985 1158 4032 perge·

127 4023 157 4072 29
179 4025 215 4071 Et
242 4025 297 4073 dum
324 4025 466 4090 mrporiiru]
500 4027 610 4078 Multum
642 4033 685 4076 ret.

97 4086 170 4144 placet
192 4090 267 4138 alten
287 4093 319 4138 ab
342 4091 448 4138 Hauruin
470 4106 501 4139 ex
523 4106 573 4139 uno
595 4105 610 4142 e
674 4093 706 4142 32
725 4095 807 4142 catut
821 4095 911 4160 mnia]
929 4099 994 4146 Ante
1006 4101 1157 4148 Gronovium

98 4152 143 4197 auia
154 4153 224 4201 codd.
237 4155 324 4203 lectior
341 4155 429 4202 etdum
447 4171 542 4218 corpora
558 4171 610 4204 our·
641 4158 709 4218 editi,
732 4159 771 4205 eui
797 4161 818 4206 al
845 4163 932 4208 orruraiu.¹
965 4164 1052 4226 Scripti
1074 4172 1158 4212 carent

95 4217 349 4278 porttmappttcantur.
640 4223 760 4284 porticula
782 4225 811 4272 ri,
845 4227 890 4274 Ille
911 4228 1013 4276 inaeruit
1035 4233 1071 4286 nt,
1093 4231 1158 4290 quod

126 4281 157 4327 30
173 4281 231 4330 Nec
240 4283 280 4330 dia
294 4285 320 4331 iu
332 4290 417 4346 paccio
432 4285 530 4350 maurit]
548 4287 607 4335 Pro·
640 4287 711 4334 facile
719 4287 797 4348 perire
805 4292 893 4350 potuit,
902 4293 1045 4352 absorptum
1056 4296 1087 4342 ub
1098 4296 1158 4344 due·

97 4343 178 4392 bubilia
198 4354 238 4394 eat
255 4350 371 4396 Gronovii
391 4346 543 4411 conjecturae
569 4367 609 4401 aec
642 4353 792 4402 bueultIm'u
803 4355 1021 4405 litteriavociacui.

98 4407 136 4454 diu
143 4415 231 4471 pacata
241 4415 336 4470 orauit,
347 4416 442 4476 supple,
452 4428 520 4477 gena.
536 4415 540 4430 “
