3036 4972
424 172 517 233 ura.
538 174 641 234 xxu.
667 172 771 248 cur.
790 172 872 232 uvr.
1121 183 1179 246 129

118 331 188 398 dem
203 332 246 398 ad
261 331 401 419 AEgates
416 334 534 402 insulas
548 334 859 421 Karthaginiensium
873 335 991 421 proelio
1005 334 1110 402 namli
1123 359 1175 404 ac·
1184 348 1213 396 U·
1222 349 1251 396 0·
1262 346 1319 412 6³6·

116 433 253 503 ceptam,
269 442 335 570 qua
345 419 436 486 fracti
448 421 554 488 Sicilia
568 443 605 486 ac
621 421 769 487 Sardinia
779 444 908 500 cessere,
923 421 998 488 hinc
1010 413 1213 511 vectigales*
1224 413 1253 462 ⁰·
1263 412 1319 462 ²¹⁶·

113 526 150 568 ac
165 505 272 590 stipen
297 506 392 572 iarios
415 507 484 572 lieri
507 530 540 571 se
561 507 642 591 passi
665 507 760 572 snut?
781 520 836 573 aut
857 531 995 596 pugnam
1012 509 1175 576 adversam

112 591 145 653 in
159 590 284 668 Africa,
300 593 353 658 cui
369 607 476 676 postea
489 592 542 658 bic
557 595 624 679 ipse
639 593 804 660 Hannibal
818 593 1013 660 subcubuit?
1033 595 1119 660 nulla
1134 616 1175 660 ex

111 687 205 761 parte
219 680 448 761 comparandae
462 693 545 756 sunt,
560 679 620 744 nisi
635 680 720 764 qnod
735 683 858 746 minore
868 681 975 746 animo
986 681 1059 745 latae
1070 695 1152 746 sunt.

155 762 227 826 LV.
256 764 295 828 P.
313 763 429 830 Furius
445 765 556 831 Philus
569 780 600 830 et
617 765 691 831 M'.b
706 766 903 852 Pomponius
922 780 1074 852 praetores
1085 789 1175 832 sena·

111 861 182 912 tum
206 851 241 912 in
265 850 388 914 curiam
412 851 584 916 Hostiliam
599 865 801 932 vocaverunt,
815 868 851 916 nt
868 851 908 916 de
923 853 1010 916 urbis
1033 851 1175 920 custodia
1185 872 1288 919 Senstm

111 934 332 1002 consulerent.
364 958 468 1022 neque
494 938 578 1002 enim
608 938 806 1016 dubitabant,
836 937 947 1002 deletis
976 937 1318 1020 exercitibua‚⁰⁰¹¹³¹¹¹¹,⁸²¹¹

111 1021 242 1088 bostem
267 1020 308 1085 ad
329 1023 573 1110 obpugnandam
602 1024 748 1101 Romam,
770 1025 855 1111 quod
877 1043 976 1088 unum
998 1045 1079 1109 opus
1101 1002 1301 1112 belliffiffi·

110 1121 261 1186 restaret,
277 1121 454 1174 venturum.
498 1109 608 1185 Quum
634 1110 665 1174 in
690 1111 790 1187 malis,
816 1111 896 1174 sicut
918 1109 1107 1198 ingentibus,
1131 1112 1175 1176 ita
1269 1125 1273 1134 '

111 1192 247 1280 ignotis,
269 1214 311 1258 ue
324 1195 489 1260 consilium
506 1194 635 1281 quidem
655 1196 729 1282 satia
748 1196 947 1280 expedirent,
966 1196 1175 1282 obstreperet·

111 1301 176 1428 que
200 1279 327 1344 clamor
349 1279 589 1348 lamentantium
613 1281 792 1360 mulierum,
806 1282 882 1358 ⁷⁵et,
904 1285 1044 1349 nondum
1068 1282 1173 1367 palam
1248 1287 1251 1294 ’

124 1379 210 1444 acto,
237 1365 303 1429 vivi
332 1368 512 1454 mortuique
560 1389 594 1432 er
618 1390 728 1432 omnes
756 1389 838 1450 pene
865 1370 974 1434 domos
996 1369 1175 1454 promiscue

114 1451 410 1537 complorarentur;
434 1467 500 1519 tum
556 1501 564 1520 .
588 1453 704 1519 Fabius
727 1453 891 1518 Maximus
912 1455 1044 1532 censuit,
1061 1457 1175 1538 equites

112 1541 275 1621 capeditos
288 1549 319 1602 et
330 1540 437 1622 Appia
451 1551 481 1605 et
496 1541 615 1604 latina
627 1544 679 1605 uia
689 1543 859 1617 mittmdoa,
873 1539 900 1583 ⁷⁶
911 1543 974 1624 qui,
989 1541 1092 1606 obvim
1098 1563 1174 1624 per·
1184 1559 1309 1606 Sententia

113 1627 289 1690 cunctando
302 1627 423 1708 aliquos
438 1628 591 1710 profectos
605 1648 643 1690 ac
650 1627 750 1711 fuga,
769 1629 885 1708 possim
900 1627 1073 1710 dissipatos,
1083 1622 1243 1710 sortettt
1256 1623 1324 1672 Mu.

113 1711 267 1793 referant,
279 1711 486 1795 quaesortuna
494 1714 646 1777 corradum
656 1722 747 1796 atque
757 1714 937 1778 enercituum
948 1715 1007 1786 ait,-
1023 1716 1091 1778 etsi
1101 1715 1178 1796 quid

117 1797 183 1858 Dii
194 1798 380 1874 inmortales,
396 1798 527 1863 miseriti
540 1799 675 1882 imperii,
688 1801 835 1882 reliquum
849 1798 986 1862 Romano
999 1799 1176 1884 nominise-

117 1883 234 1945 corint:
249 1883 304 1946 ubi
318 1903 362 1946 ece
375 1886 472 1966 copiae
484 1886 564 1950 siut:
581 1906 639 1968 quo
649 1906 680 1949 ae
693 1883 858 1948 Hannibal
866 1894 938 1966 post
947 1886 1091 1966 proelium
1104 1907 1176 1948 con·

113 1967 240 2032 tulerit:
264 1970 341 2052 quid
347 1980 453 2051 paret,
469 1971 545 2054 quid
554 1981 640 2054 agat,
653 1979 831 2053 arcanaque
844 1973 895 2034 sit.
918 1971 1001 2034 Haec
1012 1973 1176 2053 esploran·

114 2055 157 2116 da
171 2057 385 2138 noscendaque
393 2078 454 2137 per
468 2058 606 2139 inpigros
609 2056 738 2142 juvenes
751 2077 822 2121 esee.
837 2057 917 2120 illud
923 2077 985 2138 per
997 2059 1112 2121 Patres
1127 2059 1176 2139 ip·

114 2161 162 2203 sos
184 2143 348 2223 agendum,
365 2144 505 2224 quoniam
520 2144 750 2226 utofflstratuum
766 2163 879 2224 parum
899 2144 951 2219 ait,
967 2152 1001 2204 ut
1020 2145 1176 2208 tumultum

115 2227 403 2308 actrepidatiouem
413 2229 447 2290 in
455 2227 528 2292 urbe
538 2229 660 2307 tollant,
669 2238 825 2292 matronae
828 2227 954 2310 publico
961 2237 1095 2303 arceant,
1104 2249 1176 2290 com

115 2313 274 2396 tiaerique
288 2314 374 2376 iutra
388 2335 471 2378 mum
486 2335 633 2397 quamque
653 2316 744 2378 limen
758 2322 889 2398 cogant.-
911 2315 1176 2397 comploratrufa·

116 2399 274 2464 mdiorum
289 2404 467 2463 coerceant:
483 2402 637 2464 silentium
647 2421 707 2482 per
719 2400 819 2462 urbem
822 2399 973 2484 saciant:
989 2401 1114 2463 nuncios
1128 2422 1176 2462 re-

116 2505 181 2548 rum
206 2485 340 2548 omuium
364 2487 409 2548 ad
424 2495 575 2567 praetores
589 2486 775 2550 deducendos
788 2495 912 2548 nuent:
935 2506 997 2550 uta
1017 2484 1178 2570 llqueisque

105 2570 253 2652 fatuare
267 2573 351 2634 domi
364 2581 514 2636 auctorem
529 2581 718 2654 respectent.-
740 2573 949 2656 crretoderquec
964 2582 1120 2654 preterea
1134 2573 1179 2636 ad

111 2666 224 2737 portas
239 2666 375 2739 ponant,
391 2659 445 2740 qui
461 2658 655 2739 prohibeant,
671 2679 845 2742 quemquam
860 2658 966 2742 egredi
985 2658 1104 2730 urbeme
1127 2681 1177 2722 co·

113 2753 253 2826 geretque
267 2743 402 2808 domines
415 2745 540 2820 nullam
556 2745 620 2808 uiri
635 2743 707 2808 urbe
718 2743 758 2808 ‘uc
771 2743 914 2808 manitus
932 2744 1036 2820 saluis,
1051 2745 1177 2808 salutem

116 2849 253 2910 sperare.
282 2828 346 2892 Ubi
359 2827 538 2894 conticuerit
552 2831 703 2906 tumulltu,
719 2837 797 2894 recte
808 2840 870 2894 tum
885 2832 919 2894 in
932 2832 1048 2896 aeriam
1062 2831 1193 2896 Patres·
1249 2857 1255 2866 ·

114 2916 313 2990 revocandae,
328 2917 596 2999 consulendumque
609 2918 648 2980 de
661 2915 745 2980 urbia
758 2918 895 2980 meredic
909 2937 980 2980 ease.

160 2999 255 3064 LVI.
277 2998 304 3042 ⁷⁸
314 2999 423 3077 Quum
438 3003 473 3065 in
488 3001 570 3066 lrano
585 3002 770 3066 seutentiam
793 3000 925 3085 pedibus
940 3023 1049 3066 omnes
1070 3002 1177 3080 beent,

116 3085 329 3173 submotaque
343 3084 413 3150 soro
427 3109 483 3173 pet·
496 3088 696 3176 magistratus
710 3087 813 3165 turba,
832 3086 941 3152 Patres
952 3087 1066 3153 diuersi
1078 3087 1119 3154 ad
1130 3110 1177 3152 se·

323 3265 327 3275 .
365 3221 429 3270 Ι’Μ
441 3225 514 3272 Gran.
526 3223 596 3273 Creu.
728 3223 851 3272 ‘autoire
862 3225 934 3270 Gron.

118 3354 190 3410 clare,
218 3369 338 3416 carpam
364 3357 465 3404 οἱαᾱιηιε
494 3373 550 3419 quae
578 3371 634 3406 vera
665 3358 776 3422 efferant.

116 3419 212 3467 videtur
232 3420 299 3466 Livii
315 3435 411 3468 manus.
435 3423 532 3470 ..Sensus
551 3429 632 3484 petetr
699 3423 729 3469 77
748 3417 1049 3481 Quisque...easpecteut]
1066 3417 1176 3463 Andreas

117 3481 184 3530 Num
205 3485 253 3530 tibi
270 3486 302 3530 sit
317 3487 414 3533 unimus
424 3499 564 3547 comparare
577 3500 634 3534 cum
666 3493 691 3534 et
718 3485 865 3546 campanus,
890 3487 1017 3544 asperat.-
1045 3482 1110 3542 quod
1137 3479 1177 3527 hic

117 3545 240 3594 Cannensi
252 3549 387 3607 clade,&c.
599 3563 601 3569 ·
664 3553 743 3612 placet
769 3551 855 3612 magu.
889 3549 943 3596 Hoc
972 3547 1038 3594 enim
1064 3545 1176 3599 verbum.

148 3611 180 3657 75
196 3612 245 3671 Et,
269 3614 369 3660 nondum
388 3617 471 3676 palam
485 3615 562 3678 ficto,
584 3615 633 3660 uini
665 3630 714 3662 non
739 3615 771 3660 ad
798 3613 889 3670 Patres,
908 3620 936 3659 ut
960 3611 1061 3671 reliqua,
1080 3610 1122 3654 sed
1145 3608 1176 3655 ud

116 3675 261 3738 morarique]
279 3677 313 3722 Et
329 3679 378 3725 vivi
394 3682 531 3740 mortuique
546 3680 634 3740 pariter
665 3692 786 3741 quemque
797 3679 875 3727 civem
886 3678 995 3724 retertur.
1050 3713 1052 3718 .

117 3742 335 3801 complorarentur,
347 3745 405 3803 quia
424 3747 531 3792 nandum
552 3743 633 3803 palam
698 3740 749 3790 te·
760 3741 838 3797 Quum
858 3743 884 3788 in
902 3741 962 3788 hanc
982 3740 1119 3786 senteutiam
1134 3749 1176 3799 pe·

117 3802 210 3852 lactum
221 3811 285 3859 erat,
297 3809 392 3868 supple,
403 3811 503 3869 quinam
516 3809 634 3866 viverent,
664 3809 729 3855 dilus
745 3819 821 3853 mame
840 3805 920 3868 issem]
937 3806 1020 3860 Quum
1039 3805 1103 3849 hanc
1122 3816 1176 3850 scn-

116 3869 215 3926 quinam
227 3869 379 3918 cecidissent.
665 3872 767 3920 tentiam
781 3883 865 3917 omnes
880 3872 1027 3930 probassent.
1059 3867 1130 3915 Tunc
1140 3867 1177 3913 di·

147 3934 180 3980 76
199 3931 249 3987 Qui
268 3933 343 3982 olv'wt
403 3936 528 3986 euuamndo
546 3936 633 3996 aliquus
665 3939 780 3984 cebuntur
793 3941 914 3982 senatores
928 3932 1077 3996 peditemtim
1092 3932 1117 3976 in
1135 3932 1179 3978 ali-

114 3995 226 4058 meffl
242 3997 352 4061 &suga
365 4003 429 4062 ‚Hic
439 4002 530 4062 aliquid
541 4007 578 4047 est
594 4015 632 4046 re·
665 4013 738 4060 quarn
766 3999 920 4053 sententiam,
943 4010 1019 4058 quum
1042 4011 1106 4050 mm,
1128 4009 1178 4045 nou

118 4061 228 4108 (lundens
251 4069 276 4108 et
301 4065 484 4124 inconcinnum,
507 4079 550 4112 nec
575 4065 633 4110 uatis
665 4078 723 4110 voce
739 4070 763 4108 et
778 4063 866 4116 verbis,
883 4063 1087 4121 sedsolopedum
1098 4067 1177 4114 motu,

119 4121 219 4172 Liviana
227 4126 349 4188 elegantia
359 4131 471 4192 dignum.
505 4129 570 4176 Vera
579 4142 633 4189 pro·
665 4125 1178 4188 probabunt3transeundoscilicetinbunc

119 4189 154 4234 cul
173 4191 250 4238 dubio
268 4199 305 4238 est
321 4195 374 4244 Jac.
393 4195 632 4242 Gronoviiemende-
664 4193 761 4238 illamue
782 4198 887 4250 partem,
909 4197 981 4252 prout
1002 4191 1059 4236 huic
1080 4190 1116 4237 vel
1142 4187 1178 4236 illi

121 4255 164 4300 ²³⁰²
184 4253 231 4310 Qui
250 4257 325 4306 obvim
338 4259 520 4321 percunctando,
536 4258 633 4318 (aliquos
664 4257 789 4303 sententiae
801 4258 999 4304 assentiebantur.
1110 4308 1114 4316 Ι

119 4323 213 4384 projecto
223 4339 252 4372 ea
261 4324 327 4389 suga
342 4326 431 4387 passim
443 4322 632 4384 dissipatossarr)

160 4407 230 4454 ΥΟΕ.
247 4411 285 4456 11.
723 4404 747 4447 K
