3140 4972
173 319 243 370 11..ον
254 317 310 368 stc

171 387 203 433 Α.
214 386 244 434 C.
253 383 311 434 212.

171 450 262 526 Capute
273 450 325 498 ino·

61 601 65 606 .
171 527 221 574 1³¹⁸·

336 138 400 206 scs
604 224 607 230 1
729 139 845 201 rrrr
876 136 1010 201 mvn

334 303 370 370 in
395 303 529 372 Samnio
550 303 740 382 meentsed
766 302 1001 370 circumsessuri
1027 302 1173 392 Cspusrn
1197 248 1403 382 viderentur3

360 389 425 458 uod
450 389 571 458 malum
594 389 759 456 diuturna
781 389 954 456 obsidionis
978 413 1049 456 esse
1078 389 1167 468 solet,
1188 390 1257 477 jam
1286 388 1403 457 barem

336 414 495 560 drapani
520 477 714 554 sentiebant3
744 477 819 564 quia
847 490 1019 543 sementem
1042 475 1147 542 facero
1162 476 1408 566 ‚prohibuerant

282 607 285 615 ι
335 587 389 630 ecs
405 564 546 632 Romani
561 563 730 630 exercitus.
775 565 886 651 ltaque
907 563 1028 651 legatus
1049 563 1092 628 ad
1109 562 1328 630 Hannibalem
1344 565 1404 630 mi·

336 664 458 730 serunt,
473 661 612 730 orantes,
626 662 662 715 ut
676 651 773 751 prius,
789 672 885 736 quarn
899 649 1044 714 consules
1065 651 1099 714 in
1122 671 1216 738 agros
1238 673 1311 716 suos
1325 649 1405 716 edu·

335 749 445 804 cerent
469 736 624 824 legiones,
654 758 778 824 viaeque
802 758 911 801 omues
936 734 1075 802 bostium
1104 735 1260 822 praesidiis
1288 736 1405 802 iuside-
1488 737 1491 742 ’

336 836 460 902 rentur,
474 821 672 888 frumentum
686 845 728 886 ex
747 822 935 909 propinquis
949 821 1026 887 locis
1046 821 1181 889 conuehi
1197 822 1325 910 juberet
1341 823 1406 888 Ca·

336 930 446 994 puanr.
491 907 669 986 Hannibal,
684 907 893 996 *Hannonem
914 932 954 974 ex
969 908 1104 974 Bruttiis
1124 931 1197 975 curn
1212 909 1403 975 exercituin

339 995 550 1080 Campaniam
565 995 708 1073 transire,
724 1007 756 1061 et
769 993 848 1062 darc
868 1017 1008 1081 operam,
1025 1008 1061 1061 ut
1074 993 1226 1062 frumenti
1240 995 1331 1082 copia
1346 995 1404 1062 fie-

277 1091 283 1104 '
337 1094 387 1150 ret
410 1081 594 1170 Campanis,
611 1081 714 1168 jussit.
762 1081 894 1160 Hanno,
920 1103 962 1146 ex
988 1080 1124 1146 Bruttiis
1149 1081 1308 1167 profectus
1329 1101 1403 1148 curn

336 1169 487 1248 exercitu,
519 1166 711 1234 vitabundus
740 1173 843 1233 castra
868 1166 1007 1233 bostium
1037 1167 1267 1256 consulesque,
1285 1168 1340 1256 qui
1369 1170 1402 1233 in

245 1285 251 1296 ·
339 1256 472 1324 Samnio
495 1265 597 1332 erant,
642 1275 720 1320 uuur
742 1253 927 1320 Benevento
947 1252 1016 1339 jam
1038 1253 1319 1344 adpropinquaret,
1339 1255 1405 1320 tris

223 1348 229 1360 '
337 1363 486 1428 passuum
503 1338 639 1406 millias
675 1340 746 1425 ipsa
768 1340 847 1406 urbe
867 1340 940 1408 loco
960 1339 1046 1405 edito
1068 1353 1170 1406 castra
1190 1341 1306 1428 posuit.
1327 1341 1404 1406 iude

337 1448 380 1494 ex
402 1427 495 1492 sociis
515 1426 602 1492 circs
622 1426 761 1513 populis,
778 1449 842 1513 quo
863 1439 970 1492 aestate
992 1437 1226 1512 comportatum
1247 1438 1324 1505 erat,
1347 1427 1404 1492 de·

337 1513 410 1580 vehi
425 1512 620 1582 frumentum
642 1513 675 1578 in
691 1526 794 1579 castra
807 1513 918 1599 jussit;
943 1512 1097 1597 praesidiis
1115 1511 1206 1593 datis,
1221 1535 1293 1600 quae
1314 1535 1404 1578 com-

337 1611 459 1666 meatus
481 1622 534 1666 eos
556 1614 836 1686 prosequerentur.
881 1599 1025 1684 Capuam
1047 1599 1123 1665 inde
1139 1599 1289 1664 nuncium
1304 1599 1400 1679 misit,

337 1709 400 1774 qua
423 1686 475 1754 die
501 1687 536 1750 in
559 1687 669 1752 castris
691 1687 730 1752 sd
755 1685 972 1773 accipiendum
992 1685 1185 1752 frumentum
1211 1697 1329 1772 praesto
1349 1706 1402 1750 es·

337 1785 417 1852 sent,
433 1772 522 1838 omui
546 1772 687 1860 undique
704 1795 819 1860 genere
833 1771 1047 1838 vehiculorum
1066 1773 1345 1859 jumentorumque
1359 1793 1403 1838 ex

396 1861 422 1924 is
442 1871 619 1926 contracto.
663 1858 702 1926 ld
725 1881 786 1944 pro
808 1871 911 1924 cetera
934 1858 1079 1926 socordis
1103 1858 1363 1948 neglegentiaque
1381 1882 1403 1923 a

421 1945 512 2031 panis
527 1959 644 2012 actum.
667 1945 776 2032 paullo
789 1945 861 2032 plus
899 1944 1109 2033 uadringenta
1130 1943 1277 2011 vehicula
1296 1945 1403 2026 missa,

337 2045 369 2100 et
394 2055 497 2118 pauca
537 2043 670 2098 raeterea
690 2032 843 2098 'umecta
864 1968 907 2096 ol
929 2031 962 2096 id
984 2030 1144 2120 castigatis
1165 2032 1206 2097 ab
1226 2031 1400 2109 Hannone,

338 2119 427 2206 quod
448 2141 490 2185 ue
510 2055 607 2186 limes
623 2056 763 2204 quidem,
783 2140 856 2205 quae
876 2130 980 2184 mutas
1001 2118 1186 2184 accenderet
1206 2117 1330 2196 bestias,
1346 2139 1405 2182 cu-

338 2227 407 2275 rans
422 2228 533 2273 eorum
548 2204 708 2272 stimulare
722 2217 837 2291 posset,
852 2204 877 2244 ⁸¹
886 2202 949 2270 alia
972 2203 1097 2290 prodita
1117 2204 1184 2270 dies
1205 2203 1246 2270 ad
1260 2202 1401 2269 frumcn-

338 2305 407 2361 tum
435 2293 557 2380 majore
584 2292 741 2377 adparatu
771 2289 951 2374 petendum.
983 2291 1046 2356 Ea
1074 2290 1191 2369 omnia,
1222 2290 1303 2356 sicut
1331 2303 1403 2356 acta

338 2392 439 2459 erant,
461 2399 561 2530 quum
581 2376 752 2446 enunciata
769 2377 1000 2442 Beneventanis
1021 2391 1133 2455 essem,
1149 2377 1270 2464 legatos
1292 2375 1410 2442 decens

338 2478 466 2552 extemp
479 2488 500 2530 ο
520 2464 563 2530 ad
584 2463 728 2530 consules
743 2463 841 2550 (circs
863 2463 1040 2530 &sianum
1063 2479 1166 2530 castra
1182 2463 1401 2530 Romanorum

338 2552 443 2634 erant)
458 2550 622 2617 miserunt.
668 2550 735 2628 Qui
750 2572 860 2637 quum,
875 2550 1001 2634 auditis,
1016 2573 1089 2638 quae
1111 2550 1150 2616 ad
1167 2550 1310 2636 Capuam
1327 2573 1402 2640 cge-

338 2651 459 2716 rentur,
476 2637 559 2703 iuter
574 2661 608 2702 se
621 2649 864 2722 comparassent,
880 2649 916 2702 ut
937 2637 1017 2704 alter
1036 2637 1071 2704 in
1087 2637 1293 2723 Campaniam
1309 2658 1403 2704 exer·

340 2725 440 2790 citum
455 2723 603 2799 duceret3
628 2721 770 2802 Fulvius,
785 2724 835 2788 cui
858 2746 895 2788 ea
915 2723 1078 2809 provincia
1092 2723 1273 2802 obvenerat,
1288 2722 1400 2808 82pro-

338 2808 450 2889 fectus,
466 2823 560 2876 nocte
576 2809 767 2875 Beneventi*
784 2810 902 2874 muenia
923 2821 969 2876 est
992 2810 1157 2911 ingressus.
1202 2809 1255 2874 Ex
1268 2807 1404 2894 propin-

363 2920 405 2964 uo
430 2896 603 2984 cognoscit,
625 2896 821 2962 Hannonem
845 2917 918 2961 cum
939 2909 1094 2962 exercrtus
1112 2908 1202 2983 parte
1222 2893 1399 2980 profectum

338 2920 585 3053 dumenntumt
618 3005 678 3069 per
704 2995 892 3070 qumstorem
922 2981 1095 3066 Campanis
1122 2983 1233 3047 datum
1259 2979 1403 3045 frumen-

340 3082 429 3135 tum:
451 3069 518 3134 duo
528 3068 627 3134 millia
638 3067 862 3154 plaustrorum,
873 3069 1067 3135 inconditam
1079 3069 1291 3154 inermemque
1305 3066 1401 3132 aliam

339 3155 479 3234 turbam,
501 3156 680 3222 advenisses
703 3178 760 3240 per
778 3155 951 3220 tumultum
974 3178 1011 3221 ac
1033 3154 1273 3242 trepidationem
1294 3153 1404 3218 omnia

339 3243 402 3332 agi,
426 3255 666 3330 castrorumque
686 3240 819 3306 formam
841 3253 873 3308 et
895 3241 1059 3307 militarem
1080 3241 1236 3320 ordinem,
1263 3238 1404 3304 inmixtis

339 3328 517 3418 agrestibus
546 3329 583 3394 iis
611 3349 652 3396 ex
680 3329 782 3406 terris,
813 3327 981 3394 sublatum.
1027 3327 1091 3394 His
1120 3326 1193 3392 satis
1222 3325 1403 3410 compertis,

338 3415 451 3483 consul
479 3414 633 3498 militibus
661 3413 768 3495 edicit,
793 3415 883 3502 signa
908 3426 1030 3482 tantum
1060 3435 1211 3499 armaque
1235 3412 1267 3494 in
1293 3411 1403 3498 proxi-

338 3515 423 3568 mam
443 3514 570 3568 noctem
596 3501 800 3586 expedirent:
822 3513 924 3565 castra
948 3500 1068 3572 Punica
1089 3497 1305 3586 obpugnanda
1326 3519 1403 3564 esse.

340 3589 465 3668 Quarta
488 3588 597 3675 vigilia
621 3585 764 3672 profecti,
791 3587 920 3652 sarcinis
945 3586 1092 3653 omnibus
1116 3583 1403 3670 inpedimentisque

262 3681 264 3688 '
339 3675 513 3742 Beneventi
527 3675 654 3750 relictis,
670 3673 778 3759 paullo
792 3687 869 3740 ante¹
878 3672 982 3738 lucem
997 3696 1096 3761 quum
1120 3671 1161 3738 ad
1175 3684 1277 3737 castra
1290 3692 1402 3758 perve-¹

338 3763 470 3843 nissent,
493 3774 617 3827 tantum
641 3759 768 3846 pavoris
793 3760 977 3846 injecerunt,
999 3774 1046 3840 ut,
1070 3760 1095 3825 si
1117 3759 1151 3823 in
1176 3758 1274 3846 plano
1299 3769 1402 3822 castra

737 3919 752 3948 ¹
762 3919 919 3971 Beneventum
930 3918 1005 3966 Gran.

372 4067 403 4116 81
421 4065 648 4131 Alluproditads'es]
665 4069 756 4116 Unuse
767 4069 856 4114 nostris
920 4067 952 4115 82
969 4066 1093 4130 Profectus
1113 4068 1185 4119 nucu,
1203 4062 1330 4110 anmli
1345 4075 1402 4109 moe.

244 4123 246 4134 ’
341 4135 410 4180 codd.
420 4131 541 4193 prodicta:
559 4136 624 4196 quod
635 4147 720 4180 verum
731 4140 856 4194 putamus.
888 4132 929 4178 nia
947 4137 981 4178 ert
999 4128 1129 4194 ingressae]
1147 4129 1186 4176 Sic
1208 4129 1298 4175 habent
1319 4133 1369 4173 tres
1386 4139 1403 4174 c

341 4197 453 4251 Verbum
463 4198 584 4247 enimhoc
596 4199 720 4260 proprium
731 4200 807 4246 estde
818 4198 857 4244 dia
889 4197 984 4256 scriptis
1002 4196 1099 4253 nostris,
1118 4195 1167 4241 duc
1184 4195 1329 4240 Brasuertae
1346 4192 1403 4237 nul-

341 4263 449 4377 qopgiorc
466 4262 538 4310 dicta.
572 4263 630 4312 Vid.
648 4277 721 4326 supra
736 4266 752 4310 l.
771 4263 820 4312 111.
833 4277 855 4310 c.
888 4262 1115 4388 lggtssmnm’
1134 4259 1256 4319 quomodo
1281 4256 1307 4303 iu
1329 4255 1405 4304 editis
