<?xml version="1.0" encoding="UTF-8"?>
<!DOCTYPE html PUBLIC "-//W3C//DTD XHTML 1.0 Transitional//EN"
    "http://www.w3.org/TR/xhtml1/DTD/xhtml1-transitional.dtd">
<html xmlns="http://www.w3.org/1999/xhtml" xml:lang="en" lang="en">
 <head>
  <title>
</title>
<meta http-equiv="Content-Type" content="text/html;charset=utf-8" />
  <meta name='ocr-system' content='tesseract 3.04.00' />
  <meta name='ocr-capabilities' content='ocr_page ocr_carea ocr_par ocr_line ocrx_word'/>
</head>
<body>
  <div class='ocr_page' id='page_1' title='image "./tliviipatavinih00crevgoog/tliviipatavinih00crevgoog_0143.png"; bbox 0 0 3036 4972; ppageno 0'>
   <div class='ocr_carea' id='block_1_1' title="bbox 353 139 1019 248">
    <p class='ocr_par' dir='ltr' id='par_1_1' title="bbox 353 139 1019 248">
     <span class='ocr_line' id='line_1_1' title="bbox 353 139 1019 248; baseline 0 -4"><span class='ocrx_word' id='word_1_1' title='bbox 353 181 409 248; x_wconf 77' lang='lat' dir='ltr'><em>ms</em></span> <span class='ocrx_word' id='word_1_2' title='bbox 742 139 1019 245; x_wconf 53' lang='lat' dir='ltr'><em>T1n1L-&#39;1V11</em></span> 
     </span>
    </p>
   </div>
   <div class='ocr_carea' id='block_1_2' title="bbox 189 327 1506 3421">
    <p class='ocr_par' dir='ltr' id='par_1_2' title="bbox 189 327 1506 3420">
     <span class='ocr_line' id='line_1_2' title="bbox 189 327 1412 433; baseline 0.002 -19"><span class='ocrx_word' id='word_1_3' title='bbox 189 365 223 419; x_wconf 82' lang='grc' dir='ltr'><em>ιι</em></span> <span class='ocrx_word' id='word_1_4' title='bbox 234 368 261 416; x_wconf 84' lang='lat' dir='ltr'><em>o.</em></span> <span class='ocrx_word' id='word_1_5' title='bbox 272 367 328 414; x_wconf 77' lang='lat' dir='ltr'><em>sno.</em></span> <span class='ocrx_word' id='word_1_6' title='bbox 352 335 427 414; x_wconf 80' lang='lat' dir='ltr'><em>Non</em></span> <span class='ocrx_word' id='word_1_7' title='bbox 440 327 521 415; x_wconf 85' lang='lat' dir='ltr'><em>enirn</em></span> <span class='ocrx_word' id='word_1_8' title='bbox 536 349 622 416; x_wconf 77' lang='lat' dir='ltr'><em>mado</em></span> <span class='ocrx_word' id='word_1_9' title='bbox 635 351 721 433; x_wconf 83' lang='lat' dir='ltr'><em>sequi</em></span> <span class='ocrx_word' id='word_1_10' title='bbox 734 359 911 414; x_wconf 77' lang='lat' dir='ltr'><em>recusarunt</em></span> <span class='ocrx_word' id='word_1_11' title='bbox 925 347 997 414; x_wconf 84' lang='lat' dir='ltr'><em>bene</em></span> <span class='ocrx_word' id='word_1_12' title='bbox 1008 359 1182 426; x_wconf 85' lang='lat' dir='ltr'><em>monentem,</em></span> <span class='ocrx_word' id='word_1_13' title='bbox 1199 348 1254 414; x_wconf 85' lang='lat' dir='ltr'><em>sed</em></span> <span class='ocrx_word' id='word_1_14' title='bbox 1260 349 1412 416; x_wconf 82' lang='lat' dir='ltr'><em>obsistere</em></span> 
     </span>
     <span class='ocr_line' id='line_1_3' title="bbox 191 429 1506 522; baseline 0.002 -22"><span class='ocrx_word' id='word_1_15' title='bbox 191 433 260 482; x_wconf 63' lang='grc' dir='ltr'><em>Ν·</em></span> <span class='ocrx_word' id='word_1_16' title='bbox 273 432 328 480; x_wconf 80' lang='lat'>²¹⁶·</span> <span class='ocrx_word' id='word_1_17' title='bbox 352 460 390 500; x_wconf 87' lang='lat' dir='ltr'><em>ac</em></span> <span class='ocrx_word' id='word_1_18' title='bbox 403 437 537 501; x_wconf 83' lang='lat' dir='ltr'><em>retinere</em></span> <span class='ocrx_word' id='word_1_19' title='bbox 550 438 654 522; x_wconf 88' lang='lat' dir='ltr'><em>conati</em></span> <span class='ocrx_word' id='word_1_20' title='bbox 666 444 746 514; x_wconf 88' lang='lat' dir='ltr'><em>sant,</em></span> <span class='ocrx_word' id='word_1_21' title='bbox 755 438 791 498; x_wconf 91' lang='lat' dir='ltr'><em>ni</em></span> <span class='ocrx_word' id='word_1_22' title='bbox 800 447 828 500; x_wconf 88' lang='lat' dir='ltr'><em>st</em></span> <span class='ocrx_word' id='word_1_23' title='bbox 815 437 916 500; x_wconf 84' lang='lat' dir='ltr'><em>rrctns</em></span> <span class='ocrx_word' id='word_1_24' title='bbox 920 437 1082 518; x_wconf 78' lang='lat' dir='ltr'><em>gladius</em></span> <span class='ocrx_word' id='word_1_25' title='bbox 1050 457 1111 500; x_wconf 84' lang='grc' dir='ltr'><strong><em>ιιιιι</em></strong></span> <span class='ocrx_word' id='word_1_26' title='bbox 1107 437 1311 520; x_wconf 77' lang='lat' dir='ltr'><em>fortissime</em></span> <span class='ocrx_word' id='word_1_27' title='bbox 1297 448 1412 502; x_wconf 76' lang='lat' dir='ltr'><em>inertes</em></span> <span class='ocrx_word' id='word_1_28' title='bbox 1505 429 1506 438; x_wconf 37' lang='lat'>¹</span> 
     </span>
     <span class='ocr_line' id='line_1_4' title="bbox 352 523 1456 607; baseline -0.002 -19"><span class='ocrx_word' id='word_1_29' title='bbox 352 523 572 588; x_wconf 79' lang='lat' dir='ltr'><em>submovissent.</em></span> <span class='ocrx_word' id='word_1_30' title='bbox 589 523 692 604; x_wconf 87' lang='lat' dir='ltr'><em>prins,</em></span> <span class='ocrx_word' id='word_1_31' title='bbox 708 523 842 605; x_wconf 80' lang='lat' dir='ltr'><em>inquam,</em></span> <span class='ocrx_word' id='word_1_32' title='bbox 858 523 899 586; x_wconf 94' lang='lat' dir='ltr'><em>P</em></span> <span class='ocrx_word' id='word_1_33' title='bbox 915 523 1091 604; x_wconf 84' lang='lat' dir='ltr'><em>Sempronio</em></span> <span class='ocrx_word' id='word_1_34' title='bbox 1100 543 1160 604; x_wconf 89' lang='lat' dir='ltr'><em>per</em></span> <span class='ocrx_word' id='word_1_35' title='bbox 1169 544 1278 586; x_wconf 83' lang='lat' dir='ltr'><em>crocum</em></span> <span class='ocrx_word' id='word_1_36' title='bbox 1287 545 1410 607; x_wconf 75' lang='lat' dir='ltr'><em>egenen,</em></span> <span class='ocrx_word' id='word_1_37' title='bbox 1454 533 1456 544; x_wconf 89' lang='lat'>&#39;</span> 
     </span>
     <span class='ocr_line' id='line_1_5' title="bbox 353 609 1412 692; baseline 0.001 -20"><span class='ocrx_word' id='word_1_38' title='bbox 353 624 443 692; x_wconf 87' lang='lat' dir='ltr'><em>qaam</em></span> <span class='ocrx_word' id='word_1_39' title='bbox 452 631 514 692; x_wconf 88' lang='lat' dir='ltr'><em>per</em></span> <span class='ocrx_word' id='word_1_40' title='bbox 520 610 658 684; x_wconf 81' lang='lat' dir='ltr'><em>bostrum,</em></span> <span class='ocrx_word' id='word_1_41' title='bbox 662 609 735 692; x_wconf 78' lang='lat' dir='ltr'><em>flat</em></span> <span class='ocrx_word' id='word_1_42' title='bbox 747 611 967 690; x_wconf 71' lang='lat' dir='ltr'><em>muniendum.</em></span> <span class='ocrx_word' id='word_1_43' title='bbox 1003 609 1112 672; x_wconf 88' lang='grc' dir='ltr'><em>Ηοι</em></span> <span class='ocrx_word' id='word_1_44' title='bbox 1086 630 1161 672; x_wconf 84' lang='lat' dir='ltr'><em>moes</em></span> <span class='ocrx_word' id='word_1_45' title='bbox 1170 611 1282 690; x_wconf 86' lang='lat' dir='ltr'><em>patrio</em></span> <span class='ocrx_word' id='word_1_46' title='bbox 1293 611 1412 673; x_wconf 89' lang='lat' dir='ltr'><em>deside·</em></span> 
     </span>
     <span class='ocr_line' id='line_1_6' title="bbox 354 694 1413 778; baseline 0 -20"><span class='ocrx_word' id='word_1_47' title='bbox 354 701 428 758; x_wconf 85' lang='lat' dir='ltr'><em>ret?</em></span> <span class='ocrx_word' id='word_1_48' title='bbox 444 716 569 778; x_wconf 83' lang='lat' dir='ltr'><em>quorum</em></span> <span class='ocrx_word' id='word_1_49' title='bbox 579 696 608 758; x_wconf 91' lang='lat' dir='ltr'><em>si</em></span> <span class='ocrx_word' id='word_1_50' title='bbox 617 695 710 757; x_wconf 79' lang='lat' dir='ltr'><em>caari</em></span> <span class='ocrx_word' id='word_1_51' title='bbox 717 695 832 757; x_wconf 86' lang='lat' dir='ltr'><em>similes</em></span> <span class='ocrx_word' id='word_1_52' title='bbox 829 694 978 778; x_wconf 81' lang='lat' dir='ltr'><em>fuissent,</em></span> <span class='ocrx_word' id='word_1_53' title='bbox 990 696 1136 758; x_wconf 78' lang='lat' dir='ltr'><em>neminem</em></span> <span class='ocrx_word' id='word_1_54' title='bbox 1147 696 1238 757; x_wconf 81' lang='lat' dir='ltr'><em>hodie</em></span> <span class='ocrx_word' id='word_1_55' title='bbox 1246 717 1285 758; x_wconf 89' lang='lat' dir='ltr'><em>ea</em></span> <span class='ocrx_word' id='word_1_56' title='bbox 1293 697 1345 770; x_wconf 87' lang='lat' dir='ltr'><em>iis,</em></span> <span class='ocrx_word' id='word_1_57' title='bbox 1358 697 1413 778; x_wconf 83' lang='lat' dir='ltr'><em>qui</em></span> 
     </span>
     <span class='ocr_line' id='line_1_7' title="bbox 355 780 1413 864; baseline 0.002 -21"><span class='ocrx_word' id='word_1_58' title='bbox 355 783 399 843; x_wconf 86' lang='lat' dir='ltr'><em>&#39;ad</em></span> <span class='ocrx_word' id='word_1_59' title='bbox 415 781 538 844; x_wconf 86' lang='lat' dir='ltr'><em>Cannas</em></span> <span class='ocrx_word' id='word_1_60' title='bbox 555 783 887 864; x_wconf 64' lang='lat' dir='ltr'><em>pignerationem</em></span> <span class='ocrx_word' id='word_1_61' title='bbox 907 780 1043 844; x_wconf 84' lang='lat' dir='ltr'><em>baberet.</em></span> <span class='ocrx_word' id='word_1_62' title='bbox 1085 783 1132 844; x_wconf 87' lang='lat' dir='ltr'><em>Et</em></span> <span class='ocrx_word' id='word_1_63' title='bbox 1151 780 1284 845; x_wconf 82' lang='lat' dir='ltr'><em>millibus</em></span> <span class='ocrx_word' id='word_1_64' title='bbox 1299 790 1413 863; x_wconf 85' lang='lat' dir='ltr'><em>septem</em></span> 
     </span>
     <span class='ocr_line' id='line_1_8' title="bbox 354 861 1506 950; baseline 0.001 -21"><span class='ocrx_word' id='word_1_65' title='bbox 354 876 540 930; x_wconf 82' lang='lat' dir='ltr'><em>armatorum</em></span> <span class='ocrx_word' id='word_1_66' title='bbox 555 868 687 930; x_wconf 84' lang='lat' dir='ltr'><em>seucenti</em></span> <span class='ocrx_word' id='word_1_67' title='bbox 701 867 890 941; x_wconf 69' lang='lat' dir='ltr'><em>exstiterunt,</em></span> <span class='ocrx_word' id='word_1_68' title='bbox 904 867 957 948; x_wconf 85' lang='lat' dir='ltr'><em>qui</em></span> <span class='ocrx_word' id='word_1_69' title='bbox 970 887 1126 948; x_wconf 85' lang='lat' dir='ltr'><em>erumpere</em></span> <span class='ocrx_word' id='word_1_70' title='bbox 1135 867 1291 942; x_wconf 84' lang='lat' dir='ltr'><em>auderent,</em></span> <span class='ocrx_word' id='word_1_71' title='bbox 1306 869 1362 950; x_wconf 85' lang='lat' dir='ltr'><em>qui</em></span> <span class='ocrx_word' id='word_1_72' title='bbox 1377 868 1414 930; x_wconf 85' lang='lat' dir='ltr'><em>in</em></span> <span class='ocrx_word' id='word_1_73' title='bbox 1505 861 1506 922; x_wconf 79' lang='grc' dir='ltr'>Ϊ</span> 
     </span>
     <span class='ocr_line' id='line_1_9' title="bbox 349 953 1506 1036; baseline -0.002 -20"><span class='ocrx_word' id='word_1_74' title='bbox 349 953 490 1035; x_wconf 86' lang='lat' dir='ltr'><em>patriam</em></span> <span class='ocrx_word' id='word_1_75' title='bbox 504 953 595 1016; x_wconf 84' lang='lat' dir='ltr'><em>liberi</em></span> <span class='ocrx_word' id='word_1_76' title='bbox 608 961 700 1035; x_wconf 83' lang='lat' dir='ltr'><em>atque</em></span> <span class='ocrx_word' id='word_1_77' title='bbox 713 953 829 1014; x_wconf 88' lang='lat' dir='ltr'><em>armati</em></span> <span class='ocrx_word' id='word_1_78' title='bbox 846 953 1004 1014; x_wconf 82' lang='lat' dir='ltr'><em>redirent.-</em></span> <span class='ocrx_word' id='word_1_79' title='bbox 1026 973 1121 1034; x_wconf 84' lang='lat' dir='ltr'><em>neque</em></span> <span class='ocrx_word' id='word_1_80' title='bbox 1143 953 1183 1014; x_wconf 90' lang='lat' dir='ltr'><em>iis</em></span> <span class='ocrx_word' id='word_1_81' title='bbox 1203 954 1414 1036; x_wconf 86' lang='lat' dir='ltr'><em>quodraginta</em></span> <span class='ocrx_word' id='word_1_82' title='bbox 1505 979 1506 982; x_wconf 41' lang='lat'>¹</span> 
     </span>
     <span class='ocr_line' id='line_1_10' title="bbox 353 1036 1506 1123; baseline -0.003 -19"><span class='ocrx_word' id='word_1_83' title='bbox 353 1040 454 1104; x_wconf 84' lang='lat' dir='ltr'><em>meliro</em></span> <span class='ocrx_word' id='word_1_84' title='bbox 465 1040 593 1103; x_wconf 82' lang='lat' dir='ltr'><em>bostrum</em></span> <span class='ocrx_word' id='word_1_85' title='bbox 602 1039 694 1101; x_wconf 89' lang='lat' dir='ltr'><em>obs</em></span> <span class='ocrx_word' id='word_1_86' title='bbox 654 1047 754 1100; x_wconf 83' lang='lat' dir='ltr'><em>tteee.</em></span> <span class='ocrx_word' id='word_1_87' title='bbox 786 1036 906 1108; x_wconf 76' lang='lat' dir='ltr'><em>Quamt</em></span> <span class='ocrx_word' id='word_1_88' title='bbox 893 1047 988 1100; x_wconf 88' lang='lat' dir='ltr'><em>utum</em></span> <span class='ocrx_word' id='word_1_89' title='bbox 999 1039 1060 1100; x_wconf 78' lang='lat' dir='ltr'><em>tter</em></span> <span class='ocrx_word' id='word_1_90' title='bbox 1071 1039 1198 1100; x_wconf 64' lang='lat' dir='ltr'><em>duanam</em></span> <span class='ocrx_word' id='word_1_91' title='bbox 1208 1059 1308 1120; x_wconf 88' lang='lat' dir='ltr'><em>prope</em></span> <span class='ocrx_word' id='word_1_92' title='bbox 1317 1040 1416 1123; x_wconf 79' lang='lat' dir='ltr'><em>legeo-</em></span> <span class='ocrx_word' id='word_1_93' title='bbox 1505 1100 1506 1114; x_wconf 54' lang='grc'>,</span> 
     </span>
     <span class='ocr_line' id='line_1_11' title="bbox 355 1121 1416 1210; baseline 0 -22"><span class='ocrx_word' id='word_1_94' title='bbox 355 1147 424 1188; x_wconf 87' lang='lat' dir='ltr'><em>num</em></span> <span class='ocrx_word' id='word_1_95' title='bbox 439 1125 703 1210; x_wconf 74' lang='lat' dir='ltr'><em>agminifietunim</em></span> <span class='ocrx_word' id='word_1_96' title='bbox 722 1126 848 1188; x_wconf 83' lang='lat' dir='ltr'><em>censetis</em></span> <span class='ocrx_word' id='word_1_97' title='bbox 855 1121 986 1207; x_wconf 71' lang='lat' dir='ltr'><em>finisse?</em></span> <span class='ocrx_word' id='word_1_98' title='bbox 1015 1123 1182 1187; x_wconf 89' lang='lat' dir='ltr'><em>Haberetis</em></span> <span class='ocrx_word' id='word_1_99' title='bbox 1194 1125 1286 1186; x_wconf 84' lang='lat' dir='ltr'><em>bodie</em></span> <span class='ocrx_word' id='word_1_100' title='bbox 1298 1126 1416 1208; x_wconf 83' lang='lat' dir='ltr'><em>uiginti</em></span> 
     </span>
     <span class='ocr_line' id='line_1_12' title="bbox 355 1209 1413 1293; baseline -0.003 -18"><span class='ocrx_word' id='word_1_101' title='bbox 355 1213 456 1275; x_wconf 84' lang='lat' dir='ltr'><em>miliia</em></span> <span class='ocrx_word' id='word_1_102' title='bbox 471 1219 655 1274; x_wconf 83' lang='lat' dir='ltr'><em>armatorum</em></span> <span class='ocrx_word' id='word_1_103' title='bbox 673 1209 811 1285; x_wconf 77' lang='lat' dir='ltr'><em>Canusii,</em></span> <span class='ocrx_word' id='word_1_104' title='bbox 823 1209 942 1293; x_wconf 82' lang='lat' dir='ltr'><em>sortia,</em></span> <span class='ocrx_word' id='word_1_105' title='bbox 951 1209 1079 1290; x_wconf 78' lang='lat' dir='ltr'><em>fidelia,</em></span> <span class='ocrx_word' id='word_1_106' title='bbox 1098 1211 1212 1274; x_wconf 87' lang='lat' dir='ltr'><em>Patres</em></span> <span class='ocrx_word' id='word_1_107' title='bbox 1236 1211 1413 1292; x_wconf 80' lang='lat' dir='ltr'><em>conscripti.</em></span> 
     </span>
     <span class='ocr_line' id='line_1_13' title="bbox 356 1293 1416 1379; baseline 0 -19"><span class='ocrx_word' id='word_1_108' title='bbox 356 1317 435 1360; x_wconf 90' lang='lat' dir='ltr'><em>nunc</em></span> <span class='ocrx_word' id='word_1_109' title='bbox 459 1307 558 1359; x_wconf 88' lang='lat' dir='ltr'><em>autem</em></span> <span class='ocrx_word' id='word_1_110' title='bbox 574 1293 824 1378; x_wconf 82' lang='lat' dir='ltr'><em>quenadmodum</em></span> <span class='ocrx_word' id='word_1_111' title='bbox 838 1295 873 1357; x_wconf 82' lang='lat' dir='ltr'><em>ici</em></span> <span class='ocrx_word' id='word_1_112' title='bbox 887 1296 958 1357; x_wconf 88' lang='lat' dir='ltr'><em>boni</em></span> <span class='ocrx_word' id='word_1_113' title='bbox 971 1297 1137 1379; x_wconf 84' lang='lat' dir='ltr'><em>fidelesque</em></span> <span class='ocrx_word' id='word_1_114' title='bbox 1157 1299 1240 1374; x_wconf 89' lang='lat' dir='ltr'><em>(nam</em></span> <span class='ocrx_word' id='word_1_115' title='bbox 1253 1299 1361 1379; x_wconf 82' lang='lat' dir='ltr'><em>fortes</em></span> <span class='ocrx_word' id='word_1_116' title='bbox 1376 1319 1416 1360; x_wconf 84' lang='lat' dir='ltr'><em>no</em></span> 
     </span>
     <span class='ocr_line' id='line_1_14' title="bbox 357 1379 1506 1466; baseline -0.003 -18"><span class='ocrx_word' id='word_1_117' title='bbox 357 1387 417 1466; x_wconf 79' lang='lat' dir='ltr'><em>ipsu</em></span> <span class='ocrx_word' id='word_1_118' title='bbox 413 1384 546 1466; x_wconf 83' lang='lat' dir='ltr'><em>quidem</em></span> <span class='ocrx_word' id='word_1_119' title='bbox 558 1381 748 1458; x_wconf 83' lang='lat' dir='ltr'><em>diaerint)</em></span> <span class='ocrx_word' id='word_1_120' title='bbox 717 1401 796 1444; x_wconf 82' lang='lat' dir='ltr'><em>cenes</em></span> <span class='ocrx_word' id='word_1_121' title='bbox 804 1401 865 1444; x_wconf 87' lang='lat' dir='ltr'><em>esse</em></span> <span class='ocrx_word' id='word_1_122' title='bbox 870 1385 1020 1462; x_wconf 81' lang='lat' dir='ltr'><em>possunt?</em></span> <span class='ocrx_word' id='word_1_123' title='bbox 1036 1379 1133 1445; x_wconf 71' lang='grc' dir='ltr'><em>1ἰιιιὶ</em></span> <span class='ocrx_word' id='word_1_124' title='bbox 1140 1403 1208 1464; x_wconf 82' lang='lat' dir='ltr'><em>ques</em></span> <span class='ocrx_word' id='word_1_125' title='bbox 1215 1383 1336 1444; x_wconf 86' lang='lat' dir='ltr'><em>credere</em></span> <span class='ocrx_word' id='word_1_126' title='bbox 1338 1393 1414 1463; x_wconf 89' lang='lat' dir='ltr'><em>pot·</em></span> <span class='ocrx_word' id='word_1_127' title='bbox 1505 1413 1506 1462; x_wconf 69' lang='grc'>;</span> 
     </span>
     <span class='ocr_line' id='line_1_15' title="bbox 357 1467 1506 1550; baseline -0.001 -19"><span class='ocrx_word' id='word_1_128' title='bbox 357 1479 401 1532; x_wconf 87' lang='lat' dir='ltr'><em>est</em></span> <span class='ocrx_word' id='word_1_129' title='bbox 413 1469 528 1550; x_wconf 76' lang='lat' dir='ltr'><em>fuisse,</em></span> <span class='ocrx_word' id='word_1_130' title='bbox 544 1477 578 1530; x_wconf 90' lang='lat' dir='ltr'><em>ut</em></span> <span class='ocrx_word' id='word_1_131' title='bbox 597 1467 828 1548; x_wconf 83' lang='lat' dir='ltr'><em>erumpentibus,</em></span> <span class='ocrx_word' id='word_1_132' title='bbox 843 1467 917 1549; x_wconf 80' lang='lat' dir='ltr'><em>quin</em></span> <span class='ocrx_word' id='word_1_133' title='bbox 939 1477 1136 1549; x_wconf 86' lang='lat' dir='ltr'><em>erumperent,</em></span> <span class='ocrx_word' id='word_1_134' title='bbox 1153 1467 1294 1530; x_wconf 89' lang='lat' dir='ltr'><em>obsistere</em></span> <span class='ocrx_word' id='word_1_135' title='bbox 1307 1470 1415 1531; x_wconf 87' lang='lat' dir='ltr'><em>conati</em></span> <span class='ocrx_word' id='word_1_136' title='bbox 1505 1471 1506 1544; x_wconf 64' lang='lat' dir='ltr'><strong>f</strong></span> 
     </span>
     <span class='ocr_line' id='line_1_16' title="bbox 354 1553 1415 1636; baseline -0.001 -18"><span class='ocrx_word' id='word_1_137' title='bbox 354 1563 426 1618; x_wconf 87' lang='lat' dir='ltr'><em>sunt</em></span> <span class='ocrx_word' id='word_1_138' title='bbox 435 1569 454 1614; x_wconf 71' lang='lat'><em>.·&#39;</em></span> <span class='ocrx_word' id='word_1_139' title='bbox 468 1563 596 1616; x_wconf 89' lang='lat' dir='ltr'><em>autnon</em></span> <span class='ocrx_word' id='word_1_140' title='bbox 612 1553 750 1616; x_wconf 80' lang='lat' dir='ltr'><em>innidere</em></span> <span class='ocrx_word' id='word_1_141' title='bbox 759 1573 816 1628; x_wconf 92' lang='lat' dir='ltr'><em>eos,</em></span> <span class='ocrx_word' id='word_1_142' title='bbox 830 1573 917 1636; x_wconf 87' lang='lat' dir='ltr'><em>quum</em></span> <span class='ocrx_word' id='word_1_143' title='bbox 930 1553 1140 1628; x_wconf 84' lang='lat' dir='ltr'><em>incolumitati,</em></span> <span class='ocrx_word' id='word_1_144' title='bbox 1152 1563 1213 1616; x_wconf 87' lang='lat' dir='ltr'><em>tuen</em></span> <span class='ocrx_word' id='word_1_145' title='bbox 1221 1555 1333 1636; x_wconf 78' lang='lat' dir='ltr'><em>gioria</em></span> <span class='ocrx_word' id='word_1_146' title='bbox 1343 1555 1415 1617; x_wconf 87' lang='lat' dir='ltr'><em>iilo-</em></span> 
     </span>
     <span class='ocr_line' id='line_1_17' title="bbox 356 1638 1506 1722; baseline -0.002 -19"><span class='ocrx_word' id='word_1_147' title='bbox 356 1661 421 1703; x_wconf 87' lang='lat' dir='ltr'><em>rum</em></span> <span class='ocrx_word' id='word_1_148' title='bbox 433 1661 492 1721; x_wconf 87' lang='lat' dir='ltr'><em>per</em></span> <span class='ocrx_word' id='word_1_149' title='bbox 505 1640 645 1702; x_wconf 79' lang='lat' dir='ltr'><em>virtatem</em></span> <span class='ocrx_word' id='word_1_150' title='bbox 654 1649 769 1720; x_wconf 71' lang='lat' dir='ltr'><em>partie,</em></span> <span class='ocrx_word' id='word_1_151' title='bbox 785 1659 873 1721; x_wconf 86' lang='lat' dir='ltr'><em>quum</em></span> <span class='ocrx_word' id='word_1_152' title='bbox 894 1639 955 1701; x_wconf 91' lang='lat' dir='ltr'><em>sibi</em></span> <span class='ocrx_word' id='word_1_153' title='bbox 968 1640 1104 1702; x_wconf 85' lang='lat' dir='ltr'><em>timorem</em></span> <span class='ocrx_word' id='word_1_154' title='bbox 1122 1638 1337 1722; x_wconf 84' lang='lat' dir='ltr'><em>ignaviamque</em></span> <span class='ocrx_word' id='word_1_155' title='bbox 1348 1662 1414 1703; x_wconf 85' lang='lat' dir='ltr'><em>ser·</em></span> <span class='ocrx_word' id='word_1_156' title='bbox 1505 1651 1506 1712; x_wconf 58' lang='grc' dir='ltr'>ξ</span> 
     </span>
     <span class='ocr_line' id='line_1_18' title="bbox 357 1723 1506 1808; baseline -0.001 -20"><span class='ocrx_word' id='word_1_157' title='bbox 357 1727 464 1789; x_wconf 87' lang='lat' dir='ltr'><em>nitntis</em></span> <span class='ocrx_word' id='word_1_158' title='bbox 475 1726 685 1808; x_wconf 81' lang='lat' dir='ltr'><em>ignominiosae</em></span> <span class='ocrx_word' id='word_1_159' title='bbox 695 1745 828 1787; x_wconf 89' lang='lat' dir='ltr'><em>caussam</em></span> <span class='ocrx_word' id='word_1_160' title='bbox 843 1745 904 1788; x_wconf 87' lang='lat' dir='ltr'><em>esse</em></span> <span class='ocrx_word' id='word_1_161' title='bbox 916 1726 1026 1787; x_wconf 87' lang='lat' dir='ltr'><em>sciant.</em></span> <span class='ocrx_word' id='word_1_162' title='bbox 1056 1723 1253 1800; x_wconf 19' lang='lat' dir='ltr'><em>,Moluemmt</em></span> <span class='ocrx_word' id='word_1_163' title='bbox 1267 1727 1300 1787; x_wconf 89' lang='lat' dir='ltr'><em>in</em></span> <span class='ocrx_word' id='word_1_164' title='bbox 1314 1735 1414 1788; x_wconf 87' lang='lat' dir='ltr'><em>tento-</em></span> <span class='ocrx_word' id='word_1_165' title='bbox 1505 1723 1506 1802; x_wconf 60' lang='grc' dir='ltr'>ξ</span> 
     </span>
     <span class='ocr_line' id='line_1_19' title="bbox 356 1811 1506 1894; baseline 0 -20"><span class='ocrx_word' id='word_1_166' title='bbox 356 1813 416 1874; x_wconf 86' lang='lat' dir='ltr'><em>riis</em></span> <span class='ocrx_word' id='word_1_167' title='bbox 430 1813 559 1874; x_wconf 87' lang='lat' dir='ltr'><em>latentes</em></span> <span class='ocrx_word' id='word_1_168' title='bbox 571 1812 661 1874; x_wconf 85' lang='lat' dir='ltr'><em>simut</em></span> <span class='ocrx_word' id='word_1_169' title='bbox 674 1813 765 1873; x_wconf 87' lang='lat' dir='ltr'><em>lucem</em></span> <span class='ocrx_word' id='word_1_170' title='bbox 777 1819 869 1892; x_wconf 86' lang='lat' dir='ltr'><em>atque</em></span> <span class='ocrx_word' id='word_1_171' title='bbox 877 1811 990 1872; x_wconf 86' lang='lat' dir='ltr'><em>bostem</em></span> <span class='ocrx_word' id='word_1_172' title='bbox 1003 1819 1185 1892; x_wconf 80' lang='lat' dir='ltr'><em>suspectare,</em></span> <span class='ocrx_word' id='word_1_173' title='bbox 1194 1831 1282 1894; x_wconf 85' lang='lat' dir='ltr'><em>queem</em></span> <span class='ocrx_word' id='word_1_174' title='bbox 1292 1811 1417 1874; x_wconf 84' lang='lat' dir='ltr'><em>silentio</em></span> <span class='ocrx_word' id='word_1_175' title='bbox 1505 1823 1506 1850; x_wconf 53' lang='grc' dir='ltr'><strong><em>ι</em></strong></span> 
     </span>
     <span class='ocr_line' id='line_1_20' title="bbox 357 1895 1417 1980; baseline 0.004 -20"><span class='ocrx_word' id='word_1_176' title='bbox 357 1898 455 1960; x_wconf 88' lang='lat' dir='ltr'><em>noctis</em></span> <span class='ocrx_word' id='word_1_177' title='bbox 468 1899 645 1979; x_wconf 87' lang='lat' dir='ltr'><em>erumpendi</em></span> <span class='ocrx_word' id='word_1_178' title='bbox 658 1897 775 1959; x_wconf 88' lang='lat' dir='ltr'><em>occasio</em></span> <span class='ocrx_word' id='word_1_179' title='bbox 784 1905 868 1959; x_wconf 86' lang='lat' dir='ltr'><em>esset.</em></span> <span class='ocrx_word' id='word_1_180' title='bbox 906 1895 949 1958; x_wconf 90' lang='lat' dir='ltr'><em>At</em></span> <span class='ocrx_word' id='word_1_181' title='bbox 958 1897 1038 1958; x_wconf 84' lang='lat' dir='ltr'><em>enine</em></span> <span class='ocrx_word' id='word_1_182' title='bbox 1048 1898 1091 1958; x_wconf 91' lang='lat' dir='ltr'><em>ad</em></span> <span class='ocrx_word' id='word_1_183' title='bbox 1100 1899 1310 1980; x_wconf 89' lang='lat' dir='ltr'><em>erumpendum</em></span> <span class='ocrx_word' id='word_1_184' title='bbox 1321 1919 1417 1965; x_wconf 78' lang='lat' dir='ltr'><em>ecat-</em></span> 
     </span>
     <span class='ocr_line' id='line_1_21' title="bbox 357 1981 1506 2067; baseline 0 -21"><span class='ocrx_word' id='word_1_185' title='bbox 357 1985 417 2047; x_wconf 90' lang='lat' dir='ltr'><em>tris</em></span> <span class='ocrx_word' id='word_1_186' title='bbox 431 1983 531 2067; x_wconf 89' lang='lat' dir='ltr'><em>defuit</em></span> <span class='ocrx_word' id='word_1_187' title='bbox 544 1984 679 2055; x_wconf 85' lang='lat' dir='ltr'><em>animus,·</em></span> <span class='ocrx_word' id='word_1_188' title='bbox 703 1983 747 2044; x_wconf 87' lang='lat' dir='ltr'><em>cd</em></span> <span class='ocrx_word' id='word_1_189' title='bbox 760 1983 890 2044; x_wconf 84' lang='lat' dir='ltr'><em>tutanda</em></span> <span class='ocrx_word' id='word_1_190' title='bbox 900 1981 1036 2064; x_wconf 84' lang='lat' dir='ltr'><em>sortiter</em></span> <span class='ocrx_word' id='word_1_191' title='bbox 1048 1991 1151 2044; x_wconf 85' lang='lat' dir='ltr'><em>castro</em></span> <span class='ocrx_word' id='word_1_192' title='bbox 1171 1984 1303 2045; x_wconf 86' lang='lat' dir='ltr'><em>animum</em></span> <span class='ocrx_word' id='word_1_193' title='bbox 1317 1983 1416 2046; x_wconf 81' lang='lat' dir='ltr'><em>babu-</em></span> <span class='ocrx_word' id='word_1_194' title='bbox 1505 2013 1506 2060; x_wconf 59' lang='grc' dir='ltr'><em>ι</em></span> 
     </span>
     <span class='ocr_line' id='line_1_22' title="bbox 358 2065 1506 2150; baseline -0.001 -18"><span class='ocrx_word' id='word_1_195' title='bbox 358 2079 456 2132; x_wconf 84' lang='lat' dir='ltr'><em>erunt.</em></span> <span class='ocrx_word' id='word_1_196' title='bbox 496 2069 575 2132; x_wconf 83' lang='lat' dir='ltr'><em>Dies</em></span> <span class='ocrx_word' id='word_1_197' title='bbox 589 2077 744 2150; x_wconf 86' lang='lat' dir='ltr'><em>noctesque</em></span> <span class='ocrx_word' id='word_1_198' title='bbox 754 2069 872 2150; x_wconf 84' lang='lat' dir='ltr'><em>aliquot</em></span> <span class='ocrx_word' id='word_1_199' title='bbox 886 2065 1004 2143; x_wconf 81' lang='lat' dir='ltr'><em>obsessi,</em></span> <span class='ocrx_word' id='word_1_200' title='bbox 1017 2069 1128 2130; x_wconf 81' lang='lat' dir='ltr'><em>vallum</em></span> <span class='ocrx_word' id='word_1_201' title='bbox 1139 2069 1244 2144; x_wconf 85' lang='lat' dir='ltr'><em>armis,</em></span> <span class='ocrx_word' id='word_1_202' title='bbox 1253 2090 1284 2132; x_wconf 85' lang='lat' dir='ltr'><em>se</em></span> <span class='ocrx_word' id='word_1_203' title='bbox 1295 2069 1358 2149; x_wconf 75' lang='lat' dir='ltr'><em>ipsi</em></span> <span class='ocrx_word' id='word_1_204' title='bbox 1365 2079 1416 2132; x_wconf 91' lang='lat' dir='ltr'><em>tu·</em></span> <span class='ocrx_word' id='word_1_205' title='bbox 1505 2095 1506 2140; x_wconf 60' lang='grc' dir='ltr'><strong>ς</strong></span> 
     </span>
     <span class='ocr_line' id='line_1_23' title="bbox 318 2151 1506 2250; baseline -0.001 -31"><span class='ocrx_word' id='word_1_206' title='bbox 318 2229 319 2237; x_wconf 15' lang='lat'>¹</span> <span class='ocrx_word' id='word_1_207' title='bbox 357 2157 421 2220; x_wconf 88' lang='lat' dir='ltr'><em>toti</em></span> <span class='ocrx_word' id='word_1_208' title='bbox 434 2155 515 2218; x_wconf 81' lang='lat' dir='ltr'><em>vallo</em></span> <span class='ocrx_word' id='word_1_209' title='bbox 528 2163 617 2218; x_wconf 84' lang='lat' dir='ltr'><em>sunt:</em></span> <span class='ocrx_word' id='word_1_210' title='bbox 639 2155 761 2216; x_wconf 85' lang='lat' dir='ltr'><em>tandem</em></span> <span class='ocrx_word' id='word_1_211' title='bbox 771 2151 879 2216; x_wconf 83' lang='lat' dir='ltr'><em>altimo</em></span> <span class='ocrx_word' id='word_1_212' title='bbox 891 2154 961 2216; x_wconf 85' lang='lat' dir='ltr'><em>ausi</em></span> <span class='ocrx_word' id='word_1_213' title='bbox 968 2154 1125 2236; x_wconf 84' lang='lat' dir='ltr'><em>passique,</em></span> <span class='ocrx_word' id='word_1_214' title='bbox 1136 2173 1229 2250; x_wconf 88' lang='lat' dir='ltr'><em>quum</em></span> <span class='ocrx_word' id='word_1_215' title='bbox 1233 2154 1416 2218; x_wconf 73' lang='lat' dir='ltr'><em>omniomb-</em></span> <span class='ocrx_word' id='word_1_216' title='bbox 1505 2151 1506 2202; x_wconf 59' lang='lat' dir='ltr'><em>b</em></span> 
     </span>
     <span class='ocr_line' id='line_1_24' title="bbox 358 2237 1506 2324; baseline -0.003 -18"><span class='ocrx_word' id='word_1_217' title='bbox 358 2242 441 2306; x_wconf 89' lang='lat' dir='ltr'><em>sidio</em></span> <span class='ocrx_word' id='word_1_218' title='bbox 451 2241 675 2314; x_wconf 83' lang='lat' dir='ltr'><em>uitaeabessent,</em></span> <span class='ocrx_word' id='word_1_219' title='bbox 685 2226 964 2339; x_wconf 79' lang='lat' dir='ltr'><em>acisectisquesome</em></span> <span class='ocrx_word' id='word_1_220' title='bbox 976 2239 1100 2315; x_wconf 86' lang='lat' dir='ltr'><em>uiribus,</em></span> <span class='ocrx_word' id='word_1_221' title='bbox 1113 2237 1275 2323; x_wconf 87' lang='lat' dir='ltr'><em>ormajom</em></span> <span class='ocrx_word' id='word_1_222' title='bbox 1285 2242 1417 2304; x_wconf 77' lang='lat' dir='ltr'><em>stistine-</em></span> <span class='ocrx_word' id='word_1_223' title='bbox 1505 2241 1506 2324; x_wconf 65' lang='lat' dir='ltr'>J</span> 
     </span>
     <span class='ocr_line' id='line_1_25' title="bbox 358 2325 1506 2426; baseline -0.003 -34"><span class='ocrx_word' id='word_1_224' title='bbox 358 2350 393 2392; x_wconf 90' lang='lat' dir='ltr'><em>re</em></span> <span class='ocrx_word' id='word_1_225' title='bbox 407 2330 577 2412; x_wconf 88' lang='lat' dir='ltr'><em>nequirent,</em></span> <span class='ocrx_word' id='word_1_226' title='bbox 593 2325 817 2388; x_wconf 86' lang='lat' dir='ltr'><em>necessitatibus</em></span> <span class='ocrx_word' id='word_1_227' title='bbox 830 2325 928 2408; x_wconf 85' lang='lat' dir='ltr'><em>magis</em></span> <span class='ocrx_word' id='word_1_228' title='bbox 946 2325 1094 2426; x_wconf 83' lang='lat' dir='ltr'><em>bunonis,</em></span> <span class='ocrx_word' id='word_1_229' title='bbox 1110 2347 1199 2408; x_wconf 85' lang='grc' dir='ltr'><strong><em>9ιιαιιι</em></strong></span> <span class='ocrx_word' id='word_1_230' title='bbox 1220 2327 1337 2402; x_wconf 89' lang='lat' dir='ltr'><em>armis,</em></span> <span class='ocrx_word' id='word_1_231' title='bbox 1341 2327 1419 2390; x_wconf 81' lang='lat' dir='ltr'><em>victi</em></span> <span class='ocrx_word' id='word_1_232' title='bbox 1505 2349 1506 2414; x_wconf 47' lang='grc'><strong><em>9</em></strong></span> 
     </span>
     <span class='ocr_line' id='line_1_26' title="bbox 356 2411 1506 2479; baseline -0.003 0.003"><span class='ocrx_word' id='word_1_233' title='bbox 356 2424 439 2479; x_wconf 69' lang='lat' dir='ltr'><em>sunu</em></span> <span class='ocrx_word' id='word_1_234' title='bbox 485 2415 562 2476; x_wconf 85' lang='lat' dir='ltr'><em>Orto</em></span> <span class='ocrx_word' id='word_1_235' title='bbox 572 2414 633 2476; x_wconf 86' lang='lat' dir='ltr'><em>sole</em></span> <span class='ocrx_word' id='word_1_236' title='bbox 646 2412 741 2474; x_wconf 89' lang='lat' dir='ltr'><em>bostis</em></span> <span class='ocrx_word' id='word_1_237' title='bbox 754 2412 798 2472; x_wconf 89' lang='lat' dir='ltr'><em>od</em></span> <span class='ocrx_word' id='word_1_238' title='bbox 811 2411 922 2473; x_wconf 85' lang='lat' dir='ltr'><em>nablum</em></span> <span class='ocrx_word' id='word_1_239' title='bbox 937 2413 1080 2474; x_wconf 80' lang='lat' dir='ltr'><em>accessit.-</em></span> <span class='ocrx_word' id='word_1_240' title='bbox 1047 2413 1347 2474; x_wconf 85' lang='lat' dir='ltr'><em>tantesecundom</em></span> <span class='ocrx_word' id='word_1_241' title='bbox 1361 2413 1417 2476; x_wconf 84' lang='lat' dir='ltr'><em>bo-</em></span> <span class='ocrx_word' id='word_1_242' title='bbox 1505 2417 1506 2476; x_wconf 62' lang='lat' dir='ltr'><em>i</em></span> 
     </span>
     <span class='ocr_line' id='line_1_27' title="bbox 355 2497 1506 2580; baseline -0.002 -18"><span class='ocrx_word' id='word_1_243' title='bbox 355 2513 438 2576; x_wconf 65' lang='lat' dir='ltr'><em>&#39;rann</em></span> <span class='ocrx_word' id='word_1_244' title='bbox 460 2501 574 2580; x_wconf 82' lang='lat' dir='ltr'><em>nuttam</em></span> <span class='ocrx_word' id='word_1_245' title='bbox 591 2498 757 2580; x_wconf 79' lang='lat' dir='ltr'><em>fortunam</em></span> <span class='ocrx_word' id='word_1_246' title='bbox 785 2497 960 2560; x_wconf 84' lang='lat' dir='ltr'><em>certaminis</em></span> <span class='ocrx_word' id='word_1_247' title='bbox 988 2498 1117 2578; x_wconf 84' lang='lat' dir='ltr'><em>eaperti,</em></span> <span class='ocrx_word' id='word_1_248' title='bbox 1139 2498 1334 2560; x_wconf 83' lang='lat' dir='ltr'><em>tradiderunt</em></span> <span class='ocrx_word' id='word_1_249' title='bbox 1363 2521 1418 2560; x_wconf 87' lang='lat' dir='ltr'><em>nr·</em></span> <span class='ocrx_word' id='word_1_250' title='bbox 1505 2511 1506 2580; x_wconf 62' lang='grc' dir='ltr'>ξ</span> 
     </span>
     <span class='ocr_line' id='line_1_28' title="bbox 359 2581 1506 2666; baseline -0.001 -18"><span class='ocrx_word' id='word_1_251' title='bbox 359 2607 410 2648; x_wconf 85' lang='lat' dir='ltr'><em>mn</em></span> <span class='ocrx_word' id='word_1_252' title='bbox 423 2606 462 2648; x_wconf 89' lang='lat' dir='ltr'><em>ac</em></span> <span class='ocrx_word' id='word_1_253' title='bbox 474 2605 506 2646; x_wconf 89' lang='lat' dir='ltr'><em>se</em></span> <span class='ocrx_word' id='word_1_254' title='bbox 520 2586 610 2665; x_wconf 86' lang='lat' dir='ltr'><em>ipsos.</em></span> <span class='ocrx_word' id='word_1_255' title='bbox 655 2583 734 2645; x_wconf 73' lang='lat' dir='ltr'><em>Hoc</em></span> <span class='ocrx_word' id='word_1_256' title='bbox 748 2581 856 2645; x_wconf 86' lang='lat' dir='ltr'><em>nobis&#39;</em></span> <span class='ocrx_word' id='word_1_257' title='bbox 843 2602 973 2663; x_wconf 77' lang='lat' dir='ltr'><em>ipsorum</em></span> <span class='ocrx_word' id='word_1_258' title='bbox 990 2603 1052 2664; x_wconf 88' lang='lat' dir='ltr'><em>per</em></span> <span class='ocrx_word' id='word_1_259' title='bbox 1072 2582 1193 2644; x_wconf 84' lang='lat' dir='ltr'><em>biduum</em></span> <span class='ocrx_word' id='word_1_260' title='bbox 1207 2583 1322 2646; x_wconf 83' lang='lat' dir='ltr'><em>militia</em></span> <span class='ocrx_word' id='word_1_261' title='bbox 1331 2583 1417 2666; x_wconf 81' lang='lat' dir='ltr'><em>suit</em></span> <span class='ocrx_word' id='word_1_262' title='bbox 1505 2581 1506 2654; x_wconf 56' lang='grc' dir='ltr'>ἒ</span> 
     </span>
     <span class='ocr_line' id='line_1_29' title="bbox 289 2668 1506 2754; baseline 0.002 -22"><span class='ocrx_word' id='word_1_263' title='bbox 289 2677 292 2684; x_wconf 76' lang='grc'><strong>”</strong></span> <span class='ocrx_word' id='word_1_264' title='bbox 359 2691 448 2754; x_wconf 88' lang='grc' dir='ltr'><strong><em>9ιιιιιιι</em></strong></span> <span class='ocrx_word' id='word_1_265' title='bbox 463 2671 497 2732; x_wconf 90' lang='lat' dir='ltr'><em>in</em></span> <span class='ocrx_word' id='word_1_266' title='bbox 511 2671 619 2732; x_wconf 87' lang='lat' dir='ltr'><em>ociest</em></span> <span class='ocrx_word' id='word_1_267' title='bbox 620 2690 674 2730; x_wconf 89' lang='lat' dir='ltr'><em>are</em></span> <span class='ocrx_word' id='word_1_268' title='bbox 688 2689 725 2729; x_wconf 87' lang='lat' dir='ltr'><em>ac</em></span> <span class='ocrx_word' id='word_1_269' title='bbox 733 2687 876 2750; x_wconf 83' lang='lat' dir='ltr'><em>pugnare</em></span> <span class='ocrx_word' id='word_1_270' title='bbox 890 2668 1041 2742; x_wconf 86' lang='lat' dir='ltr'><em>decuerat,</em></span> <span class='ocrx_word' id='word_1_271' title='bbox 1055 2677 1117 2730; x_wconf 87' lang='lat' dir='ltr'><em>tum</em></span> <span class='ocrx_word' id='word_1_272' title='bbox 1131 2669 1166 2732; x_wconf 88' lang='lat' dir='ltr'><em>in</em></span> <span class='ocrx_word' id='word_1_273' title='bbox 1180 2678 1282 2731; x_wconf 87' lang='lat' dir='ltr'><em>castro</em></span> <span class='ocrx_word' id='word_1_274' title='bbox 1295 2671 1419 2754; x_wconf 70' lang='lat' dir='ltr'><em>refinge-</em></span> <span class='ocrx_word' id='word_1_275' title='bbox 1505 2671 1506 2734; x_wconf 71' lang='grc' dir='ltr'>ἶ</span> 
     </span>
     <span class='ocr_line' id='line_1_30' title="bbox 357 2751 1506 2856; baseline -0.003 -36"><span class='ocrx_word' id='word_1_276' title='bbox 357 2766 452 2820; x_wconf 84' lang='lat' dir='ltr'><em>runt.</em></span> <span class='ocrx_word' id='word_1_277' title='bbox 475 2775 564 2856; x_wconf 71' lang='lat' dir='ltr'><em>qurum</em></span> <span class='ocrx_word' id='word_1_278' title='bbox 572 2775 635 2836; x_wconf 90' lang='lat' dir='ltr'><em>pro</em></span> <span class='ocrx_word' id='word_1_279' title='bbox 646 2755 698 2816; x_wconf 82' lang='lat' dir='ltr'><em>vo</em></span> <span class='ocrx_word' id='word_1_280' title='bbox 697 2755 727 2814; x_wconf 90' lang='lat' dir='ltr'><em>o</em></span> <span class='ocrx_word' id='word_1_281' title='bbox 732 2751 930 2836; x_wconf 88' lang='lat' dir='ltr'><em>pugnandum</em></span> <span class='ocrx_word' id='word_1_282' title='bbox 943 2762 1012 2816; x_wconf 91' lang='lat' dir='ltr'><em>erat</em></span> <span class='ocrx_word' id='word_1_283' title='bbox 1012 2763 1135 2831; x_wconf 85' lang='lat' dir='ltr'><em>castro</em></span> <span class='ocrx_word' id='word_1_284' title='bbox 1146 2756 1419 2830; x_wconf 78' lang='lat' dir='ltr'><em>tradiderunt,</em></span> <span class='ocrx_word' id='word_1_285' title='bbox 1505 2805 1506 2826; x_wconf 62' lang='grc'>,</span> 
     </span>
     <span class='ocr_line' id='line_1_31' title="bbox 360 2830 1506 2926; baseline 0 -20"><span class='ocrx_word' id='word_1_286' title='bbox 360 2843 462 2926; x_wconf 82' lang='lat' dir='ltr'><em>quein</em></span> <span class='ocrx_word' id='word_1_287' title='bbox 476 2863 544 2904; x_wconf 87' lang='lat' dir='ltr'><em>acre</em></span> <span class='ocrx_word' id='word_1_288' title='bbox 557 2859 652 2922; x_wconf 86' lang='lat' dir='ltr'><em>neque</em></span> <span class='ocrx_word' id='word_1_289' title='bbox 661 2859 695 2902; x_wconf 86' lang='grc' dir='ltr'><em>ιιι</em></span> <span class='ocrx_word' id='word_1_290' title='bbox 709 2847 774 2901; x_wconf 90' lang='lat' dir='ltr'><em>cas</em></span> <span class='ocrx_word' id='word_1_291' title='bbox 774 2859 820 2900; x_wconf 79' lang='grc' dir='ltr'><em>ιιι</em></span> <span class='ocrx_word' id='word_1_292' title='bbox 761 2839 927 2902; x_wconf 76' lang='lat' dir='ltr'><em>utiles</em></span> <span class='ocrx_word' id='word_1_293' title='bbox 956 2838 1014 2902; x_wconf 88' lang='lat' dir='ltr'><em>Vos</em></span> <span class='ocrx_word' id='word_1_294' title='bbox 1023 2841 1196 2902; x_wconf 62' lang='lat' dir='ltr'><em>redimam?</em></span> <span class='ocrx_word' id='word_1_295' title='bbox 1220 2861 1307 2923; x_wconf 84' lang='lat' dir='ltr'><em>quum</em></span> <span class='ocrx_word' id='word_1_296' title='bbox 1319 2863 1418 2906; x_wconf 80' lang='lat' dir='ltr'><em>num·</em></span> <span class='ocrx_word' id='word_1_297' title='bbox 1505 2830 1506 2908; x_wconf 72' lang='lat' dir='ltr'><em>i</em></span> 
     </span>
     <span class='ocr_line' id='line_1_32' title="bbox 263 2919 1506 3026; baseline 0 -36"><span class='ocrx_word' id='word_1_298' title='bbox 263 2919 268 2928; x_wconf 55' lang='lat'><strong><em>⁴</em></strong></span> <span class='ocrx_word' id='word_1_299' title='bbox 354 2949 433 3010; x_wconf 87' lang='lat' dir='ltr'><em>pere</em></span> <span class='ocrx_word' id='word_1_300' title='bbox 446 2937 510 2990; x_wconf 87' lang='lat' dir='ltr'><em>cast</em></span> <span class='ocrx_word' id='word_1_301' title='bbox 511 2929 556 2989; x_wconf 88' lang='lat' dir='ltr'><em>ris</em></span> <span class='ocrx_word' id='word_1_302' title='bbox 576 2935 664 3026; x_wconf 89' lang='lat' dir='ltr'><em>oport</em></span> <span class='ocrx_word' id='word_1_303' title='bbox 651 2933 705 3002; x_wconf 89' lang='lat' dir='ltr'><em>t,et</em></span> <span class='ocrx_word' id='word_1_304' title='bbox 720 2925 905 2987; x_wconf 87' lang='lat' dir='ltr'><em>cunctamini</em></span> <span class='ocrx_word' id='word_1_305' title='bbox 918 2945 955 2986; x_wconf 88' lang='lat' dir='ltr'><em>oc</em></span> <span class='ocrx_word' id='word_1_306' title='bbox 969 2926 1116 2988; x_wconf 85' lang='lat' dir='ltr'><em>manetis.-</em></span> <span class='ocrx_word' id='word_1_307' title='bbox 1139 2923 1260 3008; x_wconf 71' lang='lat' dir='ltr'><em>13quum</em></span> <span class='ocrx_word' id='word_1_308' title='bbox 1281 2947 1415 3026; x_wconf 80' lang='lat' dir='ltr'><em>monere,</em></span> <span class='ocrx_word' id='word_1_309' title='bbox 1505 2927 1506 2996; x_wconf 63' lang='grc' dir='ltr'><em>ἕ</em></span> 
     </span>
     <span class='ocr_line' id='line_1_33' title="bbox 360 3012 1506 3094; baseline -0.005 -18"><span class='ocrx_word' id='word_1_310' title='bbox 360 3017 484 3076; x_wconf 69' lang='lat' dir='ltr'><em>castra¹</em></span> <span class='ocrx_word' id='word_1_311' title='bbox 498 3013 598 3074; x_wconf 85' lang='lat' dir='ltr'><em>tutori</em></span> <span class='ocrx_word' id='word_1_312' title='bbox 611 3012 706 3074; x_wconf 88' lang='lat' dir='ltr'><em>armis</em></span> <span class='ocrx_word' id='word_1_313' title='bbox 720 3031 834 3074; x_wconf 87' lang='lat' dir='ltr'><em>necesse</em></span> <span class='ocrx_word' id='word_1_314' title='bbox 842 3019 904 3081; x_wconf 81' lang='lat' dir='ltr'><em>est,-</em></span> <span class='ocrx_word' id='word_1_315' title='bbox 929 3020 960 3073; x_wconf 92' lang='lat' dir='ltr'><em>et</em></span> <span class='ocrx_word' id='word_1_316' title='bbox 973 3020 1075 3074; x_wconf 91' lang='lat' dir='ltr'><em>costra</em></span> <span class='ocrx_word' id='word_1_317' title='bbox 1087 3020 1116 3072; x_wconf 90' lang='lat' dir='ltr'><em>et</em></span> <span class='ocrx_word' id='word_1_318' title='bbox 1126 3033 1213 3073; x_wconf 83' lang='lat' dir='ltr'><em>arma</em></span> <span class='ocrx_word' id='word_1_319' title='bbox 1229 3021 1258 3074; x_wconf 90' lang='lat' dir='ltr'><em>et</em></span> <span class='ocrx_word' id='word_1_320' title='bbox 1272 3031 1324 3076; x_wconf 83' lang='lat' dir='ltr'><em>vos</em></span> <span class='ocrx_word' id='word_1_321' title='bbox 1335 3014 1416 3094; x_wconf 85' lang='lat' dir='ltr'><em>ipsos</em></span> <span class='ocrx_word' id='word_1_322' title='bbox 1505 3019 1506 3070; x_wconf 77' lang='grc' dir='ltr'><em>ι</em></span> 
     </span>
     <span class='ocr_line' id='line_1_34' title="bbox 360 3097 1506 3180; baseline 0 -19"><span class='ocrx_word' id='word_1_323' title='bbox 360 3100 489 3162; x_wconf 89' lang='lat' dir='ltr'><em>traditis</em></span> <span class='ocrx_word' id='word_1_324' title='bbox 508 3097 599 3160; x_wconf 80' lang='lat' dir='ltr'><em>hosti.</em></span> <span class='ocrx_word' id='word_1_325' title='bbox 642 3099 713 3180; x_wconf 85' lang='lat' dir='ltr'><em>Ego</em></span> <span class='ocrx_word' id='word_1_326' title='bbox 727 3116 786 3158; x_wconf 89' lang='lat' dir='ltr'><em>non</em></span> <span class='ocrx_word' id='word_1_327' title='bbox 802 3097 900 3179; x_wconf 90' lang='lat' dir='ltr'><em>magis</em></span> <span class='ocrx_word' id='word_1_328' title='bbox 919 3097 992 3159; x_wconf 87' lang='lat' dir='ltr'><em>istos</em></span> <span class='ocrx_word' id='word_1_329' title='bbox 1005 3098 1203 3170; x_wconf 87' lang='lat' dir='ltr'><em>redimendos,</em></span> <span class='ocrx_word' id='word_1_330' title='bbox 1217 3098 1332 3161; x_wconf 88' lang='lat' dir='ltr'><em>Patres</em></span> <span class='ocrx_word' id='word_1_331' title='bbox 1346 3121 1416 3161; x_wconf 87' lang='lat' dir='ltr'><em>coa·</em></span> <span class='ocrx_word' id='word_1_332' title='bbox 1505 3099 1506 3108; x_wconf 45' lang='lat'><strong>³</strong></span> 
     </span>
     <span class='ocr_line' id='line_1_35' title="bbox 361 3181 1418 3266; baseline 0.001 -19"><span class='ocrx_word' id='word_1_333' title='bbox 361 3185 480 3266; x_wconf 89' lang='lat' dir='ltr'><em>scripti,</em></span> <span class='ocrx_word' id='word_1_334' title='bbox 496 3205 608 3262; x_wconf 90' lang='lat' dir='ltr'><em>censeo,</em></span> <span class='ocrx_word' id='word_1_335' title='bbox 621 3204 710 3266; x_wconf 86' lang='lat' dir='ltr'><em>quom</em></span> <span class='ocrx_word' id='word_1_336' title='bbox 726 3183 794 3244; x_wconf 85' lang='lat' dir='ltr'><em>illos</em></span> <span class='ocrx_word' id='word_1_337' title='bbox 809 3183 959 3245; x_wconf 87' lang='lat' dir='ltr'><em>dedendos</em></span> <span class='ocrx_word' id='word_1_338' title='bbox 968 3181 1151 3245; x_wconf 86' lang='lat' dir='ltr'><em>Hannibal&#39;</em></span> <span class='ocrx_word' id='word_1_339' title='bbox 1124 3185 1159 3258; x_wconf 82' lang='lat' dir='ltr'><em>tr,</em></span> <span class='ocrx_word' id='word_1_340' title='bbox 1171 3184 1226 3265; x_wconf 86' lang='lat' dir='ltr'><em>qui</em></span> <span class='ocrx_word' id='word_1_341' title='bbox 1234 3205 1294 3265; x_wconf 92' lang='lat' dir='ltr'><em>per</em></span> <span class='ocrx_word' id='word_1_342' title='bbox 1304 3187 1418 3248; x_wconf 89' lang='lat' dir='ltr'><em>medios</em></span> 
     </span>
     <span class='ocr_line' id='line_1_36' title="bbox 360 3269 1506 3352; baseline 0.001 -20"><span class='ocrx_word' id='word_1_343' title='bbox 360 3271 458 3334; x_wconf 79' lang='lat' dir='ltr'><em>hostes</em></span> <span class='ocrx_word' id='word_1_344' title='bbox 473 3293 489 3334; x_wconf 89' lang='lat' dir='ltr'><em>e</em></span> <span class='ocrx_word' id='word_1_345' title='bbox 502 3271 612 3334; x_wconf 88' lang='lat' dir='ltr'><em>castris</em></span> <span class='ocrx_word' id='word_1_346' title='bbox 626 3277 800 3352; x_wconf 89' lang='lat' dir='ltr'><em>eruperunt,</em></span> <span class='ocrx_word' id='word_1_347' title='bbox 815 3289 852 3330; x_wconf 90' lang='lat' dir='ltr'><em>ac</em></span> <span class='ocrx_word' id='word_1_348' title='bbox 867 3289 929 3350; x_wconf 92' lang='lat' dir='ltr'><em>per</em></span> <span class='ocrx_word' id='word_1_349' title='bbox 941 3289 1082 3331; x_wconf 87' lang='lat' dir='ltr'><em>summam</em></span> <span class='ocrx_word' id='word_1_350' title='bbox 1099 3269 1297 3344; x_wconf 80' lang='lat' dir='ltr'><em>virtatemse</em></span> <span class='ocrx_word' id='word_1_351' title='bbox 1302 3273 1419 3350; x_wconf 83' lang='lat' dir='ltr'><em>petrice</em></span> <span class='ocrx_word' id='word_1_352' title='bbox 1505 3293 1506 3324; x_wconf 73' lang='lat'>1</span> 
     </span>
     <span class='ocr_line' id='line_1_37' title="bbox 357 3353 569 3421; baseline -0.011 -0.957"><span class='ocrx_word' id='word_1_353' title='bbox 357 3353 569 3421; x_wconf 85' lang='lat' dir='ltr'><em>restituerunt.</em></span> 
     </span>
    </p>
   </div>
   <div class='ocr_carea' id='block_1_3' title="bbox 199 3437 1506 3758">
    <p class='ocr_par' dir='ltr' id='par_1_3' title="bbox 199 3411 1506 3758">
     <span class='ocr_line' id='line_1_38' title="bbox 202 3437 1417 3526; baseline 0 -20"><span class='ocrx_word' id='word_1_354' title='bbox 202 3477 304 3525; x_wconf 49' lang='lat' dir='ltr'><em>snm„</em></span> <span class='ocrx_word' id='word_1_355' title='bbox 405 3441 501 3506; x_wconf 92' lang='lat' dir='ltr'><em>LXI.</em></span> <span class='ocrx_word' id='word_1_356' title='bbox 527 3441 695 3526; x_wconf 81' lang='lat' dir='ltr'><em>Postquam</em></span> <span class='ocrx_word' id='word_1_357' title='bbox 714 3439 855 3504; x_wconf 84' lang='lat' dir='ltr'><em>Manlius</em></span> <span class='ocrx_word' id='word_1_358' title='bbox 871 3437 961 3515; x_wconf 86' lang='lat' dir='ltr'><em>dixit,</em></span> <span class='ocrx_word' id='word_1_359' title='bbox 978 3459 1168 3524; x_wconf 83' lang='lat' dir='ltr'><em>quamquam</em></span> <span class='ocrx_word' id='word_1_360' title='bbox 1189 3439 1320 3503; x_wconf 79' lang='lat' dir='ltr'><em>Petrum</em></span> <span class='ocrx_word' id='word_1_361' title='bbox 1338 3461 1417 3526; x_wconf 87' lang='lat' dir='ltr'><em>quo·</em></span> 
     </span>
     <span class='ocr_line' id='line_1_39' title="bbox 199 3523 1506 3626; baseline 0.003 -38"><span class='ocrx_word' id='word_1_362' title='bbox 199 3544 345 3610; x_wconf 69' lang='lat' dir='ltr'><em>censetcnp</em></span> <span class='ocrx_word' id='word_1_363' title='bbox 360 3551 422 3615; x_wconf 89' lang='lat' dir='ltr'><em>que</em></span> <span class='ocrx_word' id='word_1_364' title='bbox 438 3527 601 3614; x_wconf 83' lang='lat' dir='ltr'><em>plerosque</em></span> <span class='ocrx_word' id='word_1_365' title='bbox 616 3539 688 3610; x_wconf 85' lang='lat' dir='ltr'><em>capt</em></span> <span class='ocrx_word' id='word_1_366' title='bbox 690 3526 732 3588; x_wconf 85' lang='lat' dir='ltr'><em>ivi</em></span> <span class='ocrx_word' id='word_1_367' title='bbox 746 3526 935 3624; x_wconf 84' lang='lat' dir='ltr'><em>cognatione</em></span> <span class='ocrx_word' id='word_1_368' title='bbox 941 3523 1164 3610; x_wconf 80' lang='lat' dir='ltr'><em>adtingebant,</em></span> <span class='ocrx_word' id='word_1_369' title='bbox 1180 3539 1296 3626; x_wconf 80' lang='lat' dir='ltr'><em>praeter</em></span> <span class='ocrx_word' id='word_1_370' title='bbox 1310 3549 1419 3592; x_wconf 85' lang='lat' dir='ltr'><em>exem·</em></span> <span class='ocrx_word' id='word_1_371' title='bbox 1505 3551 1506 3608; x_wconf 62' lang='grc' dir='ltr'><strong>ς</strong></span> 
     </span>
     <span class='ocr_line' id='line_1_40' title="bbox 199 3608 1506 3758; baseline 0 -80"><span class='ocrx_word' id='word_1_372' title='bbox 199 3608 262 3653; x_wconf 71' lang='lat' dir='ltr'>‘¹V⁰⁵</span> <span class='ocrx_word' id='word_1_373' title='bbox 273 3620 321 3654; x_wconf 72' lang='lat'><em>”⁰¹¹</em></span> <span class='ocrx_word' id='word_1_374' title='bbox 312 3616 450 3711; x_wconf 88' lang='lat' dir='ltr'><em>plum</em></span> <span class='ocrx_word' id='word_1_375' title='bbox 466 3615 599 3679; x_wconf 81' lang='lat' dir='ltr'><em>civitatis</em></span> <span class='ocrx_word' id='word_1_376' title='bbox 613 3613 742 3676; x_wconf 88' lang='lat' dir='ltr'><em>minime</em></span> <span class='ocrx_word' id='word_1_377' title='bbox 756 3613 790 3676; x_wconf 90' lang='lat' dir='ltr'><em>in</em></span> <span class='ocrx_word' id='word_1_378' title='bbox 805 3612 944 3696; x_wconf 81' lang='lat' dir='ltr'><em>captivos</em></span> <span class='ocrx_word' id='word_1_379' title='bbox 953 3612 1041 3758; x_wconf 52' lang='lat' dir='ltr'><em>bam·</em></span> <span class='ocrx_word' id='word_1_380' title='bbox 1037 3611 1111 3674; x_wconf 85' lang='lat' dir='ltr'><em>inde</em></span> <span class='ocrx_word' id='word_1_381' title='bbox 1125 3612 1317 3713; x_wconf 40' lang='lat' dir='ltr'><em>antiquitus.</em></span> <span class='ocrx_word' id='word_1_382' title='bbox 1312 3613 1418 3678; x_wconf 91' lang='lat' dir='ltr'><em>indul·</em></span> <span class='ocrx_word' id='word_1_383' title='bbox 1505 3639 1506 3666; x_wconf 53' lang='grc' dir='ltr'><em>ι</em></span> 
     </span>
    </p>
   </div>
   <div class='ocr_carea' id='block_1_4' title="bbox 108 3697 1506 3872">
    <p class='ocr_par' dir='ltr' id='par_1_4' title="bbox 108 3697 1506 3872">
     <span class='ocr_line' id='line_1_41' title="bbox 108 3697 1506 3788; baseline -0.001 -22"><span class='ocrx_word' id='word_1_384' title='bbox 108 3721 114 3734; x_wconf 78' lang='lat'><strong>·</strong></span> <span class='ocrx_word' id='word_1_385' title='bbox 198 3739 308 3787; x_wconf 61' lang='lat' dir='ltr'><em>md„</em></span> <span class='ocrx_word' id='word_1_386' title='bbox 360 3704 473 3788; x_wconf 74' lang='lat' dir='ltr'><em>gentio,</em></span> <span class='ocrx_word' id='word_1_387' title='bbox 500 3701 644 3786; x_wconf 88' lang='lat' dir='ltr'><em>pecuniae</em></span> <span class='ocrx_word' id='word_1_388' title='bbox 668 3719 793 3784; x_wconf 87' lang='lat' dir='ltr'><em>quoque</em></span> <span class='ocrx_word' id='word_1_389' title='bbox 816 3719 937 3761; x_wconf 86' lang='lat' dir='ltr'><em>summa</em></span> <span class='ocrx_word' id='word_1_390' title='bbox 979 3697 1099 3760; x_wconf 86' lang='lat' dir='ltr'><em>omines</em></span> <span class='ocrx_word' id='word_1_391' title='bbox 1123 3697 1240 3760; x_wconf 87' lang='lat' dir='ltr'><em>movit:</em></span> <span class='ocrx_word' id='word_1_392' title='bbox 1264 3699 1359 3782; x_wconf 87' lang='lat' dir='ltr'><em>quia</em></span> <span class='ocrx_word' id='word_1_393' title='bbox 1349 3721 1420 3764; x_wconf 86' lang='lat' dir='ltr'><em>nec</em></span> <span class='ocrx_word' id='word_1_394' title='bbox 1505 3699 1506 3780; x_wconf 39' lang='grc' dir='ltr'><strong><em>ι</em></strong></span> 
     </span>
     <span class='ocr_line' id='line_1_42' title="bbox 362 3785 1506 3872; baseline 0 -22"><span class='ocrx_word' id='word_1_395' title='bbox 362 3789 510 3851; x_wconf 82' lang='lat' dir='ltr'><em>aerarium</em></span> <span class='ocrx_word' id='word_1_396' title='bbox 525 3786 711 3864; x_wconf 81' lang='lat' dir='ltr'><em>exhaurire,</em></span> <span class='ocrx_word' id='word_1_397' title='bbox 717 3807 834 3872; x_wconf 82' lang='lat' dir='ltr'><em>magna</em></span> <span class='ocrx_word' id='word_1_398' title='bbox 847 3785 915 3869; x_wconf 83' lang='lat' dir='ltr'><em>jam</em></span> <span class='ocrx_word' id='word_1_399' title='bbox 931 3805 1052 3846; x_wconf 82' lang='lat' dir='ltr'><em>summa</em></span> <span class='ocrx_word' id='word_1_400' title='bbox 1066 3797 1194 3870; x_wconf 82' lang='lat' dir='ltr'><em>erogata</em></span> <span class='ocrx_word' id='word_1_401' title='bbox 1208 3785 1241 3848; x_wconf 90' lang='lat' dir='ltr'><em>in</em></span> <span class='ocrx_word' id='word_1_402' title='bbox 1256 3807 1361 3858; x_wconf 79' lang='lat' dir='ltr'><em>servos</em></span> <span class='ocrx_word' id='word_1_403' title='bbox 1376 3785 1417 3850; x_wconf 84' lang='lat' dir='ltr'><em>ad</em></span> <span class='ocrx_word' id='word_1_404' title='bbox 1505 3823 1506 3860; x_wconf 66' lang='lat'>1</span> 
     </span>
    </p>
   </div>
   <div class='ocr_carea' id='block_1_5' title="bbox 781 3924 999 3976">
    <p class='ocr_par' dir='ltr' id='par_1_5' title="bbox 781 3924 999 3976">
     <span class='ocr_line' id='line_1_43' title="bbox 781 3924 999 3976; baseline -0.01 0"><span class='ocrx_word' id='word_1_405' title='bbox 781 3924 826 3976; x_wconf 79' lang='lat' dir='ltr'><em>ka</em></span> <span class='ocrx_word' id='word_1_406' title='bbox 837 3933 914 3976; x_wconf 82' lang='lat' dir='ltr'><em>castre</em></span> <span class='ocrx_word' id='word_1_407' title='bbox 925 3929 999 3975; x_wconf 85' lang='lat' dir='ltr'><em>Gron.</em></span> 
     </span>
    </p>
   </div>
   <div class='ocr_carea' id='block_1_6' title="bbox 361 4051 1506 4396">
    <p class='ocr_par' dir='ltr' id='par_1_6' title="bbox 361 4051 1506 4396">
     <span class='ocr_line' id='line_1_44' title="bbox 397 4051 1506 4138; baseline -0.002 -11"><span class='ocrx_word' id='word_1_408' title='bbox 397 4081 426 4127; x_wconf 77' lang='lat' dir='ltr'><em>ln</em></span> <span class='ocrx_word' id='word_1_409' title='bbox 444 4079 504 4126; x_wconf 80' lang='lat' dir='ltr'><em>Nisi</em></span> <span class='ocrx_word' id='word_1_410' title='bbox 525 4079 576 4138; x_wconf 73' lang='lat' dir='ltr'><em>qais</em></span> <span class='ocrx_word' id='word_1_411' title='bbox 593 4077 682 4124; x_wconf 81' lang='lat' dir='ltr'><em>credere</em></span> <span class='ocrx_word' id='word_1_412' title='bbox 698 4051 772 4136; x_wconf 75' lang='lat' dir='ltr'><em>poteit</em></span> <span class='ocrx_word' id='word_1_413' title='bbox 786 4074 875 4138; x_wconf 62' lang='lat' dir='ltr'><em>subsc,</em></span> <span class='ocrx_word' id='word_1_414' title='bbox 906 4081 1034 4134; x_wconf 80' lang='lat' dir='ltr'><em>postquam</em></span> <span class='ocrx_word' id='word_1_415' title='bbox 1053 4074 1157 4122; x_wconf 65' lang='lat' dir='ltr'><em>obstitere</em></span> <span class='ocrx_word' id='word_1_416' title='bbox 1175 4077 1250 4122; x_wconf 80' lang='lat' dir='ltr'><em>eonati</em></span> <span class='ocrx_word' id='word_1_417' title='bbox 1268 4081 1324 4124; x_wconf 81' lang='lat' dir='ltr'><em>sunt</em></span> <span class='ocrx_word' id='word_1_418' title='bbox 1341 4092 1418 4126; x_wconf 79' lang='grc' dir='ltr'><strong><em>ιιιιιιι-</em></strong></span> <span class='ocrx_word' id='word_1_419' title='bbox 1505 4073 1506 4078; x_wconf 69' lang='grc'>’</span> 
     </span>
     <span class='ocr_line' id='line_1_45' title="bbox 361 4139 1404 4210; baseline -0.003 -19"><span class='ocrx_word' id='word_1_420' title='bbox 361 4145 401 4210; x_wconf 86' lang='grc' dir='ltr'><strong><em>ιιι]</em></strong></span> <span class='ocrx_word' id='word_1_421' title='bbox 420 4145 490 4190; x_wconf 68' lang='lat' dir='ltr'><em>Hie-c</em></span> <span class='ocrx_word' id='word_1_422' title='bbox 498 4143 570 4203; x_wconf 74' lang='lat' dir='ltr'><em>paulo</em></span> <span class='ocrx_word' id='word_1_423' title='bbox 588 4141 736 4188; x_wconf 70' lang='lat' dir='ltr'><em>intricatione</em></span> <span class='ocrx_word' id='word_1_424' title='bbox 751 4145 815 4187; x_wconf 88' lang='lat' dir='ltr'><em>sunt.</em></span> <span class='ocrx_word' id='word_1_425' title='bbox 849 4139 875 4185; x_wconf 88' lang='lat' dir='ltr'><em>Si</em></span> <span class='ocrx_word' id='word_1_426' title='bbox 902 4139 1010 4198; x_wconf 79' lang='lat' dir='ltr'><em>pentibus</em></span> <span class='ocrx_word' id='word_1_427' title='bbox 1020 4139 1112 4185; x_wconf 72' lang='lat' dir='ltr'><em>ensibus</em></span> <span class='ocrx_word' id='word_1_428' title='bbox 1119 4151 1169 4186; x_wconf 74' lang='lat' dir='ltr'><em>suus</em></span> <span class='ocrx_word' id='word_1_429' title='bbox 1170 4140 1240 4199; x_wconf 79' lang='grc' dir='ltr'><strong><em>,9ιιιιι</em></strong></span> <span class='ocrx_word' id='word_1_430' title='bbox 1250 4148 1404 4202; x_wconf 80' lang='lat' dir='ltr'><em>erumperent.</em></span> 
     </span>
     <span class='ocr_line' id='line_1_46' title="bbox 362 4200 1419 4275; baseline -0.001 -19"><span class='ocrx_word' id='word_1_431' title='bbox 362 4211 423 4256; x_wconf 81' lang='lat' dir='ltr'><em>nihil</em></span> <span class='ocrx_word' id='word_1_432' title='bbox 437 4209 518 4256; x_wconf 84' lang='lat' dir='ltr'><em>mendi</em></span> <span class='ocrx_word' id='word_1_433' title='bbox 535 4209 615 4254; x_wconf 78' lang='lat' dir='ltr'><em>subest</em></span> <span class='ocrx_word' id='word_1_434' title='bbox 617 4218 729 4264; x_wconf 83' lang='lat' dir='ltr'><em>,expone</em></span> <span class='ocrx_word' id='word_1_435' title='bbox 745 4219 801 4257; x_wconf 87' lang='lat' dir='ltr'><em>cum</em></span> <span class='ocrx_word' id='word_1_436' title='bbox 814 4205 874 4252; x_wconf 84' lang='lat' dir='ltr'><em>Gro-</em></span> <span class='ocrx_word' id='word_1_437' title='bbox 941 4202 979 4249; x_wconf 86' lang='lat'><em>13</em></span> <span class='ocrx_word' id='word_1_438' title='bbox 988 4200 1066 4255; x_wconf 83' lang='lat' dir='ltr'><em>Qerurn</em></span> <span class='ocrx_word' id='word_1_439' title='bbox 1095 4218 1196 4275; x_wconf 78' lang='lat' dir='ltr'><em>mpncrc,</em></span> <span class='ocrx_word' id='word_1_440' title='bbox 1227 4208 1303 4251; x_wconf 75' lang='lat' dir='ltr'><em>caetea</em></span> <span class='ocrx_word' id='word_1_441' title='bbox 1333 4207 1419 4269; x_wconf 79' lang='lat' dir='ltr'><em>taturi]</em></span> 
     </span>
     <span class='ocr_line' id='line_1_47' title="bbox 362 4265 1420 4331; baseline -0.002 -10"><span class='ocrx_word' id='word_1_442' title='bbox 362 4275 449 4321; x_wconf 68' lang='lat' dir='ltr'><em>noviss</em></span> <span class='ocrx_word' id='word_1_443' title='bbox 474 4271 600 4331; x_wconf 74' lang='lat' dir='ltr'><em>Nisiqutn</em></span> <span class='ocrx_word' id='word_1_444' title='bbox 614 4269 703 4316; x_wconf 74' lang='lat' dir='ltr'><em>medere</em></span> <span class='ocrx_word' id='word_1_445' title='bbox 713 4268 874 4329; x_wconf 80' lang='lat' dir='ltr'><em>potestsuiscn</em></span> <span class='ocrx_word' id='word_1_446' title='bbox 908 4267 971 4314; x_wconf 85' lang='lat' dir='ltr'><em>Hine</em></span> <span class='ocrx_word' id='word_1_447' title='bbox 991 4279 1086 4326; x_wconf 84' lang='lat' dir='ltr'><em>quoque</em></span> <span class='ocrx_word' id='word_1_448' title='bbox 1104 4265 1218 4328; x_wconf 81' lang='lat' dir='ltr'><em>ejecimus</em></span> <span class='ocrx_word' id='word_1_449' title='bbox 1234 4271 1420 4330; x_wconf 76' lang='lat' dir='ltr'><em>purtiedlnmrt,</em></span> 
     </span>
     <span class='ocr_line' id='line_1_48' title="bbox 361 4330 1316 4396; baseline -0.008 -9"><span class='ocrx_word' id='word_1_450' title='bbox 361 4353 403 4386; x_wconf 77' lang='lat' dir='ltr'><em>eos</em></span> <span class='ocrx_word' id='word_1_451' title='bbox 417 4341 492 4387; x_wconf 87' lang='lat' dir='ltr'><em>bonos</em></span> <span class='ocrx_word' id='word_1_452' title='bbox 511 4338 640 4396; x_wconf 81' lang='lat' dir='ltr'><em>fidelesque</em></span> <span class='ocrx_word' id='word_1_453' title='bbox 656 4335 730 4392; x_wconf 80' lang='lat' dir='ltr'><em>cives,</em></span> <span class='ocrx_word' id='word_1_454' title='bbox 740 4337 775 4388; x_wconf 85' lang='lat' dir='ltr'><em>at,</em></span> <span class='ocrx_word' id='word_1_455' title='bbox 787 4334 812 4379; x_wconf 89' lang='lat' dir='ltr'><em>id</em></span> <span class='ocrx_word' id='word_1_456' title='bbox 828 4337 873 4385; x_wconf 82' lang='lat' dir='ltr'><em>est,</em></span> <span class='ocrx_word' id='word_1_457' title='bbox 906 4337 1002 4377; x_wconf 77' lang='lat' dir='ltr'><em>auctore</em></span> <span class='ocrx_word' id='word_1_458' title='bbox 1015 4330 1068 4377; x_wconf 76' lang='lat' dir='ltr'><em>Pus</em></span> <span class='ocrx_word' id='word_1_459' title='bbox 1081 4333 1168 4379; x_wconf 84' lang='lat' dir='ltr'><em>codice.</em></span> <span class='ocrx_word' id='word_1_460' title='bbox 1314 4371 1316 4378; x_wconf 95' lang='lat'><em>.</em></span> 
     </span>
    </p>
   </div>
   <div class='ocr_carea' id='block_1_7' title="bbox 0 0 1539 4972">
    <p class='ocr_par' dir='ltr' id='par_1_7' title="bbox 0 0 1539 4972">
     <span class='ocr_line' id='line_1_49' title="bbox 0 0 1539 4972; baseline 0 0"><span class='ocrx_word' id='word_1_461' title='bbox 0 0 1539 4972; x_wconf 95' lang='lat' dir='ltr'><em> </em></span> 
     </span>
    </p>
   </div>
  </div>
 </body>
</html>
