3064 4976
322 167 361 228 1'6
515 209 520 216 -
698 163 814 238 T1T1
842 165 990 232 LIVII'

159 345 189 394 u.
201 343 296 395 caat
319 331 381 398 dea
392 327 587 398 Rutulorum
599 329 727 418 quidam
740 331 880 434 generis.
894 329 1083 404 aeterum'ln
1098 341 1202 402 tauma
1217 317 1304 401 brevi
1316 347 1391 404 cae·

159 409 295 462 *⁰³¹⁸
320 431 430 488 verant
452 437 538 504 opes,
563 441 619 484 seu
643 419 821 498 maritimis,
844 441 899 486 seu
920 417 1120 490 terrestribus
1144 417 1309 499 fructibus,
1331 443 1394 491 seu·

320 505 531 572 multitudinis
557 504 773 583 incremento,
809 524 865 574 seu
901 505 1068 574 sanctitate
1102 505 1292 594 discipliuae,
1327 531 1390 594 qua

321 593 416 660 fidem
436 592 584 658 socialem
606 613 707 680 usque
720 593 763 659 ad
776 593 948 680 perniciem
964 615 1054 660 suam
1071 593 1249 662 coluerunt.
1294 594 1396 662 Han·-

320 680 419 758 nibal,
446 679 560 746 infesto
585 680 727 746 exercitu
755 681 917 768 ingressus
943 677 1034 757 fines,
1060 682 1244 766 peruastatis
1272 682 1390 768 passim

216 797 224 810 1
322 767 418 918 aquis,
437 767 547 832 urbem
568 766 730 852 tripartito
751 767 946 855 adgreditur.
990 767 1136 855 Angulus
1158 769 1334 835 munierat
1355 770 1390 834 in

322 853 501 942 paniorem
523 853 805 940 patentioremque,
825 875 920 942 quam
947 865 1053 920 cetera
1073 854 1168 933 circa,
1186 855 1299 922 vallem
1321 875 1393 923 ver.-

323 939 586 1030 gens..adversus
600 964 673 1009 eum
689 939 831 1008 ”vineas
850 949 953 1030 agere*
965 940 1111 1021 instituit,
1128 963 1186 1026 per
1206 965 1286 1029 quae
1307 943 1391 1008 aries

323 1026 485 1094 moenibus
506 1027 668 1097 admoveri
683 1038 796 1114 posset
842 1027 905 1094 Sed
920 1039 957 1092 ut
976 1028 1064 1094 locus
1080 1029 1192 1113 procul
1206 1051 1301 1096 muro
1315 1029 1393 1096 satis

162 1132 291 1194 sipontini
324 1137 435 1202 oequus
448 1115 580 1265 sqgendis
595 1115 694 1180 vineis
708 1112 785 1191 fuit;
808 1115 853 1180 ita
867 1113 1113 1202 haudquaquam
1127 1138 1289 1202 prospere,
1304 1128 1393 1202 post·

161 1198 306 1247 rortuerre.
324 1203 455 1290 quam
499 1200 680 1267 effectumo
704 1202 765 1266 eris
779 1213 909 1267 ventum
931 1212 989 1279 est,
1004 1203 1116 1286 coeptis
1137 1203 1337 1279 succedebat.
1360 1215 1393 1270 et

162 1268 281 1358 muln*
324 1288 421 1354 turris
435 1287 547 1376 iugens
570 1224 763 1354 inminebat:
786 1299 819 1355 et
839 1307 960 1367 murus,
976 1299 1013 1354 ut
1033 1288 1067 1353 in
1082 1301 1228 1374 suspecto
1241 1289 1323 1370 loco,
1340 1311 1392 1356 su·

348 1397 384 1442 ra
404 1386 519 1443 ceterae
544 1375 676 1442 modum
700 1372 878 1444 altitudinis
902 1375 1061 1442 emunitus
1085 1390 1171 1442 erata
1194 1389 1227 1442 ct
1242 1378 1395 1463 juventus

322 1395 460 1539 delecta,
475 1462 531 1526 ubi
544 1462 719 1547 plurimum
731 1459 900 1548 “periculi
914 1484 952 1528 ac
965 1461 1085 1530 laboris
1100 1463 1336 1542 ostendebatur,
1347 1464 1394 1544 ibi

325 1549 357 1614 vi
372 1551 491 1636 majore
503 1548 708 1618 obsistebant.
752 1549 802 1614 Ac
816 1549 923 1635 primo
936 1547 1106 1616 missilibus
1118 1547 1305 1618 submovere
1319 1550 1394 1616 bos·

320 1647 403 1714 tem,
427 1635 684 1724 necquidquam
709 1637 787 1702 satia
808 1648 913 1704 tutum
939 1636 1154 1703 munientibus
1175 1638 1252 1724 pati.
1279 1637 1396 1702 deinde
1496 1653 1500 1660 ’

322 1723 390 1810 jam
405 1741 547 1808 ncnpro
560 1723 720 1790 moenibus
741 1723 839 1790 modo
852 1735 948 1810 atque
963 1723 1043 1788 turri
1059 1723 1122 1790 tela
1137 1727 1265 1804 micare,
1282 1724 1337 1790 sed
1352 1723 1396 1790 ad

327 1809 560 1896 erumpendum
581 1810 677 1876 etiam
698 1809 732 1878 iu
754 1811 907 1878 stationes
926 1831 1087 1896 operaque
1111 1810 1252 1878 hostium
1270 1812 1395 1878 animus

328 1911 413 1962 erat:
437 1893 789 1984 quibusxtumultuariis
810 1896 1036 1966 certaminibus
1057 1896 1143 1963 baud
1168 1896 1267 1964 ferme
1286 1898 1396 1984 plures

168 1997 292 2046 nannum
330 1983 502 2071 Saguntini
516 1983 683 2063 cadebant,
697 2005 792 2086 quam
810 1984 915 2051 Poeni.
958 1983 1007 2050 Ut
1028 2007 1104 2050 vero
1126 1983 1293 2052 Hannibal
1314 1986 1394 2070 ipse,

166 2064 314 2112 vulnerant
328 2070 406 2136 dum
437 2091 565 2138 murum
597 2071 754 2136 incautms
781 2070 878 2150 subit,
909 2069 1075 2138 adversum
1106 2071 1210 2138 femur
1234 2069 1398 2158 ³⁵tragula

327 2157 471 2248 graviter
496 2157 578 2224 ictus
602 2157 735 2234 cecidit;
757 2170 846 2249 tauta
871 2159 955 2224 circa
976 2157 1052 2245 fuga
1072 2180 1110 2224 ac
1131 2158 1303 2244 trepidatio
1324 2157 1397 2237 fuit,

330 2257 366 2312 ut
394 2266 460 2313 non
486 2244 622 2313 multum
648 2243 779 2323 abesset,
806 2246 884 2331 quin
908 2266 1008 2338 ppera
1027 2267 1066 2310 ac
1086 2244 1188 2312 vineae
1213 2245 1399 2315 desereren-

328 2345 393 2405 tur,
444 2403 447 2408 ,
1121 2367 1123 2374 ’

370 2417 470 2484 VIII.
491 2417 519 2458 ⁵⁶
528 2416 662 2486 Obsidio
690 2417 805 2486 deinde
827 2439 896 2504 per·
918 2418 1131 2506 paucos-dies
1159 2411 1271 2507 magis,
1297 2439 1397 2506 quam

327 2505 544 2592 obpugnatio,
562 2504 632 2586 fuit,
657 2501 735 2572 dum
761 2503 876 2572 vulnus
902 2504 992 2572 ducis
1019 2519 1194 2572 curaretur.
1220 2527 1279 2592 per
1307 2505 1397 2592 qnod

326 2605 453 2679 tempus
465 2605 505 2661 ut
521 2592 609 2680 quies
630 2592 842 2659 certaminum
861 2605 938 2671 erat,
954 2593 999 2658 its
1019 2595 1060 2659 ab
1082 2592 1239 2679 adparatu
1259 2613 1397 2678 operum

327 2703 366 2746 aa
387 2679 603 2749 munitionum
628 2679 711 2746 nibil
734 2694 899 2746 cessatum.
944 2679 1057 2768 Imque
1082 2680 1187 2746 acrius
1208 2678 1250 2745 de
1270 2680 1400 2830 integro

327 2767 477 2836 obortum
492 2778 540 2834 est
553 2765 683 2845 bellum,
699 2766 907 2852 pluribusque
927 2767 1080 2852 partibus,
1097 2767 1152 2832 vix
1169 2766 1335 2852 accipienti
1361 2789 1398 2832 us

326 2854 517 2943 quibusdam
546 2875 646 2940 opera
676 2854 765 2932 locis,
795 2854 896 2920 vineae
930 2867 1048 2940 coeptoe
1077 2853 1141 2941 agi,
1171 2853 1397 2940 admoverique

322 2941 418 3006 aries.
442 2940 639 3008 Abundabat
653 2941 856 3007 multitudine
870 2939 1038 3006 hominum
1054 2940 1191 3018 Poenus3
1211 2939 1252 3005 ad
1267 2951 1397 3006 centum

326 3028 414 3182 ut
428 3026 1037 3204 utinamutinam
1058 3026 1398 3180 {tenetisne

672 3347 674 3352 ¹
751 3288 978 3338 emundatos.

360 3449 394 3500 33
413 3449 510 3518 uum]
521 3451 580 3500 viu
591 3450 847 3504 notationum
882 3453 953 3510 Quies
969 3456 1031 3510 mat,
1048 3459 1077 3500 ut
1093 3465 1153 3501 mox
1171 3452 1275 3526 dicetur,
1291 3450 1401 3498 cammi-

356 3547 364 3563 0
880 3533 945 3565 nm

360 3581 394 3630 st
409 3581 554 3632 Periculiac
563 3581 660 3648 loboris]
672 3583 762 3630 Parum
773 3583 851 3630 inter·
912 3581 946 3630 st
962 3581 1078 3648 Eubulum
1091 3581 1118 3628 la
1133 3583 1208 3628 annis
1217 3579 1274 3627 utu
1284 3579 1387 3627 metitur

326 3653 373 3696 est.
406 3647 454 3710 Sed
470 3654 554 3696 tamen
570 3662 614 3700 sex
629 3648 742 3708 scriptia
756 3649 849 3696 Grono-
881 3647 977 3698 Vocem
987 3647 1045 3696 satir
1055 3643 1174 3710 adjiciunt
1191 3647 1241 3694 duo
1256 3647 1296 3692 vel
1312 3657 1345 3705 op

328 3714 369 3760 vio
385 3714 493 3776 allegati,
506 3719 555 3760 tres
575 3713 652 3762 nostrl
670 3713 761 3760 babent
774 3725 803 3760 ac
818 3713 848 3760 tt·
881 3713 974 3774 scripti,
1000 3714 1062 3760 alter
1088 3712 1220 3766 GronovIo,
1245 3711 1315 3757 nobis
1338 3711 1402 3756 alter

328 3780 409 3829 morte.
833 3799 835 3806 v
880 3777 1018 3839 inspectum
1044 3784 1070 3824 et
1094 3777 1185 3838 placuit
1209 3777 1262 3836 illa,
1284 3776 1316 3822 ob
1337 3775 1403 3822 affir-

360 3843 394 3892 85
413 3839 531 3906 Trogum]
556 3843 664 3904 Tragula
682 3842 774 3890 missile
796 3847 849 3889 erat
880 3845 965 3890 mandi
980 3843 1136 3899 modestiam,
1146 3848 1171 3888 et
1190 3841 1249 3902 quia
1266 3839 1403 3901 elegantius

328 3907 417 3966 telum,
431 3909 467 3956 sie
485 3909 590 3967 dictum,
606 3909 628 3954 si
647 3908 769 3956 mouimus
785 3907 850 3956 Var-
880 3909 921 3956 hie
937 3913 1069 3968 usurpatur
1079 3919 1155 3968 quam
1169 3912 1198 3956 ut
1214 3907 1293 3967 sapiat
1309 3902 1403 3956 librarii

328 3971 480 4036 roni,l.1V.
498 3974 529 4019 de
545 3973 643 4034 Linpra
657 3972 712 4019 Lat.
726 3985 742 4018 a
758 3973 849 4035 trajici·
881 3986 992 4022 manum.
1025 3972 1055 4018 ln
1074 3973 1105 4021 iis
1124 3985 1180 4032 quas
1200 3971 1340 4032 precedunt
1358 3981 1404 4030 pro

328 4035 394 4098 ardo.
427 4033 616 4086 validissimum
644 4037 721 4086 fuisse
749 4043 850 4100 apparet
880 4038 984 4085 obortum
1001 4036 1406 4095 animumanimumum

328 4115 360 4148 ex
382 4102 457 4152 suida
478 4102 582 4150 invoca
602 4099 700 4156 Rima
733 4103 849 4155 ceterum
881 4105 994 4150 tumeat.-
1010 4101 1226 4164 sedparvirei'ert·

329 4162 383 4228 ejus
394 4169 474 4214 torma
484 4181 570 4228 parum
583 4175 648 4214 nota
912 4165 945 4214 88
960 4165 1108 4216 Maltimadu
1121 4171 1172 4214 arte
1192 4164 1312 4230 distineri]
1326 4163 1404 4216 ‘Mul-

361 4230 583 4282 swerman...
595 4233 852 4295 magisquamoppug·
882 4232 1001 4280 timodam
1017 4233 1133 4280 adhibere
1150 4237 1238 4292 artem,
1259 4238 1287 4279 ut
1305 4235 1406 4292 possent

329 4297 406 4362 nmio]
423 4297 542 4360 cingebat
557 4297 657 4359 quidem
671 4299 758 4346 urbem
774 4299 849 4346 bosti-
882 4310 935 4346 sese
950 4311 994 4358 per
1010 4297 1094 4344 omnia
1110 4311 1167 4359 qua
1183 4298 1275 4346 tuenda
1287 4299 1407 4343 mactet

329 4359 360 4406 lis
370 4363 501 4424 exercitus,
511 4369 536 4412 at
552 4375 607 4412 eam
622 4377 670 4410 non
687 4365 850 4423 oppugnabat.
883 4363 1003 4420 obeunda,
1014 4363 1147 4424 dispertire.
1175 4361 1320 4424 Expeditum
1330 4366 1406 4419 emet,

264 3515 355 3566 '11
