3036 4972
227 183 230 188 '
327 193 383 256 mo
599 234 603 242 .
664 185 667 192 ’
720 173 1005 254 'rr-rrrrvn
1092 239 1093 243 Ν

164 375 299 426 nossa
326 356 375 423 lbi
395 355 518 443 par'tem
539 353 690 507 mafio'rcni
711 349 824 422 hiemis
845 357 1019 422 exercitum
1032 355 1171 422 intectis
1185 355 1316 434 'habuit'
1332 355 1391 420 ad·

162 439 302 496 Mill&
325 456 432 510 versus
453 445 563 509 omnia
607 465 724 508 umana
744 443 828 508 mala
850 465 934 528 saepe
956 465 993 508 ac
1016 443 1072 507 diu
1096 443 1247 508 duratum
1255 449 1277 520 b,
1293 441 1390 522 bonis

325 529 524 616 incipertum
549 543 642 618 etque
664 531 834 596 insuetum.
859 531 976 616 itaque,
998 553 1077 616 quos
1098 529 1186 613 nulla
1210 529 1284 594 mali
1307 529 1392 593 vicc-

325 619 445 694 ratris,
461 617 628 703 perdidere
641 617 741 681 nimia
761 617 847 682 bona
865 640 902 681 ac
917 617 1093 701 voluptates
1113 617 1301 692 inmodicae3
1324 615 1350 654 ⁹¹
1360 627 1393 680 et

326 727 364 770 eo
379 704 550 788 inpensius,
567 725 630 788 quo
645 704 768 770 avidius
783 725 823 768 ex
840 703 1006 768 insolentia
1027 703 1060 766 in
1078 725 1131 767 eas
1150 725 1183 766 se
1200 715 1390 768 merserant.

165 809 311 884 corrumpi·
328 789 466 856 Somnus
492 791 586 866 enim,
609 801 641 854 et
662 791 780 867 vinum,
804 803 837 878 et
859 789 1026 875 epulaeset
1052 801 1164 868 scorta,
1192 789 1396 874 balineaque,

166 879 317 954 turirttceJu
326 889 358 941 et
379 878 490 954 otium,
513 876 742 942 consuetudine
767 877 800 940 in
826 876 893 940 dies
918 875 1073 953 blandius,
1095 876 1140 940 ita
1161 887 1393 939 enervaverunt

165 948 294 990 exaratus.
326 963 461 1046 corpora
488 964 684 1048 animosque,
711 976 752 1032 ut.
776 964 889 1050 magis·
905 962 1019 1027 deinde
1047 963 1219 1048 proeteritae
1235 955 1392 1026 'victoria

326 1057 408 1128 eos‘,
424 1072 520 1136 quam
541 1061 908 1138 praesentes-tutarentur
921 1049 1020 1125 vires3
1043 1049 1207 1135 'majusque
1221 1047 1254 1111 id
1276 1069 1392 1132 pecca-

327 1151 395 1201 tum
411 1137 501 1201 ducis
516 1136 601 1221 apud
623 1137 740 1221 peritos
755 1136 872 1224 artium
893 1135 1076 1200 militarium
1098 1135 1276 1220 baberetur,
1294 1154 1392 1220 quam

238 1245 242 1251 ’
349 1224 414 1288 uod
435 1245 500 1287 non
522 1245 564 1300 err
579 1222 741 1286 Cannensi
763 1223 996 1306 acieprotinus
1017 1221 1058 1286 ad
1079 1221 1191 1286 urbem
1209 1221 1392 1302 Romanam

326 1247 480 1390 duxisset,
500 1308 554 1372 illa
575 1311 660 1372 enim
682 1308 843 1373 cunctatio
865 1308 1024 1376 distulisse
1045 1307 1142 1371 modo
1163 1307 1393 1371 victoriamvi-

327 1395 396 1460 deri
418 1397 541 1481 potuit3
563 1394 721 1459 hicrerror
742 1389 994 1460 vires‘ademisse
1016 1389 1056 1458 ad
1076 1393 1279 1458 vincendum.
1326 1393 1394 1457 Ita·

327 1505 400 1568 que,
425 1481 586 1560 Hercule,
602 1482 687 1546 velut
712 1481 738 1545 si
760 1503 833 1546 cum
855 1482 919 1546 alio
939 1481 1082 1545 exercitu
1103 1504 1122 1544 a
1145 1479 1258 1564 Capua
1279 1479 1392 1557 exiret,

294 1621 296 1624 .
326 1568 406 1632 nihil
429 1591 561 1654 usquam
585 1569 727 1652 pristinae
748 1568 924 1654 disciplinas
946 1568 1057 1632 tenuit.
1082 1589 1154 1630 narn
1175 1581 1207 1630 et
1228 1565 1396 1630 redierunt

327 1654 470 1741 plerique
492 1655 601 1719 scortis
623 1655 774 1740 inpliciti:
798 1671 839 1732 et,
859 1654 913 1719 ubi
938 1649 1074 1738 primum
1101 1652 1160 1717 sub
1183 1651 1321 1737 pellibus
1335 1652 1394 1716 ba-

328 1741 396 1824 beri
418 1745 517 1827 coepti
540 1754 625 1818 sunt,
642 1743 753 1827 viaque
771 1739 803 1806 et
822 1740 901 1806 alius
922 1740 1066 1804 militaris
1087 1738 1183 1824 labor·
1201 1739 1335 1823 excepit,
1353 1738 1395 1802 ti-

303 1879 304 1886 ,
327 1849 442 1893 ronum
468 1827 563 1892 modo
586 1829 772 1912 corporibus
795 1821 971 1914 animisque
982 1825 1200 1891 rdeficiebant:
1224 1837 1255 1889 et
1276 1825 1396 1890 deinde

352 1936 385 1977 er
409 1937 503 1980 omne
528 1915 710 1978 aestivorum
734 1928 859 1998 tempus
885 1935 1001 1996 magna
1025 1933 1097 1996 pars
1119 1911 1187 1998 sine
1209 1911 1395 1994 commeati-

248 2052 259 2068 .
327 1936 389 2064 Eius
419 2001 458 2065 ab
490 2002 587 2088 signis
616 1996 855 2065 dilabebantur:
890 2021 992 2086 neque
1021 1998 1093 2063 aliae
1122 1997 1263 2074 latebrae,
1294 2019 1394 2082 quam

331 2086 456 2172 Capua,
472 2089 686 2154 desertoribus
701 2101 801 2153 erant.
1086 2125 1115 2136 --
1145 2089 1152 2104 “

373 2172 477 2240 ΧΙΧ.
500 2176 658 2252 Ceterum,
675 2176 855 2240 mitescente
871 2176 939 2260 jam
962 2169 1075 2251 hieme,
1091 2171 1207 2237 educto
1225 2193 1264 2235 ex
1286 2169 1397 2236 biber·

328 2262 379 2326 nis
402 2263 514 2343 milite,
539 2259 713 2326 Casilinum
739 2261 831 2326 redit.
857 2255 924 2337 ubi,
947 2255 1139 2346 quamquam
1163 2257 1203 2322 ab
1225 2257 1397 2340 obpugna-

329 2349 417 2414 tione
442 2360 597 2413 cessatum
624 2359 701 2424 erat,
727 2347 850 2412 obsidio
875 2360 982 2412 tamen
1008 2347 1192 2410 continuata
1217 2343 1399 2428 oppidanos

329 2435 579 2522 praesidiumque
592 2435 633 2499 ad
655 2433 804 2510 ultimum
825 2433 942 2520 inopiae
957 2428 1144 2496 adduxerat.
1190 2429 1313 2514 Castris
1329 2429 1399 2494 Ro·

263 2581 269 2599 ,
330 2521 433 2586 manis‘
456 2521 509 2593 Ti.
531 2521 739 2606 Sempronius
761 2533 907 2606 proeerat,
931 2511 1084 2584 dictatore
1110 2517 1322 2602 auspiciomm
1347 2539 1399 2580 re·
1502 2531 1503 2538 ¹

328 2607 545 2693 petendorum
568 2607 677 2672 cerussa
702 2609 846 2691 profecto
873 2607 1022 2671 Romam.
1067 2603 1269 2678 Marcellum,
1293 2615 1326 2667 et
1349 2603 1399 2688 ip*-
1502 2638 1503 2648 κ

331 2717 401 2758 sum
420 2695 598 2779 cupientem
620 2693 702 2756 lerre
723 2690 874 2757 auxilium
889 2689 1031 2772 obsessis,
1045 2705 1078 2755 et
1093 2690 1271 2755 Vulturnus
1294 2689 1400 2774 amnis

330 2778 459 2846 inflatus
480 2779 580 2867 aquis,
597 2792 628 2843 et
648 2779 679 2818 ‘⁹²
688 2797 796 2864 preces
817 2779 1012 2843 Nolanorum
1036 2791 1130 2862 atque
1146 2779 1398 2852 Acerranorum,
1502 2805 1503 2852 p

332 2867 492 2944 tenebant,
522 2866 703 2950 Campanos
733 2865 923 2952 timentium,
950 2865 975 2928 si
1001 2862 1183 2948 praesidium
1212 2863 1399 2926 Romanum
1502 2853 1503 2866 ¹

332 2954 539 3018 abscessisset.
563 2949 739 3027 Gracchus,
755 2951 901 3016 adsidens
916 2949 1038 3016 tantum
1057 2949 1206 3025 Casilino,
1222 2947 1399 3034 quiaprae-

332 3040 455 3104 dictum
486 3052 554 3104 erat
583 3038 755 3114 dictatoris,
785 3061 827 3103 ne
856 3038 931 3124 quid
965 3036 1095 3100 absente
1121 3056 1160 3099 eo
1185 3033 1232 3098 rei
1260 3046 1399 3120 gereret,
1502 3037 1503 3062 ¹

333 3126 414 3190 nibil
436 3126 601 3190 movebat:
625 3147 827 3210 quamquam,
851 3147 923 3210 quae
946 3122 1037 3187 facile
1058 3141 1184 3196 omnem
1210 3121 1401 3205 patientiam
1502 3117 1503 3148 l

333 3214 508 3292 vincerent,
531 3213 767 3276 nunciabantur
793 3234 813 3275 a
839 3210 989 3276 Casilino.
1015 3230 1089 3272 nam
1116 3223 1157 3282 et,
1183 3207 1401 3291 praecipitasse
1502 3247 1503 3280 ,

334 3321 368 3364 se
390 3299 543 3385 quosdam
566 3321 629 3364 non
653 3297 822 3362 tolerantes
843 3297 971 3372 samem,
986 3294 1150 3359 constabat
1158 3317 1167 3370 ;
1191 3303 1222 3356 et
1243 3304 1328 3368 stare
1351 3294 1400 3355 in·
1502 3283 1503 3312 '

333 3409 436 3450 ermes
457 3387 491 3449 in
515 3381 727 3465 muris,ni1da
748 3405 884 3468 corpora
905 3382 946 3467 ad
971 3382 1135 3444 missilium
1158 3379 1294 3456 telorum
1318 3379 1402 3442 ictus

243 3507 247 3524 ι
333 3473 522 3558 praebentes.
546 3515 548 3520 .
568 3471 617 3535 Ea
639 3493 725 3558 aegre
746 3472 869 3554 patiens
885 3469 1063 3548 Gracchus,
1078 3487 1174 3552 quum
1198 3487 1302 3550 neque
1315 3485 1401 3554 pug-

336 3581 407 3625 nam
431 3581 599 3624 conserere
613 3557 776 3621 dictatoris
801 3556 920 3642 injussu
942 3553 1082 3630 auderet,
1099 3554 1320 3638 (pugnandum
1345 3574 1403 3615 au·

334 3661 399 3712 tem
423 3669 501 3725 esse,
523 3645 549 3709 si
571 3644 676 3729 palam
702 3641 896 3707 frumentum
922 3642 1109 3726 inpetraret,
1133 3636 1276 3718 videbat)
1297 3658 1403 3724 neque

537 3829 685 3878 rauranum
696 3831 773 3878 Gron.
782 3830 851 3877 Crev.
948 3833 1007 3875 eeoa
1018 3829 1119 3874 utcmrtae
1131 3826 1198 3872 Eaed.

366 3999 646 4062 91'Etmimpens1'm]
658 3999 690 4046 Et
702 3998 800 4058 quidem
812 3999 853 4044 de·
884 4010 906 4043 c.
930 3996 967 4042 lt.
990 3995 1075 4041 Livius
1095 3992 1240 4040 memoravit
1266 3991 1403 4038 Acerranos

333 4068 397 4122 lieioe
415 4079 445 4111 eo
462 4065 596 4123 impensius
615 4065 740 4124 perdidere
757 4063 852 4116 Poenos,
885 4061 975 4120 passim
986 4059 1120 4120 diffamare,
1133 4059 1218 4104 urbem
1233 4057 1355 4115 direptam
1367 4061 1404 4101 at-

334 4146 364 4178 eo
382 4130 492 4190 gravime
511 4129 585 4176 exitio
604 4135 712 4176 evertere
722 4129 854 4175 l’oenorum
886 4139 933 4184 que
950 4125 1074 4171 incensam
1093 4124 1177 4169 fuisse.
1210 4121 1297 4179 ltaque
1317 4121 1405 4166 marita

334 4197 406 4252 vises,
417 4208 465 4254 quo
476 4193 578 4249 avidius
585 4194 611 4240 in
622 4206 662 4240 eas
674 4206 700 4238 se
710 4197 853 4246 merserant,
885 4189 1023 4236 Gronovius
1033 4189 1073 4234 hic
1084 4188 1215 4248 legendum
1228 4191 1300 4244 putat
1309 4181 1405 4230 Avella-

334 4267 466 4320 propterea·
480 4259 546 4319 quod
572 4259 689 4305 hactenus
710 4262 779 4304 erant
801 4256 854 4302 illa·
886 4269 979 4308 narrrm,
1002 4267 1057 4313 quae
1080 4253 1166 4300 civitas
1186 4257 1238 4296 erat
1263 4249 1405 4308 Campania

334 4324 498 4370 ruminsueti.
783 4363 787 4372 ‚
886 4317 1093 4368 vicinaGasilino.

368 4389 399 4438 92
417 4389 503 4442 Preces
518 4419 525 4434 .
540 4421 547 4435 .
562 4384 747 4446 Acerranorum]
767 4384 853 4444 Supra,
