3136 4970
402 185 502 286 ΗΒ.Ι
527 185 660 247 XXVII.
686 183 794 248 CAP.
821 185 971 248 xxvrn.
1154 190 1214 246 4⁰5
1306 254 1311 268 ,

152 329 1250 451 aerepugnamdesertisttruscisFregellauidoneointagrieon-u.
1262 363 1357 414 casa

6 501 8 508 ,
80 509 82 514 ,
152 435 235 502 aulea
252 434 424 520 hamando,
437 435 561 525 ipsique
573 459 613 505 ex
627 449 718 524 parte
737 435 911 525 pugnaudo
924 457 992 502 rem
1006 435 1212 504 sustinebant.
1220 429 1252 486 A*
1261 429 1289 477 ⁰·
1299 430 1358 478 ²⁰⁸·

153 521 230 599 Sed,
244 535 412 610 postquam
436 526 616 590 vulneratos
633 524 729 590 ambo
742 523 895 601 eonsules,
912 521 1103 589 Marcellum
1118 525 1212 590 etiam

151 611 341 674 transfixum
353 609 462 676 lanoea
476 610 693 695 prolabentem
708 631 749 674 ex
763 632 847 698 equo
857 608 1083 676 moribundum
1094 609 1212 688 videre,
1221 622 1354 700 arumna

150 705 220 759 tum
229 707 260 760 et
268 695 329 781 ipsi
339 697 619 782 (perpauci'autem
631 719 667 762 su
708 699 828 779 terant)
840 717 913 763 cum
925 695 1075 782 Crispino
1084 687 1348 764 cousule⁰⁰i¹⁶l²¹¹‘·

152 779 278 846 duobus
294 781 408 868 jaculis
422 782 497 861 icto,
512 796 544 850 et
558 785 617 849 Ma
681 783 714 849 lo
726 782 935 864 adolescente,
949 783 1058 848 saucio
1077 795 1111 848 et
1130 783 1211 869 ipso,
1220 751 1363 862 ffflff„

151 866 342 956 effugertmt.
386 867 576 936 Interiectus
591 872 632 936 A.
649 869 791 936 Manlius
806 869 952 936 tribuous
966 868 1115 947 militum,
1125 882 1157 934 et
1168 891 1210 936 ex
1220 880 1293 941 ruma

151 951 277 1018 duobus
300 953 457 1040 praefectis
475 955 595 1022 aocidm
621 955 682 1023 Μ’.
697 955 808 1022 Aulius
829 956 961 1034 occisus,
986 956 1026 1021 L.
1049 955 1212 1022 Arennius

153 1052 277 1125 captus.
299 1055 331 1106 et
353 1041 478 1107 lictores
503 1041 666 1108 consulum
689 1044 829 1130 quinque
843 1043 907 1107 vivi
926 1045 959 1108 iu
981 1041 1119 1108 hostium
1138 1053 1213 1128 pot-

133 1139 284 1200 ,astatem
299 1139 469 1192 venerunt:
493 1129 588 1194 ceteri
598 1141 654 1194 aut
665 1128 830 1207 interfecti,
840 1141 896 1194 aut
906 1151 978 1194 eum
990 1127 1119 1194 consule
1132 1128 1213 1194 effu·

152 1224 280 1300 gerunt.
295 1214 415 1300 equites
423 1225 487 1279 tres
494 1227 527 1280 et
536 1214 754 1318 quadraginta,
763 1228 819 1282 aut
828 1215 860 1280 in
892 1214 998 1293 roelio,
1010 1215 1109 1281 autin
1124 1213 1211 1304 luga,

152 1298 346 1378 ceciderunt,
370 1299 586 1388 duodeviginti
612 1302 674 1366 rivi
702 1302 798 1387 capti.
866 1303 1088 1368 umultuetum
1117 1314 1151 1368 et
1177 1305 1212 1366 iu

153 1385 386 1464 castriaiirerat,
401 1397 438 1451 ut
451 1386 634 1455 consulibus
655 1387 738 1452 irent
759 1386 916 1466 aubaidio;
939 1409 1036 1474 quum
1051 1387 1213 1454 consulem
1241 1413 1246 1425 ι

153 1483 188 1536 et
200 1471 302 1536 lilium
317 1471 447 1538 alterius
461 1473 598 1538 consulis
613 1475 746 1552 saucios,
762 1474 957 1561 exiguasque
971 1473 1103 1539 infelicia
1117 1495 1214 1558 expe·

153 1556 283 1624 ditionis
297 1557 354 1624 reli
380 1559 456 1638 uias,
473 1558 513 1625 ad
528 1571 631 1625 castra
644 1560 803 1626 venientes
818 1573 962 1628 cernunt.
1007 1559 1100 1627 Mora
1119 1559 1212 1626 Mar·

152 1643 224 1710 celli
239 1665 337 1730 quum
352 1581 471 1733 dloqui
484 1646 669 1714 miserabilia
681 1646 752 1725 fuit,
767 1660 834 1713 tum
852 1647 938 1734 quod
960 1668 1019 1712 nec
1033 1669 1093 1733 pro
1106 1659 1212 1725 aetate,
1291 1691 1294 1704 ·

153 1731 345 1817 (majorjam
361 1731 445 1798 enim
460 1734 624 1822 sexaginta
634 1733 726 1800 annia
739 1734 820 1814 erat)
833 1755 934 1822 neque
943 1754 1003 1818 pro
1014 1733 1127 1800 veteris
1138 1755 1214 1819 pru·

152 1816 263 1882 dentia
276 1818 376 1896 ducis,
391 1830 456 1884 tarn
472 1819 637 1906 inprovide
652 1843 695 1897 se,
711 1819 773 1886 coll
866 1842 937 1905 que,
953 1831 986 1884 et
999 1840 1100 1906 prope
1113 1831 1213 1886 totam

151 1903 394 1989 rempublicam,
408 1905 441 1969 in
456 1927 599 1992 praeceps
612 1906 752 1972 dederat.
838 1906 921 1972 ultus
935 1906 1020 1971 circa
1035 1927 1132 1972 unam
1146 1929 1213 1974 rem

152 1990 291 2056 ambitus
303 1990 445 2068 fecerim,
461 1991 497 2070 si,
513 2014 585 2079 quae
597 1994 635 2057 de
646 1991 795 2058 Marcelli
809 2007 912 2058 morte
923 1992 1045 2056 variant
1059 2006 1213 2073 auctores,

153 2076 263 2142 omnia
276 2077 403 2164 exsequi
418 2078 522 2144 velim.
560 2079 609 2145 Ut
622 2078 765 2144 omittam
780 2078 867 2156 alios,
885 2078 924 2142 L.
942 2078 1063 2144 Coelius
1076 2079 1300 2164 ⁶⁹tripli-vm„
1311 2108 1379 2154 ama

153 2185 225 2230 cem
240 2164 284 2228 rei
301 2179 399 2246 gestae
412 2163 556 2229 ordinem
572 2163 655 2230 edita
679 2187 775 2230 unam
798 2165 944 2230 traditam
960 2163 1060 2242 lama3
1082 2165 1213 2232 alteram
1223 2173 1254 2218 ue
1265 2178 1344 2248 morte

152 2250 304 2335 scriptam
319 2248 535 2316 ⁶⁰laudatione
549 2249 617 2329 filii,
633 2251 687 2337 qui
699 2253 744 2316 rei
755 2267 854 2340 gestae
865 2250 1059 2329 interfuerim
1076 2252 1214 2331 tertiam,
1224 2235 1343 2284 Moesus.

153 2357 251 2422 quam
273 2336 341 2424 ipse
361 2355 422 2422 pro
443 2336 594 2424 inquisita
608 2359 645 2403 ac
659 2337 718 2402 sibi
733 2351 894 2423 comperta
909 2337 1020 2404 adfert.
1064 2338 1216 2406 cerem

153 2423 200 2488 ita
223 2421 308 2488 foma
322 2425 433 2506 variat,
459 2434 495 2489 ut
520 2436 626 2490 tamen
651 2424 794 2512 plerique
816 2424 878 2492 loci
902 2424 1084 2511 speculandi
1107 2447 1217 2494 caussa

154 2508 297 2574 castriae
336 2531 437 2575 essum
447 2532 456 2588 ς
479 2531 588 2576 omnes
602 2508 723 2576 insidiis
738 2513 988 2578 circumventum
1005 2513 1144 2579 tradant.
1292 2562 1294 2570 ‚

199 2594 272 2660 XX
325 2596 371 2660 11.
396 2595 572 2674 Hannibal,
587 2608 740 2686 magnum
761 2611 915 2664 terrorem
936 2597 1091 2680 hostibus,
1116 2611 1218 2666 morte

153 2681 292 2747 consulis
307 2684 412 2759 unius,
428 2681 558 2750 vulnere
579 2685 716 2762 alterius,
734 2683 884 2770 injectum
906 2707 972 2750 esse
993 2685 1089 2765 ratus,
1105 2709 1146 2752 ne
1165 2689 1217 2752 oui

153 2766 277 2834 deesset
296 2768 464 2848 occasioni,
481 2782 583 2836 castra
593 2771 626 2834 in
641 2771 809 2848 tumulum,
824 2771 857 2835 in
874 2793 939 2858 quo
949 2788 1126 2862 pugnatum
1137 2787 1216 2852 erat,

152 2854 318 2942 extemplo
341 2855 499 2922 manasen.
528 2847 573 2922 ibi
592 2857 755 2922 inventum
779 2856 927 2923 Marcelli
955 2881 1071 2945 corpus
1096 2860 1217 2952 sepelit.

155 2941 338 3027 Crispinus,
352 2955 384 3008 et
398 2956 501 3008 morte
514 2941 655 3028 collegae,
671 2957 704 3010 et
717 2966 776 3010 auo
791 2943 921 3008 uuluam
936 2945 1076 3028 territus,
1092 2945 1217 3013 silentio

154 3027 350 3114 insequentis
378 3029 481 3095 noctis
509 3029 677 3117 profectus,
703 3028 825 3117 “quoa
842 3030 1008 3116 proximos
1033 3047 1144 3101 nactus
1172 3045 1219 3100 est

153 3126 289 3191 montes,
305 3115 338 3179 iu
363 3111 400 3181 iia
425 3115 497 3180 loco
517 3116 583 3182 alto
596 3130 628 3183 et
641 3129 712 3183 tuto
726 3117 868 3204 undique
881 3113 983 3183 castra
1004 3119 1121 3204 posuit.
1166 3120 1217 3184 lbi

142 3198 223 3264 ·duo
235 3199 333 3266 duces
354 3202 508 3288 sagaciter
523 3203 600 3267 moti
615 3216 699 3282 suna
714 3203 794 3268 alter
807 3204 847 3268 ad
861 3203 1069 3284 inferendam,
1085 3206 1162 3272 alter
1177 3207 1219 3272 ad

154 3285 327 3354 cavendam
342 3285 497 3354 fraudem.
541 3287 705 3358 ⁰’Annulo
720 3289 868 3368 Marcelli
882 3290 975 3356 simul
990 3312 1063 3357 cum
1081 3313 1218 3377 corpore

154 3408 671 3540 „illamam
702 3412 1078 3540 mmm,
1101 3413 1159 3468 ‘¹¹¹⁰'
1178 3414 1217 3459 '⁸¹

153 3540 672 3664 seminantium
703 3541 1220 3668 assumpserant

153 3680 213 3713 men
227 3667 317 3714 referre
331 3667 359 3717 el
372 3669 672 3730 traditamadsoccsqusa
703 3670 772 3718 timis
793 3671 845 3718 sata
865 3671 1010 3725 emerserit,
1031 3685 1146 3734 quosquos.
1180 3672 1220 3718 Sic

154 3743 308 3792 pmcne,
331 3747 420 3796 nempe
442 3735 477 3780 rei
495 3738 584 3796 grume
606 3736 672 3794 quod
704 3735 754 3784 cte.
774 3790 776 3795 .
808 3734 1221 3797 sauvamentum,

154 3797 202 3843 etsi
221 3797 294 3856 paulo
311 3799 397 3845 durius
415 3798 523 3858 videtur,
542 3799 608 3846 haud
626 3799 673 3844 im·
703 3801 785 3860 quiqui
816 3800 1043 3848 urttaiett'atmroe
1052 3805 1114 3848 aaut.

154 3861 280 3920 probabile
290 3863 373 3909 tamen
391 3863 485 3910 radunt
495 3864 552 3910 alla
562 3859 672 3924 ejusdem
736 3864 768 3912 62
783 3865 880 3912 Aaasdo
895 3865 1020 3929 Marem}
1037 3866 1128 3927 Magna
1146 3867 1222 3928 serip-

155 3925 206 3972 lere
216 3926 312 3986 geneis
322 3927 452 3974 montella
466 3927 593 3988 sllquotles
603 3939 618 3974 a
629 3941 672 3974 uo·
704 3933 786 3974 torum
797 3941 897 3988 manas,
907 3930 958 3976 sire
969 3929 1101 3985 Gronovio,
1113 3933 1165 3978 aive
1178 3946 1222 3978 no-

154 3989 338 4050 summme,
349 3997 379 4038 ut
391 3991 555 4038 lxxmo.
566 3991 590 4039 8·
620 3991 673 4040 tte
703 3993 741 4039 bis
760 3993 936 4054 inspectorum,
952 4001 978 4041 et
994 3995 1041 4043 loo
1060 3997 1113 4042 loco
1131 3997 1222 4044 habent

154 4053 380 4118 sthicplsoeret
391 4069 440 4102 vox
449 4057 540 4104 muas.
704 4057 798 4102 amada
819 4056 942 4113 Messala,
959 4064 985 4104 et
1006 4073 1065 4108 mos
1085 4061 1223 4121 motuque

187 4115 461 4184 lltl'loudotimseflls't]
480 4119 535 4166 Mos
546 4121 673 4182 eratspnd
704 4123 763 4182 ejraa.
794 4121 827 4168 Et
844 4122 891 4168 hoe
909 4122 1034 4170 mntendlt
1054 4131 1148 4172 mum
1170 4137 1223 4172 esse

154 4180 290 4241 Romanoa,
309 4191 338 4231 ut
355 4183 414 4231 clari
433 4185 479 4231 viri
498 4197 513 4231 a
532 4186 674 4246 propinquis
705 4185 853 4244 Gronovius,
864 4191 1005 4246 veteresque
1020 4189 1110 4236 dixisse
1126 4190 1223 4236 masma

154 4253 181 4291 et
202 4249 321 4308 sauguine
341 4246 478 4310 conjunctis
499 4251 597 4310 publica
619 4264 673 4297 ora·
704 4262 749 4310 pro
766 4264 815 4297 uno
830 4251 932 4304 annulo,
942 4254 1149 4311 quemadmodum
1170 4253 1223 4299 ute·

155 4309 222 4381 none
243 4325 258 4356 e
280 4312 375 4359 Rostris
399 4314 481 4360 habita
509 4315 672 4362 laudarentur.
704 4327 743 4361 rat
759 4315 790 4362 de
808 4328 859 4362 uno
878 4315 927 4362 lilio
938 4316 976 4362 vel
995 4317 1089 4373 illitam
1105 4317 1182 4364 ltortoa
1192 4319 1223 4366 de

157 4373 307 4434 Huiusmodi
321 4377 405 4442 puocul
414 4378 490 4426 dubio
501 4379 548 4427 luit
559 4381 610 4428 linc
622 4379 673 4426 lsu·
705 4393 755 4427 uno
766 4381 844 4427 horto.

749 4443 842 4508 odss
