3060 4960
423 167 476 230 1.1
486 168 519 226 B.
541 165 657 226 XXIX.
684 167 787 226 CAP.
812 167 912 226 XXX.
1140 171 1197 226 ast

131 329 249 416 picium
272 341 430 398 vetustum
455 330 567 420 legatis
591 331 694 396 missis
718 345 862 408 renovat,
885 331 992 398 omnia
1017 351 1054 400 ea
1078 330 1275 400 auxilioue.
1288 359 1342 400 sua.

130 436 318 504 praeparans
333 419 481 484 adversus
498 416 727 504 Masinissam.¹
1046 477 1049 490 ,
1205 419 1238 468 Α»
1247 417 1274 465 0·
1286 425 1342 474 tct-

176 501 293 572 XXX.
317 505 361 571 Et
375 504 555 583 Masinissa,
572 504 681 570 audita
694 516 797 568 morte
818 504 934 588 patrui,
950 504 1022 569 dein
1044 525 1121 569 nece
1134 503 1198 569 fra-

132 593 190 658 tris
222 592 382 676 patruelis,
408 615 449 655 ex
476 591 635 674 Hispania
663 594 697 655 in
724 589 952 655 Mauritaniam
976 590 1137 678 (Bocchar
1161 613 1199 656 ea

131 691 319 763 tempestate
332 701 390 742 rex
406 677 598 742 Maurorum
616 679 696 758 erat)
712 677 836 764 trajicit.
858 676 900 741 ab
913 699 952 741 eo
966 677 1103 762 supplex
1126 677 1198 742 infi-

130 767 192 829 mis
214 766 361 850 precibus
383 763 533 829 auxilium
558 763 673 840 itineri,
696 764 845 850 quoniam
867 762 952 828 bollo
975 785 1039 828 non
1062 775 1197 848 poterat,

130 863 269 939 quatuor
291 851 390 916 millia
413 851 604 916 Maurorum
623 851 816 936 impetravit.
862 850 946 915 Cum
969 851 1016 928 iis,
1032 851 1198 935 premisso

130 938 251 1004 nuncio
276 937 317 1003 ad
340 950 489 1023 paternos
512 959 646 1024 suosque
667 936 796 1012 amicos,
819 958 918 1021 quum
940 937 980 1000 ad
1005 936 1085 1001 lines
1106 938 1197 1024 regni

130 1026 333 1110 peruenisset,
349 1024 513 1175 quingenti
534 1022 632 1089 ferme
647 1023 798 1088 Numidae
818 1021 858 1087 ad
880 1045 953 1087 eum
968 1037 1197 1090 convenerunt.

130 1111 238 1198 Igitur
254 1111 380 1177 Mauris
395 1112 426 1175 in
452 1133 479 1189 e,
495 1109 575 1175 sicut
593 1122 791 1186 convenerat,
808 1122 894 1174 retro
909 1109 950 1174 ad
965 1131 1070 1196 regern
1087 1111 1198 1175 remis-

131 1197 186 1277 sis,
201 1219 395 1286 quamquam
412 1197 574 1284 aliquanto
587 1198 692 1262 minor
706 1219 761 1282 spe
776 1195 957 1275 multitudo,
972 1219 1031 1262 nec
1046 1217 1119 1262 cum
1134 1217 1198 1284 qua

131 1293 254 1350 tantam
269 1305 336 1348 rem
351 1284 482 1372 adgredi
497 1283 571 1348 satis
594 1282 734 1360 auderet,
749 1283 947 1359 convenirem
970 1296 1057 1348 ratus
1071 1284 1197 1372 agendo

128 1393 168 1436 ac
183 1370 344 1437 moliendo
358 1370 438 1435 vires
452 1391 578 1456 quoque
596 1369 637 1434 ud
659 1369 817 1458 agendum
832 1369 952 1454 aliquid
967 1370 1197 1452 coniecturum,

130 1457 345 1544 proficiscenti
371 1457 411 1522 ad
436 1456 613 1542 Syphacem
635 1456 807 1522 Lacumaci
831 1455 942 1542 regulo
965 1457 1007 1522 ad
1030 1455 1196 1543 Thapsum

128 1543 284 1610 obcurrit.
328 1541 507 1630 Trepidam
524 1565 637 1630 agmen
652 1562 749 1629 quum
771 1543 804 1607 in
821 1542 931 1607 urbem
951 1541 1125 1631 refugisset,
1142 1565 1196 1609 ur-

129 1629 204 1696 bem
220 1629 392 1695 Masinissa
406 1630 511 1714 primo
529 1630 639 1715 inpetu
653 1631 755 1715 capit:
777 1651 819 1694 ex
836 1629 931 1716 regiis
944 1629 1023 1696 alios
1037 1631 1197 1696 tradentes

129 1738 165 1781 se
191 1713 313 1802 recipit,
340 1716 419 1781 alios
444 1716 507 1781 rim
532 1730 680 1801 parantes
704 1716 830 1781 occidit.
856 1735 929 1801 pars
955 1717 1097 1782 maxima
1121 1739 1195 1790 eum

129 1804 201 1886 ipso
228 1825 330 1890 puero
358 1800 440 1868 inter
469 1803 641 1867 tumultum
669 1802 710 1867 ad
741 1802 931 1890 Syphacem,
962 1825 1026 1890 quo
1054 1803 1195 1889 primum

130 1890 332 1956 intenderant
361 1891 431 1966 iter,
462 1901 682 1974 pervenerunt.
727 1889 827 1954 Fama
856 1889 948 1976 hujus
976 1889 1112 1955 modicae
1138 1891 1194 1967 rei,

129 1976 164 2040 in
194 1977 353 2062 principio
377 1997 484 2041 rerum
510 1997 662 2060 prospere
686 1989 776 2052 actae,
800 1976 957 2040 convertit
979 1977 1018 2041 ad
1046 1975 1196 2041 Masinis-

130 2081 199 2127 sam
230 2062 395 2128 Numidas.
430 2061 671 2148 adfluebantque
702 2062 845 2148 undique
871 2071 912 2129 'ex
941 2062 1026 2150 agris
1056 2063 1196 2149 vicisque

127 2161 250 2214 vetems
279 2149 394 2214 milites
425 2147 528 2226 Galae,
555 2160 586 2213 et
616 2147 791 2214 invitabant
815 2150 965 2234 juvenem
994 2149 1034 2214 ad
1064 2171 1196 2234 recupe-

126 2235 265 2301 randum
289 2245 457 2322 paternum
484 2253 630 2322 regnum.
677 2235 819 2300 Numero
834 2235 976 2301 militum
999 2236 1195 2322 aliquantum

130 2321 312 2388 Meaetulus
340 2321 518 2406 superabat.
555 2341 630 2386 nem
658 2333 691 2386 et
719 2323 786 2408 ipse
814 2341 888 2386 eum
921 2327 1105 2398 exereitum,
1131 2345 1197 2409 quo

129 2409 292 2495 Capusam
307 2409 434 2484 vicerat,
450 2407 515 2473 ⁴⁷et
529 2427 570 2473 ex
584 2408 717 2492 receptis
737 2421 811 2493 post
831 2405 950 2474 caedem
967 2409 1057 2498 regis
1074 2409 1197 2496 aliquot

128 2493 286 2561 habebat:
308 2507 341 2560 et
361 2515 441 2581 puer
458 2493 650 2559 Lacumaces
673 2493 714 2558 ab
738 2493 883 2580 Syphace
908 2495 1030 2560 auxilia
1054 2497 1197 2648 ingentia

125 2581 353 2646 “adduxerat
383 2580 562 2669 quindecim
593 2578 691 2646 millia
718 2581 861 2666 peditum
887 2581 1058 2664 Meaetulo,
1108 2577 1196 2649 mem

129 2667 231 2732 millia
244 2668 387 2757 equitum
408 2679 509 2734 erant.
554 2665 753 2744 Quibuscum
769 2668 946 2747 Masinissa,
960 2668 1196 2757 ⁴inequaquam

126 2765 254 2820 tantum
278 2755 421 2841 peditum
442 2753 625 2841 equitumve
646 2752 776 2833 habens,
792 2755 859 2820 acie
877 2755 1029 2822 conflixit.
1052 2757 1128 2823 vicit
1150 2770 1196 2821 ta·

128 2856 204 2905 men
218 2839 286 2908 ⁵⁰et
300 2853 441 2907 veterum
464 2840 599 2906 militum
616 2840 727 2922 virtus,
743 2853 775 2906 et
788 2841 959 2928 prudentia
980 2842 1063 2908 inter
1077 2845 1196 2909 Roma-

127 2949 172 3016 na
186 2939 218 2993 et
233 2927 355 2993 Punica
369 2949 458 2993 erma
472 2927 638 2993 exercitati
653 2927 752 2993 ducis.
799 2928 941 3014 Regulus
956 2949 1028 2994 curn
1044 2943 1150 2996 tutore
1162 2943 1196 2996 et
1233 2943 1236 2950 ’

203 3059 204 3062 ¹
267 3014 520 3102 «Masaesylorum
549 3035 647 3079 manu
675 3015 709 3079 in
737 3013 1052 3100 Karthaginiensium
1080 3039 1195 3105 agrurn

123 3035 282 3188 eliiiigit.
327 3102 379 3166 Ita
393 3113 579 3186 recuperato
594 3122 692 3190 regno
729 3113 850 3179 aterno,
868 3101 1049 3184 Masinissa,
1086 3105 1195 3170 uiasi-

127 3122 326 3266 Madversus
343 3187 520 3274 Syphacem
534 3185 620 3253 haud
636 3124 744 3274 paulic
758 3189 908 3274 majorem
928 3202 1047 3254 restare
1060 3127 1194 3256 dimica-

121 3275 432 3352 tionemcsrnebat,
451 3273 609 3358 optimum
631 3287 717 3342 ratus
740 3293 813 3342 cum
839 3273 936 3339 fratre
957 3275 1100 3360 patruele
1121 3297 1195 3362 gra·
1224 3335 1227 3340 .

125 3501 318 3566 tbtgialemibcs
335 3504 465 3556 alienatum
482 3509 512 3556 ad
525 3507 647 3556 Romanoa
675 3507 785 3572 pediturn
804 3505 938 3576 Messenio]
958 3510 999 3558 Sic
1019 3513 1196 3576 interpunguet

123 3569 239 3640 densius.
273 3572 417 3635 congruunt
443 3579 557 3636 tempore.
589 3573 647 3622 Ete-
678 3575 771 3635 ahquot
796 3575 887 3640 scripti,
909 3577 1016 3624 Acheru
1042 3583 1068 3626 et
1094 3581 1194 3644 cmpu-

125 3633 326 3686 ntm'Muunias
347 3638 419 3686 etiam
441 3639 539 3687 tamin
558 3635 648 3701 Hispa·
679 3653 739 3688 uus:
762 3641 857 3696 melius,
877 3652 948 3702 quem
970 3647 999 3690 ut
1019 3644 1093 3706 vulgo
1115 3659 1193 3692 nunc:

119 3702 170 3750 'nia
187 3707 246 3758 eret,
258 3714 332 3764 quum
350 3704 402 3764 ejus
421 3717 520 3762 reguum
537 3706 646 3752 Meretu·
678 3706 822 3765 Manet,
834 3707 969 3769 quindecim
986 3709 1066 3756 mitta
1077 3711 1195 3772 peditam.

125 3767 166 3814 lua
177 3765 274 3816 invasit.
307 3770 394 3817 Postea
409 3783 482 3818 novus
493 3771 548 3818 odio
558 3771 609 3830 ejus
619 3770 646 3816 in
678 3773 799 3820 Mescinio
809 3772 885 3821 menn
895 3775 975 3822 millia
985 3776 1092 3837 equitum
1102 3785 1178 3823 eruat

123 3834 217 3880 'Preces
238 3833 300 3882 viret
322 3833 413 3882 addidit
433 3837 540 3898 proiecto
559 3837 647 3882 traditu
710 3843 741 3886 ⁴9
770 3837 926 3900 Nequaquam
958 3847 1054 3888 tuarum
1085 3839 1198 3904 peditum

124 3897 231 3960 Syphaci
250 3906 334 3950 conus
356 3901 426 3948 fidem
449 3901 496 3962 ipsi
518 3902 602 3968 dutum.
620 3901 646 3949 ic
678 3903 1097 3977 equumueltalemuetccunflira'e]
1110 3909 1197 3970 Seripti

122 3961 306 4012 matrimonium
326 3965 483 4026 Sophonisba.
507 3967 573 4014 ‘vid
591 3979 647 4012 nos·
677 3969 791 4029 plerique,
802 3975 827 4016 et
844 3970 974 4034 adiciente
990 3969 1144 4032 Rhenanam,
1155 3976 1198 4021 lu·

122 4033 191 4076 trum
200 4041 273 4092 supra
282 4027 428 4078 1.·xxv11t
438 4047 458 4079 c.
472 4036 508 4080 16.
520 4035 545 4080 et
555 4045 583 4078 ea
594 4041 646 4093 qua
679 4030 1023 4093 beutc,utreiereturadacie.
1127 4063 1131 4070 ·

122 4089 348 4146 ibiaunbte'rimus.
711 4104 742 4145 50
758 4099 911 4146 Bructerum
921 4101 1119 4150 matrumutrrue'
1144 4103 1198 4150 Vox

124 4203 126 4208 .
158 4163 191 4210 47
208 4161 246 4208 Et
256 4177 288 4209 ea
297 4154 410 4226 reieptr'e]
430 4161 463 4210 Et
474 4163 566 4224 aliquot
576 4161 649 4209 habe·
678 4165 785 4210 militum
805 4166 929 4226 usquein
948 4169 1107 4218 Grouoviauis
1155 4169 1197 4216 SS.

124 4223 170 4270 bat
187 4227 275 4292 exiis,
292 4241 351 4288 quos
371 4233 426 4290 post
444 4230 531 4276 eadem
549 4228 646 4288 Capuae
680 4241 756 4288 neque
775 4230 801 4276 in
819 4230 908 4282 nostris
925 4239 1052 4296 comperet.
1085 4235 1197 4282 Necesse·
1237 4265 1243 4279 .

123 4289 187 4352 regia
198 4291 228 4337 ad
239 4303 283 4339 uua
293 4293 360 4349 signu
371 4299 527 4342 revocaverat.
679 4294 715 4341 ris
724 4299 805 4341 temen
816 4301 860 4343 est.

157 4361 190 4402 48
211 4357 362 4406 adusserat.
397 4360 538 4415 erindecim
567 4357 646 4405 rnilh'a

703 4431 815 4486 camd
