3136 4970
65 1209 72 1224 '
170 1227 262 1290 spem
277 1206 445 1294 adjurante
463 1205 604 1291 Magone
621 1204 816 1270 Hamilcaris
838 1205 915 1283 filio,
927 1205 1101 1273 delectibus
1115 1229 1174 1294 per

453 174 548 238 ura.
575 148 723 238 xxiiia·
746 168 853 238 cnr.-
876 173 966 240 xnt.
1182 177 1242 251 aa

172 357 241 408 tem
264 339 441 408 habebant:
466 341 621 420 eamdem,
641 339 730 428 quod
753 341 872 426 proelio
892 342 967 407 vieti
990 341 1276 432 Karthaginien-ti.
1289 365 1385 418 oute.

171 449 232 508 ses,
253 427 337 493 duce
365 429 490 506 amisso,
518 429 549 492 in
582 429 725 493 ultimam
754 428 924 514 Hispaniae
952 448 1041 494 oram
1071 451 1171 518 usque
1196 432 1384 498 addim·

165 516 337 578 Oceanum
356 514 514 599 compulsi
528 527 637 580 erant:
658 515 815 598 disparem
832 528 948 594 autem,
963 517 1050 603 quod
1067 516 1237 602 Hispania,

172 621 240 664 non
256 623 352 688 quam
369 601 462 666 ltalia
483 601 590 678 modo,
607 601 663 666 sed
677 623 772 686 quam
788 601 852 666 ulla
873 623 947 686 pars
970 615 1138 680 terrarum,
1153 599 1238 670 bello

172 687 352 772 reparando
371 689 477 774 aptior
497 699 575 769 erat,
591 688 734 752 locorum
759 687 990 774 hominumque
1011 691 1156 778 ingeniis.
1178 693 1238 757 ita·

171 792 236 858 que
257 795 335 862 ergo
357 775 462 859 prima
477 773 631 838 Romanis
654 774 733 840 inita
757 774 1091 863 provinciarumque
1108 777 1238 864 quidem

171 861 364 928 continentis
389 862 462 938 sint,
486 875 645 946 postrema
668 860 822 936 omnium,
847 873 954 925 nostra
976 862 1107 928 demum
1131 875 1237 940 aetate,

171 946 273 1011 ductu
303 947 506 1034 auspicioque
532 945 670 1034 Augusti
702 946 849 1022 Caesaris,
877 948 1056 1030 perdomita
1084 963 1143 1014 est.
1186 950 1259 1016 lbi'

171 1043 241 1098 tum
257 1033 440 1098 Hasdrubal
453 1034 616 1120 Gisgonis,
631 1031 823 1098 ⁶⁰maximus
834 1033 1086 1120 clarissimusque
1099 1058 1139 1100 eo
1153 1035 1238 1103 bello
1247 1057 1385 1106 Hasdrubal

171 1120 349 1184 seeundum
371 1119 524 1184 Barcinos
545 1119 630 1196 dux,
641 1114 800 1207 regressus
822 1121 862 1184 ab
886 1119 1044 1198 Gadibus,
1061 1121 1237 1274 ’1916111Ἑί
1245 1124 1400 1234 {inssffi‘

1244 1245 1388 1301 instaurant.

158 1292 322 1360 'terionem
349 1292 537 1377 Hispaniam
563 1291 687 1369 liabitis,
710 1291 751 1356 ad
772 1292 1002 1394 quinquaginta
1025 1293 1126 1359 millia
1146 1295 1237 1380 pedi-
1284 1323 1288 1338 »

170 1393 251 1455 tum,
267 1394 299 1443 et
314 1392 450 1466 quatuor
471 1377 571 1442 millia
591 1391 623 1442 et
644 1379 833 1464 quingentos
854 1392 979 1465 equites·
995 1381 1141 1447 armavit.
1184 1382 1238 1448 De

169 1466 368 1551 equestribus
384 1465 482 1547 copiis
496 1463 594 1529 ferme
614 1465 697 1529 inter
713 1478 857 1530 auctores
871 1465 1034 1531 convenit:
1057 1455 1237 1552 ⁶¹pedituin'

168 1552 373 1639 septuaginta
392 1551 492 1616 millia
508 1550 637 1636 quidam
658 1549 797 1617 adducta
814 1551 859 1615 ad
872 1552 1006 1635 Silpiam
1025 1553 1136 1618 urbem
1159 1556 1237 1618 seri-

154 1639 262 1702 'bunt
295 1639 345 1702 lbi
360 1659 454 1722 supet
468 1659 597 1721 campos
611 1649 754 1723 patentes
767 1636 834 1702 duo
848 1638 943 1703 duoes
960 1639 1052 1704 Poeni
1066 1661 1104 1705 ea
1118 1653 1235 1720 mente,

167 1745 212 1788 ne
225 1724 439 1790 detrectarent
452 1735 622 1801 certamen,
639 1723 859 1791 consederunt.
1351 1730 1356 1739 '

215 1809 315 1875 Xni.
332 1811 452 1895 Scipio,
463 1809 611 1896 quumad
623 1829 695 1876 eum
705 1809 790 1874 fama
801 1811 881 1875 tanti
892 1813 1065 1897 comparati
1078 1813 1403 1894 exercitusscipioaun·
1449 1862 1451 1868 s

166 1895 293 1982 perlata
305 1911 398 1974 esset,
410 1917 513 1983 neque
526 1896 680 1962 Romanis
694 1894 872 1998 legionibus
886 1909 984 1962 tantae
995 1921 1029 1964 se
1042 1921 1151 1984 parem
1167 1899 1276 1966 sorelia
1285 1901 1316 1946 ⁸¹²
1326 1900 1397 1974 equits

170 1982 368 2051 multitudini
380 1997 477 2061 retus,
487 1994 523 2048 ut
531 1983 784 2068 noninspeetem
794 1983 903 2048 saltem
912 1984 1235 2068 obponerenturbar-
1243 1965 1371 2011 ⁶⁰⁰¹“h't‘
1415 2015 1420 2024 ⁴

167 2068 321 2134 meorum
331 2069 456 2147 auxilia,
468 2091 571 2155 neque
579 2070 609 2133 in
621 2069 659 2134 iis
667 2081 774 2134 tamen
782 2081 906 2134 tantum
916 2072 1030 2136 virium
1038 2073 1235 2156 ponendum,

170 2167 208 2221 ut
223 2156 378 2222 mutando
392 2155 498 2231 fidem,
510 2177 582 2242 quse
593 2155 690 2219 cladis
701 2155 933 2223 saussaiuisset
948 2158 1031 2241 patri
1045 2172 1236 2246 patruoque,

166 2241 1235 2332 ⁶²magnummomentuminserent,praemissoSilanoadColchum,

165 2327 409 2416 duodetriginta
419 2327 546 2414 oppidis
558 2341 755 2416 regnantem,
765 2341 801 2394 ut
852 2329 931 2394 uites
941 2329 1124 2416 peditesque
1135 2332 1176 2396 ab
1187 2355 1236 2411 eo,

168 2437 252 2502 quos
266 2435 300 2480 se
313 2437 371 2500 per
384 2415 520 2480 hiemem
535 2415 787 2500 conscripturum
805 2415 963 2500 policitus
977 2429 1054 2494 erat,
1068 2419 1236 2503 acciperet,

167 2503 238 2588 ipse
246 2501 287 2567 ab
297 2501 481 2567 Tarracone
489 2501 659 2587 profectus,
671 2497 848 2585 ⁶⁸protinus
858 2502 899 2566 ab
907 2503 1008 2582 sociis,
1019 2503 1074 2590 qui
1085 2504 1239 2570 adeolunt

148 2595 150 2600 ’
168 2589 264 2666 emm,
276 2588 401 2654 modica
415 2585 633 2652 contrahendo
646 2587 775 2664 auxilia,
789 2587 994 2654 Castulonem
1008 2591 1164 2676 pervenit.
1187 2593 1238 2656 Eo

168 2671 318 2740 adducta
328 2673 372 2740 ab
386 2671 494 2740 Silano
518 2672 646 2751 auxilia,
661 2673 723 2738 tris
743 2672 844 2738 millia
865 2675 1056 2761 peditum‘et
1071 2680 1238 2766 quingenti

167 2761 302 2848 equites.
325 2761 399 2826 inde
419 2761 458 2825 ad
475 2760 636 2829 Baeculam
660 2755 979 2849 urbem'progressus
994 2767 1081 2827 omni
1097 2766 1238 2830 exercitu

167 2847 296 2925 ciuium,
312 2848 482 2925 sociorum,
500 2847 641 2932 peditum
665 2845 805 2933 equitum
830 2869 869 2912 ue
888 2849 965 2935 quin
993 2872 1031 2914 ue
1048 2860 1080 2914 et
1100 2852 1236 2938 quadra·
1321 2881 1338 2897 ,.

167 2933 259 3022 gintq
273 2934 422 2999 millibus.
453 2934 567 2999 Castra
581 2870 919 3020 ponenteseositlago
933 2949 966 3000 et
1018 2937 1148 3002 asinissa
1162 2961 1237 3002 oum

167 3019 259 3086 omni
270 3020 412 3108 equitatu
426 3019 566 3108 adgressi
577 3033 660 3086 sunt.
676 3020 916 3107 turbassentque
930 3023 1122 3102 munientes,
1135 3026 1169 3088 ni
1180 3027 1237 3092 ab·

166 3107 229 3172 diti
244 3123 315 3192 post
330 3109 499 3184 tumulum,
514 3107 730 3193 “opportune
743 3106 785 3192 ad
808 3105 840 3172 id
863 3109 1013 3193 positum,
1029 3109 1070 3174 ab
1086 3111 1237 3196 Scipione

164 3193 289 3280 equites
304 3194 466 3278 inproviso
480 3194 512 3256 in
529 3192 643 3258 effusos
657 3192 874 3258 incurrissent.
921 3194 970 3258 Hi
985 3197 1236 3279 promtissimam

165 3301 339 3368 quemque,
351 3293 382 3346 et
397 3280 542 3365 proxime
552 3279 681 3358 vallum,
693 3291 787 3366 atque
802 3273 935 3368 iir'ipsos
950 3281 1124 3379 munitores
1139 3283 1236 3368 ⁶⁵pri-

559 3437 570 3468 i
583 3435 675 3486 Cultam
685 3437 760 3490 Gran.
772 3437 840 3486 Creu.

200 3589 234 3637 60
249 3585 371 3636 umam
381 3587 578 3656 clarissimusque]
594 3587 686 3638 Omnes
718 3589 785 3652 vius..
919 3645 921 3652 Α
1237 3625 1243 3636 ,

162 3655 251 3714 scripu
269 3655 430 3714 maximusque
451 3657 540 3702 omism
560 3670 617 3704 uoce
639 3657 685 3703 ota·
714 3701 717 3708 ‚
751 3655 933 3716 62'Magnum
957 3658 1098 3702 mmamium
1114 3649 1236 3718 sererent]
1326 3666 1331 3696 ὲ

161 3719 279 3766 mamm.
313 3717 382 3765 Unde
393 3719 534 3767 Perizonius
549 3720 686 3768 mamad
719 3723 780 3768 Rem
799 3731 946 3781 magnopere
964 3718 1237 3787 inclinarenutscerens

163 3786 233 3832 buna
257 3785 340 3830 iocum
358 3779 454 3844 jumen
478 3785 609 3847 legendum
626 3787 686 3832 'esse
718 3793 746 3833 ut
762 3799 852 3846 magne
866 3785 922 3832 inde
938 3791 1016 3832 status
1028 3781 1115 3834 ,rerum
1130 3785 1238 3832 mutatio

163 3847 285 3895 maianus
304 3847 344 3906 qui
363 3861 388 3894 to
407 3848 462 3896 bello
480 3849 604 3898 nuendum
620 3851 685 3898 Bar·
717 3857 865 3912 sequeretur.

161 3914 229 3960 einos
247 3911 353 3960 durrat
372 3914 403 3960 ad
421 3916 534 3961 emdem
552 3915 685 3962 formulam
748 3911 937 3974 sewensis]
976 3911 1076 3966 Ordine,
1105 3911 1180 3974 prout
1206 3913 1238 3960 ad

160 3976 263 4036 reflrigit
279 3978 371 4038 aliquot
390 3977 438 4024 ullu
455 3979 519 4026 Livii
536 3980 596 4028 loca.
629 3979 686 4031 vid.
717 3993 826 4040 quosque
836 3977 957 4026 veniebat.
1148 4029 1152 4037 ,

162 4047 217 4088 not.
228 4041 270 4100 89,
281 4043 338 4089 edi.
352 4041 397 4088 tv.
409 4055 432 4092 c.
444 4043 482 4094 17.
493 4057 574 4106 supra.
750 4044 783 4091 64
800 4043 934 4104 Opportum
949 4042 979 4089 nd
994 4041 1019 4088 td
1036 4040 1150 4103 peritam]
1169 4042 1237 4088 Unus
1257 4099 1259 4104 Ι

188 4105 228 4154 Ι61
246 4101 358 4152 Peditum
376 4111 523 4170 nangae
541 4109 617 4156 astilia
633 4109 686 4170 qei-
718 4109 820 4156 Heernii
841 4109 932 4163 codex„
948 4111 1075 4172 opportune
1091 4107 1237 4167 oppositurus

48 4166 52 4176 '
161 4169 230 4232 dam]
258 4169 377 4232 intelligit
397 4173 535 4233 Polybium,
553 4167 596 4235 qui
618 4176 684 4222 huuc
716 4176 782 4235 quod
793 4171 969 4235 magispleoet.

159 4247 294 4282 numerum
316 4235 367 4282 edit
388 4239 536 4296 pedestrium
558 4239 684 4299 copiarum
749 4237 782 4284 65
798 4236 912 4283 Primum
932 4234 1060 4297 insertum]
1085 4235 1117 4280 Ut
1136 4237 1239 4298 quisque

159 4300 389 4358 daemonialium
400 4302 447 4349 xi.
463 4305 528 4350 unde
545 4299 621 4350 totam
639 4304 684 4349 hu·
717 4303 811 4364 primus
826 4301 938 4348 invectus
952 4301 1039 4348 iuerat.
1073 4301 1138 4346 Cave
1149 4302 1188 4346 hic
1199 4313 1238 4344 su-

62 4413 69 4428 ⁸
153 4362 201 4427 jus
220 4365 296 4424 pretii
315 4367 479 4414 narmtionem
499 4369 625 4429 exacmsit
643 4367 690 4414 lli-⁴
717 4364 1112 4427 masrlprimnmproadverbio.
1185 4427 1188 4434 y

144 4442 146 4448 ’
208 4447 281 4491 VOL·
300 4447 339 4492 11.
775 4451 838 4518 (ig
865 4516 868 4524 ,
