3036 4972
356 181 411 244 rso
552 249 557 260 f
634 227 637 234 .
699 169 853 248 ’τιτι
885 157 1019 250 arv-11

195 367 264 418 uc.
275 365 331 416 tot.
355 348 492 416 hosustos
501 349 715 437 generososque
729 347 880 431 doemunt,
897 341 1003 438 quidus
1017 375 1103 418 ormo
1122 373 1178 417 seeo
1193 351 1340 437 signaque
1348 371 1410 434 po-

195 431 331 481 3⁰³¹&
350 438 445 521 patus
461 437 618 503 Romanus
636 441 834 504 commisisset.
856 461 924 525 que
936 442 1071 526 fortuna
1094 441 1237 523 codgisset
1258 440 1304 502 ito
1315 439 1408 521 fieri,

338 523 488 588 'eamdem
503 545 607 608 eogere
620 526 836 610 tuerifactum
881 526 930 590 Ea
943 547 1006 590 non
1022 527 1139 610 majore
1159 547 1236 588 cura
1249 535 1410 608 praecepta

358 609 398 673 ab
427 607 562 674 ducibus
590 624 672 688 sunt,
699 633 794 696 quam
827 636 846 675 a
871 612 1022 676 militibus
1047 611 1209 676 observata
1217 634 1226 686 ς
1261 610 1410 697 brevique

358 707 446 760 tanta
482 696 652 760 mucordiu
688 697 869 762 coaluerant
904 699 1044 763 omnium
1086 697 1201 771 animi;
1239 709 1275 759 ut
1310 715 1410 781 prope

358 781 392 844 in
425 781 613 846 oblivionem
647 783 776 860 veniret,
807 805 870 870 qua
900 807 941 848 cx
966 785 1145 848 conditione
1189 783 1299 868 uisque
1330 793 1411 846 esset

359 867 448 932 miles
467 867 575 932 faetus.
622 867 706 932 Haec
730 871 836 954 agenti
862 871 1008 935 Graccho
1040 867 1134 954 legati
1161 805 1298 932 gomani
1326 889 1412 933 nun-

359 955 493 1030 ciarunt,
509 977 581 1038 quae
602 977 622 1018 a
638 954 809 1040 Campanis
831 956 947 1044 legatio
990 977 1083 1020 ancos
1097 969 1171 1019 ante
1184 954 1250 1018 dies
1264 956 1412 1035 venisset,

359 1053 391 1104 et
406 1037 482 1126 quid
494 1040 531 1103 iis
546 1042 605 1125 ipsi
619 1043 861 1125 respondissent.
906 979 1064 1106 TriSoum
1080 1054 1150 1125 post
1164 1061 1236 1104 eum
1251 1040 1336 1106 diem
1349 1040 1411 1105 fes-

361 1141 429 1190 tum
440 1148 522 1190 esse:
546 1147 610 1190 non
622 1138 763 1190 serratum
778 1130 879 1191 solum
891 1149 1016 1194 omnem
1036 1129 1080 1191 ihi
1100 1130 1253 1204 futurum,
1269 1127 1324 1191 sed
1343 1148 1412 1192 cas·

360 1226 411 1276 tra
425 1213 518 1276 etiam
539 1213 571 1276 et
589 1213 762 1277 exercitum
780 1213 990 1298 Campanum.
1035 1213 1209 1290 Gracchus,
1225 1214 1322 1298 jussis
1345 1212 1413 1276 Cu-

361 1299 463 1362 mania
483 1298 589 1362 omnia
603 1319 644 1362 ex
663 1299 746 1384 agris
762 1298 793 1363 in
816 1300 925 1364 urbem
945 1299 1130 1377 convehere,
1142 1313 1172 1363 et
1188 1319 1315 1364 manere
1326 1300 1413 1363 intra

361 1405 479 1461 muros,
494 1383 562 1469 ipse
582 1384 694 1469 pridie,
711 1406 803 1471 quarn
825 1397 939 1451 statum
963 1385 1149 1452 sacrificium
1167 1385 1340 1470 Campanis
1362 1407 1414 1449 es·

360 1481 417 1547 set,
435 1470 553 1534 Cumas
572 1482 676 1535 movet
695 1483 806 1536 castra.
852 1471 968 1537 Hamoe
981 1472 1055 1541 inde
1070 1473 1130 1536 tria
1146 1471 1243 1534 millia
1260 1491 1413 1557 passuum

361 1556 486 1620 absunt.
529 1557 601 1622 Jam
619 1556 773 1641 Campani
793 1580 831 1622 eo
853 1561 1029 1643 frequentes
1048 1581 1088 1622 ex
1109 1558 1414 1642 composito-conve-

351 1655 484 1720 nerant,
500 1664 558 1707 nec
577 1642 689 1728 procul
708 1643 781 1707 inde
796 1643 830 1707 in
845 1645 968 1709 occulto
991 1644 1113 1710 Marius
1128 1643 1232 1710 Alfius
1248 1643 1416 1708 Mediutu·

361 1729 443 1794 ticus
459 1734 613 1814 (summus
628 1730 826 1816 magistratus.
845 1743 912 1795 erat
924 1730 1108 1816 Campanis)
1127 1751 1199 1794 cum
1220 1730 1417 1817 quatuorde-
1459 1781 1464 1787 .

360 1816 422 1880 cim
439 1815 576 1880 millibus
590 1831 783 1880 armatorum
799 1815 934 1881 hahebat
948 1831 1065 1894 costra3
1090 1816 1242 1880 sacrificio
1257 1816 1415 1902 adparan-

360 1900 413 1979 do,
430 1915 461 1966 et
476 1905 558 1966 inter
574 1901 607 1966 id
622 1901 817 1967 instruendae
836 1901 938 1966 fraudi
960 1903 1120 1990 aliquanto
1141 1903 1300 1980 intentior,
1317 1924 1415 1989 quam

282 1999 288 2016 “
360 1988 541 2053 muniendis
551 1990 669 2067 earnis,
682 2001 737 2053 aut
752 1989 806 2052 ulli
822 1987 950 2054 militari
968 1990 1067 2074 operi.
1108 1988 1135 2032 ⁷⁴
1146 1988 1304 2054 Triduum
1317 1989 1417 2053 sacri-

361 2073 491 2140 ficatum
514 2074 555 2139 ad
579 2073 712 2139 Hamas.
759 2075 958 2139 Nocturnum
981 2087 1049 2140 erat
1069 2096 1202 2152 sacrum,
1218 2075 1264 2139 ita
1282 2087 1419 2141 utente

361 2161 497 2226 mediam
514 2174 638 2225 noctem
655 2160 877 2244 compleretur.¹
920 2161 1009 2226 Huic
1025 2160 1189 2227 Gracchus
1200 2160 1419 2226 insidiandum

360 2249 498 2332 tempori
521 2259 616 2324 ratus,
633 2245 815 2312 custodibus
835 2247 875 2311 ad
898 2261 1014 2331 portas
1026 2247 1144 2330 positis,
1159 2269 1201 2310 ne
1222 2248 1291 2333 quis
1313 2269 1420 2312 enun-

361 2335 446 2400 ciare
458 2346 565 2419 posset
579 2337 692 2418 coepta,
706 2347 736 2397 et
751 2333 792 2397 ab
807 2333 926 2398 decima
940 2333 1003 2398 diei
1024 2335 1103 2397 hora
1125 2334 1239 2398 coactis
1260 2333 1419 2400 militibus

362 2441 497 2505 corpora
515 2441 636 2498 curare,
653 2441 827 2506 somnoque
849 2441 975 2504 oporam
999 2418 1086 2496 dare,
1102 2431 1137 2483 ut
1152 2421 1262 2504 primis
1278 2422 1420 2486 tenebris

361 2506 532 2570 convenire
546 2506 587 2570 ad
600 2507 726 2594 signum
747 2520 882 2591 possent,
898 2506 1005 2590 vigilia
1024 2505 1122 2569 ferme
1137 2506 1241 2590 prima
1262 2503 1329 2570 tolli
1346 2508 1420 2591 jus-

361 2591 401 2656 sit
409 2592 513 2680 sigum
525 2591 690 2678 silentique
700 2591 858 2675 profectus
870 2593 1004 2680 agmine,
1016 2613 1112 2678 quum
1123 2592 1162 2656 ad
1176 2590 1299 2656 Hamas
1311 2592 1421 2658 media

361 2694 456 2742 nocte
469 2677 671 2764 pervenisset,
688 2675 973 2762 castra‘Campana,
985 2692 1020 2744 ut
1034 2678 1068 2741 in
1082 2678 1246 2763 pervigilio
1260 2677 1420 2762 neglecta,

363 2764 456 2828 simul
468 2763 616 2828 omnibus
630 2763 730 2848 portis
745 2764 876 2827 invadit:
900 2763 977 2828 alios
993 2785 1104 2828 somno
1116 2776 1240 2843 stratos,
1251 2764 1329 2828 alios
1340 2787 1420 2850 per-

363 2863 487 2936 petrato
513 2871 602 2914 sacro
626 2851 762 2913 inermes
787 2849 952 2914 redeuntes
977 2850 1156 2915 obtruncat.
1185 2849 1351 2929 hominum
1378 2875 1421 2916 eo
1484 2849 1488 2863 '

363 2938 500 3003 tumultu
525 2948 682 3000 nocturno
703 2956 784 2999 caesa
805 2935 878 3020 plus
903 2936 968 3001 duo
992 2937 1101 3013 millia,
1131 2957 1202 3001 cum
1235 2937 1305 3021 ipso
1334 2937 1421 3004 duca

364 3021 474 3088 Mario
490 3023 586 3086 Alfio.
603 3036 695 3105 capta
708 3033 782 3086 sunt
796 3023 886 3110 signa
901 3022 1052 3107 militaria¹
1062 3034 1198 3108 quatuor
1211 3034 1243 3086 et
1257 3022 1397 3110 trigInto.

405 3108 569 3174 XXXVl.
593 3108 768 3184 Gracchus,
789 3111 893 3173 minus
914 3120 1041 3173 centum
1060 3108 1194 3173 militum
1211 3110 1336 3194 jactura
1350 3131 1422 3175 eas

362 3194 420 3260 tris
439 3194 579 3260 hostium
600 3195 729 3279 potitus,
747 3194 865 3259 Cumas
879 3217 912 3258 se
926 3216 1062 3279 propere
1083 3215 1153 3258 rece
1177 3196 1212 3276 it,
1227 3196 1268 3260 ab
1288 3194 1422 3260 Hanni-

363 3281 434 3346 bale
454 3296 611 3356 metuens,
623 3282 677 3365 qui
697 3303 791 3366 super
812 3282 954 3364 Capuam
970 3279 1002 3344 in
1019 3278 1131 3346 Tifatis
1150 3217 1287 3344 llabebat
1306 3293 1422 3348 castro.

364 3368 434 3434 Nec
453 3390 524 3434 eum
549 3366 682 3452 provida
703 3366 801 3430 futuri
812 3366 920 3430 fefellit
939 3368 1058 3451 opinio.
1074 3387 1147 3430 nam
1168 3366 1261 3430 simul
1274 3365 1422 3454 Capuam

363 3477 400 3520 ea
412 3455 515 3520 clades
537 3469 584 3517 est
604 3453 763 3531 nunciata,
774 3467 861 3518 ratus
885 3449 1058 3528 Hannibal,
1074 3454 1113 3517 ab
1124 3475 1158 3518 re
1170 3452 1250 3517 bene
1268 3455 1423 3540 gestain·

363 3543 501 3607 solenter
515 3542 625 3604 laetum
643 3541 816 3602 exercitum
837 3539 989 3619 tironum,
1006 3561 1120 3626 magna
1139 3561 1179 3604 ex
1197 3552 1299 3626 parte,
1315 3563 1423 3606 serro-
1506 3579 1507 3600 r

363 3650 509 3716 rumque,
525 3626 711 3712 spoliantem
726 3625 834 3702 victos,
854 3625 1041 3712 praedasque
1060 3637 1215 3713 agentem,
1232 3625 1273 3690 ad
1297 3625 1424 3693 Hamas

398 3883 431 3934 rt
455 3883 570 3930 Triduum
592 3882 746 3946 sacrificatum
767 3883 798 3929 od
824 3883 878 3930 Ho-
909 3886 1084 3946 detegerentur.
1115 3882 1173 3930 Ideo
1184 3882 1225 3930 ille
1238 3883 1371 3944 legendum
1382 3899 1425 3932 ex·

364 3948 426 4012 mor]
444 3949 519 3995 Recte
536 3949 646 3994 observat
664 3948 805 3994 Perizonius
815 3950 877 3994 veri-
908 3950 1001 3995 intimat
1021 3947 1210 4009 rom‘jlcoodumr
1233 3948 1304 4003 bone,
1320 3949 1348 3994 ai
1368 3961 1424 3996 sen-

362 4013 503 4061 oimilenon
515 4025 575 4066 esse,
587 4013 734 4071 Gracchum,
747 4013 789 4073 qui
801 4014 878 4073 pridie
909 4027 965 4060 sum
976 4015 1166 4073 solumrpeetea
1200 4013 1234 4058 At
1250 4011 1425 4073 leniusproce-

265 4089 268 4108 ¹
363 4079 434 4126 iatius
454 4077 563 4124 merificii
579 4073 633 4138 jam
652 4083 761 4124 moverat
780 4078 880 4135 cumas,
912 4078 952 4123 det
970 4077 1165 4138 oratio,silegas
1174 4073 1425 4136 amplectandum,

363 4142 797 4202 posttriduumdemumoppressisre
806 4143 878 4189 cam·
911 4141 1039 4188 meridean'
1049 4154 1102 4188 mos
1113 4147 1165 4189 est:
1182 4145 1211 4186 ut
1221 4139 1342 4204 aignlbcet
1358 4141 1427 4189 Livi·
1501 4131 1502 4148 ¹

363 4220 453 4268 panos:
469 4207 522 4252 lmo
532 4206 643 4253 debuisse
653 4220 710 4252 eum
722 4220 773 4252 rem
793 4219 877 4267 aggre-
911 4219 941 4253 us
962 4206 1028 4252 istud
1047 4206 1190 4254 montinum
1209 4217 1253 4251 suo
1272 4206 1354 4254 adhuc
1372 4218 1426 4255 aero

363 4273 389 4320 di
408 4273 488 4332 primo
499 4285 595 4332 quoque
613 4277 731 4332 tempore,
742 4284 773 4318 ne
784 4271 879 4318 insidiae
911 4269 1034 4318 celebrari.
