<?xml version="1.0" encoding="UTF-8"?>
<!DOCTYPE html PUBLIC "-//W3C//DTD XHTML 1.0 Transitional//EN"
    "http://www.w3.org/TR/xhtml1/DTD/xhtml1-transitional.dtd">
<html xmlns="http://www.w3.org/1999/xhtml" xml:lang="en" lang="en">
 <head>
  <title>
</title>
<meta http-equiv="Content-Type" content="text/html;charset=utf-8" />
  <meta name='ocr-system' content='tesseract 3.04.00' />
  <meta name='ocr-capabilities' content='ocr_page ocr_carea ocr_par ocr_line ocrx_word'/>
</head>
<body>
  <div class='ocr_page' id='page_1' title='image "./tliviipatavinih00crevgoog/tliviipatavinih00crevgoog_0211.png"; bbox 0 0 3140 4972; ppageno 0'>
   <div class='ocr_carea' id='block_1_1' title="bbox 308 155 1072 280">
    <p class='ocr_par' dir='ltr' id='par_1_1' title="bbox 308 155 1072 280">
     <span class='ocr_line' id='line_1_1' title="bbox 308 155 1072 280; baseline -0.005 0"><span class='ocrx_word' id='word_1_1' title='bbox 308 217 415 280; x_wconf 75' lang='lat' dir='ltr'><strong>eor&#39;</strong></span> <span class='ocrx_word' id='word_1_2' title='bbox 741 155 1029 276; x_wconf 72' lang='lat' dir='ltr'><strong>T1T1L1⁷v1I</strong></span> <span class='ocrx_word' id='word_1_3' title='bbox 1068 218 1072 248; x_wconf 80' lang='lat'>³</span> 
     </span>
    </p>
   </div>
   <div class='ocr_carea' id='block_1_2' title="bbox 138 375 1474 3232">
    <p class='ocr_par' dir='ltr' id='par_1_2' title="bbox 175 375 1407 1850">
     <span class='ocr_line' id='line_1_2' title="bbox 181 375 1401 470; baseline 0.005 -28"><span class='ocrx_word' id='word_1_4' title='bbox 181 381 314 446; x_wconf 66' lang='lat' dir='ltr'><strong>motet.</strong></span> <span class='ocrx_word' id='word_1_5' title='bbox 341 394 413 462; x_wconf 80' lang='lat' dir='ltr'><strong>quae</strong></span> <span class='ocrx_word' id='word_1_6' title='bbox 437 388 552 456; x_wconf 85' lang='lat' dir='ltr'><strong>tamen,</strong></span> <span class='ocrx_word' id='word_1_7' title='bbox 568 375 693 444; x_wconf 86' lang='lat' dir='ltr'><strong>duobus</strong></span> <span class='ocrx_word' id='word_1_8' title='bbox 716 375 851 466; x_wconf 83' lang='lat' dir='ltr'><strong>acceptis</strong></span> <span class='ocrx_word' id='word_1_9' title='bbox 867 377 1060 458; x_wconf 83' lang='lat' dir='ltr'><strong>vulneribus,</strong></span> <span class='ocrx_word' id='word_1_10' title='bbox 1084 381 1192 446; x_wconf 81' lang='lat' dir='ltr'><strong>erasit.</strong></span> <span class='ocrx_word' id='word_1_11' title='bbox 1237 377 1401 470; x_wconf 59' lang='lat' dir='ltr'><strong>Fugare·</strong></span> 
     </span>
     <span class='ocr_line' id='line_1_3' title="bbox 178 459 1401 550; baseline 0.007 -25"><span class='ocrx_word' id='word_1_12' title='bbox 178 459 314 510; x_wconf 52' lang='lat'><strong>40²1&amp;</strong></span> <span class='ocrx_word' id='word_1_13' title='bbox 340 461 487 545; x_wconf 86' lang='lat' dir='ltr'><strong>tellitum,</strong></span> <span class='ocrx_word' id='word_1_14' title='bbox 510 479 546 530; x_wconf 88' lang='lat' dir='ltr'><strong>ut</strong></span> <span class='ocrx_word' id='word_1_15' title='bbox 563 466 723 550; x_wconf 85' lang='lat' dir='ltr'><strong>jacentem·</strong></span> <span class='ocrx_word' id='word_1_16' title='bbox 742 467 848 532; x_wconf 86' lang='lat' dir='ltr'><strong>videre</strong></span> <span class='ocrx_word' id='word_1_17' title='bbox 870 487 885 528; x_wconf 85' lang='lat' dir='ltr'><strong>r</strong></span> <span class='ocrx_word' id='word_1_18' title='bbox 926 487 988 546; x_wconf 84' lang='lat' dir='ltr'><strong>em,</strong></span> <span class='ocrx_word' id='word_1_19' title='bbox 1003 465 1086 531; x_wconf 79' lang='lat' dir='ltr'><strong>facta</strong></span> <span class='ocrx_word' id='word_1_20' title='bbox 1106 479 1162 532; x_wconf 85' lang='lat' dir='ltr'><strong>est.</strong></span> <span class='ocrx_word' id='word_1_21' title='bbox 1184 466 1401 534; x_wconf 76' lang='lat' dir='ltr'><strong>interfectores</strong></span> 
     </span>
     <span class='ocr_line' id='line_1_4' title="bbox 292 541 1402 642; baseline 0.006 -29"><span class='ocrx_word' id='word_1_22' title='bbox 292 541 294 551; x_wconf 15' lang='grc' dir='ltr'>ἱ</span> <span class='ocrx_word' id='word_1_23' title='bbox 339 549 413 634; x_wconf 87' lang='lat' dir='ltr'><strong>pars</strong></span> <span class='ocrx_word' id='word_1_24' title='bbox 427 551 461 613; x_wconf 92' lang='lat' dir='ltr'><strong>in</strong></span> <span class='ocrx_word' id='word_1_25' title='bbox 476 549 579 616; x_wconf 86' lang='lat' dir='ltr'><strong>forum</strong></span> <span class='ocrx_word' id='word_1_26' title='bbox 595 551 636 615; x_wconf 88' lang='lat' dir='ltr'><strong>ad</strong></span> <span class='ocrx_word' id='word_1_27' title='bbox 656 551 891 618; x_wconf 80' lang='lat' dir='ltr'><strong>multitudinem</strong></span> <span class='ocrx_word' id='word_1_28' title='bbox 928 566 1021 617; x_wconf 73' lang='lat' dir='ltr'><strong>rotam</strong></span> <span class='ocrx_word' id='word_1_29' title='bbox 1044 553 1198 630; x_wconf 77' lang='lat' dir='ltr'><strong>libertate,</strong></span> <span class='ocrx_word' id='word_1_30' title='bbox 1214 573 1289 638; x_wconf 84' lang='lat' dir='ltr'><strong>pars</strong></span> <span class='ocrx_word' id='word_1_31' title='bbox 1305 555 1402 642; x_wconf 86' lang='lat' dir='ltr'><strong>Syre·</strong></span> 
     </span>
     <span class='ocr_line' id='line_1_5' title="bbox 339 637 1400 727; baseline 0.006 -27"><span class='ocrx_word' id='word_1_32' title='bbox 339 657 428 708; x_wconf 79' lang='lat' dir='ltr'><strong>cusas</strong></span> <span class='ocrx_word' id='word_1_33' title='bbox 442 650 593 724; x_wconf 87' lang='lat' dir='ltr'><strong>pergunt,</strong></span> <span class='ocrx_word' id='word_1_34' title='bbox 609 639 647 702; x_wconf 87' lang='lat' dir='ltr'><strong>ad</strong></span> <span class='ocrx_word' id='word_1_35' title='bbox 662 637 918 725; x_wconf 87' lang='lat' dir='ltr'><strong>praeoccupenda</strong></span> <span class='ocrx_word' id='word_1_36' title='bbox 933 639 1158 704; x_wconf 84' lang='lat' dir='ltr'><strong>Andrenodori</strong></span> <span class='ocrx_word' id='word_1_37' title='bbox 1173 642 1400 727; x_wconf 87' lang='lat' dir='ltr'><strong>regiorumque</strong></span> 
     </span>
     <span class='ocr_line' id='line_1_6' title="bbox 339 721 1399 811; baseline 0.005 -25"><span class='ocrx_word' id='word_1_38' title='bbox 339 721 475 786; x_wconf 86' lang='lat' dir='ltr'><strong>aliorum</strong></span> <span class='ocrx_word' id='word_1_39' title='bbox 501 724 641 789; x_wconf 84' lang='lat' dir='ltr'><strong>consilia.</strong></span> <span class='ocrx_word' id='word_1_40' title='bbox 687 725 813 788; x_wconf 84' lang='lat' dir='ltr'><strong>Incerto</strong></span> <span class='ocrx_word' id='word_1_41' title='bbox 835 747 940 788; x_wconf 89' lang='lat' dir='ltr'><strong>rerum</strong></span> <span class='ocrx_word' id='word_1_42' title='bbox 963 723 1054 803; x_wconf 79' lang='lat' dir='ltr'><strong>stetu,</strong></span> <span class='ocrx_word' id='word_1_43' title='bbox 1071 729 1136 811; x_wconf 80' lang='lat' dir='ltr'><strong>Ap.</strong></span> <span class='ocrx_word' id='word_1_44' title='bbox 1153 725 1315 806; x_wconf 86' lang='lat' dir='ltr'><strong>Claudius,</strong></span> <span class='ocrx_word' id='word_1_45' title='bbox 1331 725 1399 791; x_wconf 88' lang='lat' dir='ltr'><strong>bel·</strong></span> 
     </span>
     <span class='ocr_line' id='line_1_7' title="bbox 256 806 1407 896; baseline 0.006 -25"><span class='ocrx_word' id='word_1_46' title='bbox 256 806 261 812; x_wconf 76' lang='grc'><strong>’</strong></span> <span class='ocrx_word' id='word_1_47' title='bbox 338 807 405 873; x_wconf 92' lang='lat' dir='ltr'><strong>lum</strong></span> <span class='ocrx_word' id='word_1_48' title='bbox 432 809 535 875; x_wconf 88' lang='lat' dir='ltr'><strong>oriens</strong></span> <span class='ocrx_word' id='word_1_49' title='bbox 559 831 602 874; x_wconf 84' lang='lat' dir='ltr'><strong>ex</strong></span> <span class='ocrx_word' id='word_1_50' title='bbox 626 811 805 896; x_wconf 90' lang='lat' dir='ltr'><strong>propinquo</strong></span> <span class='ocrx_word' id='word_1_51' title='bbox 825 831 928 896; x_wconf 83' lang='lat' dir='ltr'><strong>quum</strong></span> <span class='ocrx_word' id='word_1_52' title='bbox 952 825 1107 893; x_wconf 81' lang='lat' dir='ltr'><strong>cerneret,</strong></span> <span class='ocrx_word' id='word_1_53' title='bbox 1129 824 1271 877; x_wconf 83' lang='lat' dir='ltr'><strong>senatum</strong></span> <span class='ocrx_word' id='word_1_54' title='bbox 1298 813 1407 896; x_wconf 76' lang='lat' dir='ltr'><strong>literis·</strong></span> 
     </span>
     <span class='ocr_line' id='line_1_8' title="bbox 266 892 1401 985; baseline 0.005 -27"><span class='ocrx_word' id='word_1_55' title='bbox 266 909 270 916; x_wconf 90' lang='grc'><strong>“</strong></span> <span class='ocrx_word' id='word_1_56' title='bbox 338 892 503 960; x_wconf 81' lang='lat' dir='ltr'><strong>certiorem</strong></span> <span class='ocrx_word' id='word_1_57' title='bbox 529 896 613 975; x_wconf 85' lang='lat' dir='ltr'><strong>fecit,</strong></span> <span class='ocrx_word' id='word_1_58' title='bbox 639 897 778 961; x_wconf 81' lang='lat' dir='ltr'><strong>Siciliam</strong></span> <span class='ocrx_word' id='word_1_59' title='bbox 800 897 1058 985; x_wconf 80' lang='lat' dir='ltr'><strong>Karthaginiensi</strong></span> <span class='ocrx_word' id='word_1_60' title='bbox 1081 898 1201 984; x_wconf 87' lang='lat' dir='ltr'><strong>populo</strong></span> <span class='ocrx_word' id='word_1_61' title='bbox 1223 911 1255 963; x_wconf 88' lang='lat' dir='ltr'><strong>et</strong></span> <span class='ocrx_word' id='word_1_62' title='bbox 1271 897 1401 964; x_wconf 88' lang='lat' dir='ltr'><strong>Hanni·</strong></span> 
     </span>
     <span class='ocr_line' id='line_1_9' title="bbox 337 979 1402 1070; baseline 0.005 -24"><span class='ocrx_word' id='word_1_63' title='bbox 337 979 403 1048; x_wconf 81' lang='lat' dir='ltr'><strong>bati</strong></span> <span class='ocrx_word' id='word_1_64' title='bbox 426 981 597 1048; x_wconf 86' lang='lat' dir='ltr'><strong>conciliari.</strong></span> <span class='ocrx_word' id='word_1_65' title='bbox 621 982 630 1044; x_wconf 92' lang='lat' dir='ltr'><strong>i</strong></span> <span class='ocrx_word' id='word_1_66' title='bbox 655 1005 687 1047; x_wconf 87' lang='lat' dir='ltr'><strong>se</strong></span> <span class='ocrx_word' id='word_1_67' title='bbox 705 983 854 1048; x_wconf 87' lang='lat' dir='ltr'><strong>adversus</strong></span> <span class='ocrx_word' id='word_1_68' title='bbox 872 985 1069 1068; x_wconf 82' lang='lat' dir='ltr'><strong>Syracusana</strong></span> <span class='ocrx_word' id='word_1_69' title='bbox 1082 985 1221 1062; x_wconf 76' lang='lat' dir='ltr'><strong>oonsilio,</strong></span> <span class='ocrx_word' id='word_1_70' title='bbox 1237 985 1402 1070; x_wconf 81' lang='lat' dir='ltr'><strong>⁴1provin-</strong></span> 
     </span>
     <span class='ocr_line' id='line_1_10' title="bbox 338 1005 1401 1154; baseline 0.006 -23"><span class='ocrx_word' id='word_1_71' title='bbox 338 1067 433 1148; x_wconf 86' lang='lat' dir='ltr'><strong>oiam,</strong></span> <span class='ocrx_word' id='word_1_72' title='bbox 448 1069 549 1154; x_wconf 70' lang='lat' dir='ltr'><strong>regni(</strong></span> <span class='ocrx_word' id='word_1_73' title='bbox 562 1093 601 1134; x_wconf 93' lang='lat' dir='ltr'><strong>ue</strong></span> <span class='ocrx_word' id='word_1_74' title='bbox 622 1005 700 1134; x_wconf 73' lang='lat' dir='ltr'><strong>lines</strong></span> <span class='ocrx_word' id='word_1_75' title='bbox 722 1070 828 1132; x_wconf 83' lang='lat' dir='ltr'><strong>omnia</strong></span> <span class='ocrx_word' id='word_1_76' title='bbox 849 1072 1004 1135; x_wconf 82' lang='lat' dir='ltr'><strong>convertit</strong></span> <span class='ocrx_word' id='word_1_77' title='bbox 1027 1071 1181 1154; x_wconf 86' lang='lat' dir='ltr'><strong>praesidia.</strong></span> <span class='ocrx_word' id='word_1_78' title='bbox 1206 1095 1208 1103; x_wconf 58' lang='lat'><strong>⁴</strong></span> <span class='ocrx_word' id='word_1_79' title='bbox 1227 1070 1327 1136; x_wconf 80' lang='lat' dir='ltr'><strong>Exitu</strong></span> <span class='ocrx_word' id='word_1_80' title='bbox 1342 1081 1401 1137; x_wconf 87' lang='lat' dir='ltr'><strong>an&#39;·</strong></span> 
     </span>
     <span class='ocr_line' id='line_1_11' title="bbox 337 1095 1401 1244; baseline 0.008 -27"><span class='ocrx_word' id='word_1_81' title='bbox 337 1153 373 1217; x_wconf 88' lang='lat' dir='ltr'><strong>ni</strong></span> <span class='ocrx_word' id='word_1_82' title='bbox 387 1155 466 1240; x_wconf 83' lang='lat' dir='ltr'><strong>ejus,</strong></span> <span class='ocrx_word' id='word_1_83' title='bbox 481 1155 524 1231; x_wconf 84' lang='lat' dir='ltr'><strong>Q.</strong></span> <span class='ocrx_word' id='word_1_84' title='bbox 542 1095 659 1219; x_wconf 72' lang='lat' dir='ltr'><strong>Iabius</strong></span> <span class='ocrx_word' id='word_1_85' title='bbox 681 1177 720 1238; x_wconf 69' lang='lat' dir='ltr'><strong>en</strong></span> <span class='ocrx_word' id='word_1_86' title='bbox 743 1157 930 1222; x_wconf 83' lang='lat' dir='ltr'><strong>auctoritate</strong></span> <span class='ocrx_word' id='word_1_87' title='bbox 944 1170 1068 1223; x_wconf 84' lang='lat' dir='ltr'><strong>senatus</strong></span> <span class='ocrx_word' id='word_1_88' title='bbox 1083 1158 1245 1235; x_wconf 81' lang='lat' dir='ltr'><strong>Puteolos,</strong></span> <span class='ocrx_word' id='word_1_89' title='bbox 1262 1181 1321 1244; x_wconf 90' lang='lat' dir='ltr'><strong>per</strong></span> <span class='ocrx_word' id='word_1_90' title='bbox 1332 1159 1401 1224; x_wconf 85' lang='lat' dir='ltr'><strong>bel·</strong></span> 
     </span>
     <span class='ocr_line' id='line_1_12' title="bbox 268 1239 1402 1329; baseline 0.004 -23"><span class='ocrx_word' id='word_1_91' title='bbox 268 1287 271 1295; x_wconf 81' lang='lat'>·</span> <span class='ocrx_word' id='word_1_92' title='bbox 334 1239 404 1306; x_wconf 90' lang='lat' dir='ltr'><strong>lum</strong></span> <span class='ocrx_word' id='word_1_93' title='bbox 435 1254 578 1325; x_wconf 88' lang='lat' dir='ltr'><strong>coeptum</strong></span> <span class='ocrx_word' id='word_1_94' title='bbox 613 1240 808 1326; x_wconf 83' lang='lat' dir='ltr'><strong>&#39;frequentari</strong></span> <span class='ocrx_word' id='word_1_95' title='bbox 845 1244 1033 1328; x_wconf 83' lang='lat' dir='ltr'><strong>emporium,</strong></span> <span class='ocrx_word' id='word_1_96' title='bbox 1064 1244 1261 1322; x_wconf 80' lang='lat' dir='ltr'><strong>communiit,</strong></span> <span class='ocrx_word' id='word_1_97' title='bbox 1291 1246 1402 1329; x_wconf 73' lang='lat' dir='ltr'><strong>praesi-</strong></span> 
     </span>
     <span class='ocr_line' id='line_1_13' title="bbox 337 1323 1401 1412; baseline 0.006 -22"><span class='ocrx_word' id='word_1_98' title='bbox 337 1323 488 1412; x_wconf 89' lang='lat' dir='ltr'><strong>diumque</strong></span> <span class='ocrx_word' id='word_1_99' title='bbox 503 1327 652 1412; x_wconf 77' lang='lat' dir='ltr'><strong>inposuit.</strong></span> <span class='ocrx_word' id='word_1_100' title='bbox 675 1328 750 1392; x_wconf 86' lang='lat' dir='ltr'><strong>inde</strong></span> <span class='ocrx_word' id='word_1_101' title='bbox 766 1328 905 1394; x_wconf 81' lang='lat' dir='ltr'><strong>Romam</strong></span> <span class='ocrx_word' id='word_1_102' title='bbox 920 1331 1119 1394; x_wconf 85' lang='lat' dir='ltr'><strong>comitiorum</strong></span> <span class='ocrx_word' id='word_1_103' title='bbox 1136 1337 1245 1396; x_wconf 79' lang='lat' dir='ltr'><strong>caussa</strong></span> <span class='ocrx_word' id='word_1_104' title='bbox 1259 1332 1401 1411; x_wconf 87' lang='lat' dir='ltr'><strong>veniens,</strong></span> 
     </span>
     <span class='ocr_line' id='line_1_14' title="bbox 176 1412 1401 1498; baseline 0.005 -22"><span class='ocrx_word' id='word_1_105' title='bbox 176 1428 281 1477; x_wconf 76' lang='lat' dir='ltr'><strong>comita</strong></span> <span class='ocrx_word' id='word_1_106' title='bbox 337 1412 371 1476; x_wconf 89' lang='lat' dir='ltr'><strong>in</strong></span> <span class='ocrx_word' id='word_1_107' title='bbox 398 1431 482 1494; x_wconf 88' lang='lat' dir='ltr'><strong>eum,</strong></span> <span class='ocrx_word' id='word_1_108' title='bbox 505 1435 599 1498; x_wconf 88' lang='lat' dir='ltr'><strong>quem</strong></span> <span class='ocrx_word' id='word_1_109' title='bbox 628 1415 767 1498; x_wconf 88' lang='lat' dir='ltr'><strong>primum</strong></span> <span class='ocrx_word' id='word_1_110' title='bbox 796 1415 880 1480; x_wconf 89' lang='lat' dir='ltr'><strong>diem</strong></span> <span class='ocrx_word' id='word_1_111' title='bbox 910 1415 1100 1481; x_wconf 84' lang='lat' dir='ltr'><strong>comitialem</strong></span> <span class='ocrx_word' id='word_1_112' title='bbox 1127 1418 1251 1495; x_wconf 81' lang='lat' dir='ltr'><strong>habuit,</strong></span> <span class='ocrx_word' id='word_1_113' title='bbox 1270 1419 1401 1482; x_wconf 82' lang='lat' dir='ltr'><strong>comitia</strong></span> 
     </span>
     <span class='ocr_line' id='line_1_15' title="bbox 175 1495 1400 1588; baseline 0.007 -27"><span class='ocrx_word' id='word_1_114' title='bbox 175 1495 316 1543; x_wconf 65' lang='lat' dir='ltr'><strong>⁰⁰³⁸¹²¹⁸¹i⁰⁴</strong></span> <span class='ocrx_word' id='word_1_115' title='bbox 337 1498 454 1576; x_wconf 76' lang='lat' dir='ltr'><strong>edixit5</strong></span> <span class='ocrx_word' id='word_1_116' title='bbox 481 1511 576 1586; x_wconf 87' lang='lat' dir='ltr'><strong>atque</strong></span> <span class='ocrx_word' id='word_1_117' title='bbox 598 1521 639 1564; x_wconf 84' lang='lat' dir='ltr'><strong>ex</strong></span> <span class='ocrx_word' id='word_1_118' title='bbox 661 1499 773 1566; x_wconf 87' lang='lat' dir='ltr'><strong>itinere</strong></span> <span class='ocrx_word' id='word_1_119' title='bbox 793 1515 912 1586; x_wconf 86' lang='lat' dir='ltr'><strong>praeter</strong></span> <span class='ocrx_word' id='word_1_120' title='bbox 933 1501 1043 1566; x_wconf 84' lang='lat' dir='ltr'><strong>urbem</strong></span> <span class='ocrx_word' id='word_1_121' title='bbox 1059 1503 1092 1566; x_wconf 89' lang='lat' dir='ltr'><strong>in</strong></span> <span class='ocrx_word' id='word_1_122' title='bbox 1108 1525 1254 1588; x_wconf 86' lang='lat' dir='ltr'><strong>eampum</strong></span> <span class='ocrx_word' id='word_1_123' title='bbox 1270 1505 1400 1569; x_wconf 87' lang='lat' dir='ltr'><strong>deseen-</strong></span> 
     </span>
     <span class='ocr_line' id='line_1_16' title="bbox 304 1581 1396 1676; baseline 0.007 -28"><span class='ocrx_word' id='word_1_124' title='bbox 304 1591 312 1609; x_wconf 66' lang='lat'><em>&#39;</em></span> <span class='ocrx_word' id='word_1_125' title='bbox 337 1581 396 1648; x_wconf 89' lang='lat' dir='ltr'><strong>dit.</strong></span> <span class='ocrx_word' id='word_1_126' title='bbox 442 1584 493 1649; x_wconf 86' lang='lat' dir='ltr'><strong>Eo</strong></span> <span class='ocrx_word' id='word_1_127' title='bbox 513 1587 566 1651; x_wconf 88' lang='lat' dir='ltr'><strong>die</strong></span> <span class='ocrx_word' id='word_1_128' title='bbox 583 1585 715 1672; x_wconf 81' lang='lat' dir='ltr'><strong>¹²quum</strong></span> <span class='ocrx_word' id='word_1_129' title='bbox 738 1607 931 1673; x_wconf 85' lang='lat' dir='ltr'><strong>sorspraero</strong></span> <span class='ocrx_word' id='word_1_130' title='bbox 955 1589 1047 1653; x_wconf 79' lang='lat' dir='ltr'><strong>ativae</strong></span> <span class='ocrx_word' id='word_1_131' title='bbox 1077 1590 1214 1654; x_wconf 83' lang='lat' dir='ltr'><strong>Aniensi</strong></span> <span class='ocrx_word' id='word_1_132' title='bbox 1232 1591 1396 1676; x_wconf 84' lang='lat' dir='ltr'><strong>juniorum</strong></span> 
     </span>
     <span class='ocr_line' id='line_1_17' title="bbox 336 1671 1396 1764; baseline 0.007 -29"><span class='ocrx_word' id='word_1_133' title='bbox 336 1671 460 1749; x_wconf 85' lang='lat' dir='ltr'><strong>exisset,</strong></span> <span class='ocrx_word' id='word_1_134' title='bbox 476 1694 576 1759; x_wconf 85' lang='lat' dir='ltr'><strong>eaque</strong></span> <span class='ocrx_word' id='word_1_135' title='bbox 592 1673 633 1736; x_wconf 88' lang='lat' dir='ltr'><strong>T.</strong></span> <span class='ocrx_word' id='word_1_136' title='bbox 650 1673 835 1752; x_wconf 83' lang='lat' dir='ltr'><strong>Otacilium,</strong></span> <span class='ocrx_word' id='word_1_137' title='bbox 853 1674 911 1738; x_wconf 87' lang='lat' dir='ltr'><strong>M..</strong></span> <span class='ocrx_word' id='word_1_138' title='bbox 967 1676 1087 1742; x_wconf 81' lang='lat' dir='ltr'><strong>milium</strong></span> <span class='ocrx_word' id='word_1_139' title='bbox 1107 1675 1268 1764; x_wconf 80' lang='lat' dir='ltr'><strong>Regillum</strong></span> <span class='ocrx_word' id='word_1_140' title='bbox 1281 1697 1396 1742; x_wconf 82' lang='lat' dir='ltr'><strong>eonsu-</strong></span> 
     </span>
     <span class='ocr_line' id='line_1_18' title="bbox 336 1755 1400 1850; baseline 0.007 -28"><span class='ocrx_word' id='word_1_141' title='bbox 336 1757 382 1848; x_wconf 83' lang='lat' dir='ltr'><strong>les</strong></span> <span class='ocrx_word' id='word_1_142' title='bbox 404 1758 533 1850; x_wconf 80' lang='lat' dir='ltr'><strong>diceret,</strong></span> <span class='ocrx_word' id='word_1_143' title='bbox 557 1756 624 1850; x_wconf 75' lang='lat' dir='ltr'><strong>tu&#39;m</strong></span> <span class='ocrx_word' id='word_1_144' title='bbox 642 1755 685 1836; x_wconf 86' lang='lat' dir='ltr'><strong>Q.</strong></span> <span class='ocrx_word' id='word_1_145' title='bbox 703 1760 829 1838; x_wconf 77' lang='lat' dir='ltr'><strong>Fabius,</strong></span> <span class='ocrx_word' id='word_1_146' title='bbox 844 1761 969 1826; x_wconf 87' lang='lat' dir='ltr'><strong>silentio</strong></span> <span class='ocrx_word' id='word_1_147' title='bbox 993 1761 1085 1840; x_wconf 84' lang='lat' dir='ltr'><strong>fecto,</strong></span> <span class='ocrx_word' id='word_1_148' title='bbox 1107 1763 1163 1827; x_wconf 84' lang='lat' dir='ltr'><strong>tali</strong></span> <span class='ocrx_word' id='word_1_149' title='bbox 1185 1764 1329 1828; x_wconf 82' lang='lat' dir='ltr'><strong>oratione</strong></span> <span class='ocrx_word' id='word_1_150' title='bbox 1350 1775 1400 1829; x_wconf 90' lang='lat' dir='ltr'><strong>est</strong></span> 
     </span>
    </p>

    <p class='ocr_par' dir='ltr' id='par_1_3' title="bbox 138 1865 1474 3232">
     <span class='ocr_line' id='line_1_19' title="bbox 341 1865 1040 1910; baseline 0.003 -2"><span class='ocrx_word' id='word_1_151' title='bbox 341 1865 430 1908; x_wconf 88' lang='lat' dir='ltr'><strong>usus:</strong></span> <span class='ocrx_word' id='word_1_152' title='bbox 658 1867 660 1872; x_wconf 92' lang='lat'>·</span> <span class='ocrx_word' id='word_1_153' title='bbox 1036 1899 1040 1910; x_wconf 89' lang='lat'><strong>.</strong></span> 
     </span>
     <span class='ocr_line' id='line_1_20' title="bbox 174 1930 1401 2020; baseline 0.01 -31"><span class='ocrx_word' id='word_1_154' title='bbox 174 1942 309 2020; x_wconf 68' lang='lat' dir='ltr'><strong>sabucus.</strong></span> <span class='ocrx_word' id='word_1_155' title='bbox 348 1965 351 1971; x_wconf 44' lang='lat' dir='ltr'>v</span> <span class='ocrx_word' id='word_1_156' title='bbox 381 1930 478 1998; x_wconf 86' lang='lat' dir='ltr'><strong>VIII.</strong></span> <span class='ocrx_word' id='word_1_157' title='bbox 500 1935 537 1999; x_wconf 84' lang='lat' dir='ltr'><strong>Si</strong></span> <span class='ocrx_word' id='word_1_158' title='bbox 550 1943 606 1998; x_wconf 86' lang='lat' dir='ltr'><strong>eat</strong></span> <span class='ocrx_word' id='word_1_159' title='bbox 613 1955 722 2017; x_wconf 83' lang='lat' dir='ltr'><strong>pacem</strong></span> <span class='ocrx_word' id='word_1_160' title='bbox 734 1937 767 1998; x_wconf 89' lang='lat' dir='ltr'><strong>in</strong></span> <span class='ocrx_word' id='word_1_161' title='bbox 784 1935 891 2010; x_wconf 84' lang='lat' dir='ltr'><strong>Italia,</strong></span> <span class='ocrx_word' id='word_1_162' title='bbox 904 1945 959 1998; x_wconf 83' lang='lat' dir='ltr'><strong>ant</strong></span> <span class='ocrx_word' id='word_1_163' title='bbox 977 1936 1084 1999; x_wconf 84' lang='lat' dir='ltr'><strong>bellam</strong></span> <span class='ocrx_word' id='word_1_164' title='bbox 1103 1958 1168 2001; x_wconf 81' lang='lat' dir='ltr'><strong>earn</strong></span> <span class='ocrx_word' id='word_1_165' title='bbox 1188 1959 1225 2000; x_wconf 85' lang='lat' dir='ltr'><strong>eo</strong></span> <span class='ocrx_word' id='word_1_166' title='bbox 1243 1939 1329 2001; x_wconf 77' lang='lat' dir='ltr'><strong>hoste</strong></span> <span class='ocrx_word' id='word_1_167' title='bbox 1341 1938 1401 2000; x_wconf 78' lang='lat' dir='ltr'><strong>ha·</strong></span> 
     </span>
     <span class='ocr_line' id='line_1_21' title="bbox 138 2009 1474 2106; baseline 0.003 -22"><span class='ocrx_word' id='word_1_168' title='bbox 138 2019 139 2022; x_wconf 64' lang='grc'>’</span> <span class='ocrx_word' id='word_1_169' title='bbox 174 2009 293 2085; x_wconf 36' lang='lat' dir='ltr'><strong>osannae·</strong></span> <span class='ocrx_word' id='word_1_170' title='bbox 336 2017 478 2096; x_wconf 80' lang='lat' dir='ltr'><strong>heremus,</strong></span> <span class='ocrx_word' id='word_1_171' title='bbox 496 2021 531 2083; x_wconf 88' lang='lat' dir='ltr'><strong>in</strong></span> <span class='ocrx_word' id='word_1_172' title='bbox 545 2041 604 2104; x_wconf 89' lang='lat' dir='ltr'><strong>qao</strong></span> <span class='ocrx_word' id='word_1_173' title='bbox 617 2023 816 2104; x_wconf 79' lang='lat' dir='ltr'><strong>neglegentiae</strong></span> <span class='ocrx_word' id='word_1_174' title='bbox 834 2023 938 2084; x_wconf 81' lang='lat' dir='ltr'><strong>iunior</strong></span> <span class='ocrx_word' id='word_1_175' title='bbox 951 2023 1032 2086; x_wconf 79' lang='lat' dir='ltr'><strong>laem</strong></span> <span class='ocrx_word' id='word_1_176' title='bbox 1046 2025 1130 2100; x_wconf 79' lang='lat' dir='ltr'><strong>esset,</strong></span> <span class='ocrx_word' id='word_1_177' title='bbox 1145 2025 1200 2106; x_wconf 82' lang='lat' dir='ltr'><strong>qni</strong></span> <span class='ocrx_word' id='word_1_178' title='bbox 1213 2025 1401 2090; x_wconf 83' lang='lat' dir='ltr'><strong>nestrisstu·</strong></span> <span class='ocrx_word' id='word_1_179' title='bbox 1470 2074 1474 2079; x_wconf 81' lang='grc'><em>.</em></span> 
     </span>
     <span class='ocr_line' id='line_1_22' title="bbox 173 2073 1404 2198; baseline 0.006 -30"><span class='ocrx_word' id='word_1_180' title='bbox 173 2073 316 2198; x_wconf 53' lang='grc' dir='ltr'><strong>ᾙὲἶξ,</strong></span> <span class='ocrx_word' id='word_1_181' title='bbox 336 2107 409 2182; x_wconf 87' lang='lat' dir='ltr'><strong>dir&#39;s,</strong></span> <span class='ocrx_word' id='word_1_182' title='bbox 425 2127 493 2191; x_wconf 72' lang='lat' dir='ltr'><strong>qnae</strong></span> <span class='ocrx_word' id='word_1_183' title='bbox 515 2109 549 2170; x_wconf 91' lang='lat' dir='ltr'><strong>in</strong></span> <span class='ocrx_word' id='word_1_184' title='bbox 570 2127 705 2190; x_wconf 80' lang='lat' dir='ltr'><strong>eampum</strong></span> <span class='ocrx_word' id='word_1_185' title='bbox 727 2109 772 2170; x_wconf 88' lang='lat' dir='ltr'><strong>ad</strong></span> <span class='ocrx_word' id='word_1_186' title='bbox 791 2107 990 2190; x_wconf 86' lang='lat' dir='ltr'><strong>mandandos,</strong></span> <span class='ocrx_word' id='word_1_187' title='bbox 1014 2109 1119 2192; x_wconf 81' lang='lat' dir='ltr'><strong>quibas</strong></span> <span class='ocrx_word' id='word_1_188' title='bbox 1138 2111 1250 2188; x_wconf 82' lang='lat' dir='ltr'><strong>velitis,</strong></span> <span class='ocrx_word' id='word_1_189' title='bbox 1271 2111 1404 2176; x_wconf 76' lang='lat' dir='ltr'><strong>donares</strong></span> 
     </span>
     <span class='ocr_line' id='line_1_23' title="bbox 173 2192 1401 2278; baseline 0.009 -29"><span class='ocrx_word' id='word_1_190' title='bbox 173 2215 201 2250; x_wconf 80' lang='lat' dir='ltr'><strong>re</strong></span> <span class='ocrx_word' id='word_1_191' title='bbox 212 2203 277 2250; x_wconf 71' lang='lat' dir='ltr'><strong>cna.</strong></span> <span class='ocrx_word' id='word_1_192' title='bbox 336 2193 478 2278; x_wconf 70' lang='lat' dir='ltr'><strong>adfertis,</strong></span> <span class='ocrx_word' id='word_1_193' title='bbox 495 2205 610 2258; x_wconf 84' lang='lat' dir='ltr'><strong>moram</strong></span> <span class='ocrx_word' id='word_1_194' title='bbox 620 2196 714 2257; x_wconf 83' lang='lat' dir='ltr'><strong>aliern</strong></span> <span class='ocrx_word' id='word_1_195' title='bbox 727 2192 868 2278; x_wconf 68' lang='lat' dir='ltr'><strong>adferret,</strong></span> <span class='ocrx_word' id='word_1_196' title='bbox 885 2195 912 2257; x_wconf 86' lang='lat' dir='ltr'><strong>is</strong></span> <span class='ocrx_word' id='word_1_197' title='bbox 926 2196 1002 2258; x_wconf 84' lang='lat' dir='ltr'><strong>milri</strong></span> <span class='ocrx_word' id='word_1_198' title='bbox 1011 2197 1301 2276; x_wconf 77' lang='lat' dir='ltr'><strong>parummeminiase</strong></span> <span class='ocrx_word' id='word_1_199' title='bbox 1313 2198 1401 2262; x_wconf 56' lang='lat' dir='ltr'><strong>aas</strong></span> 
     </span>
     <span class='ocr_line' id='line_1_24' title="bbox 336 2279 1398 2363; baseline 0.004 -20"><span class='ocrx_word' id='word_1_200' title='bbox 336 2290 423 2344; x_wconf 80' lang='lat' dir='ltr'><strong>retur</strong></span> <span class='ocrx_word' id='word_1_201' title='bbox 444 2290 553 2354; x_wconf 73' lang='lat' dir='ltr'><strong>nestra</strong></span> <span class='ocrx_word' id='word_1_202' title='bbox 573 2279 738 2344; x_wconf 78' lang='lat' dir='ltr'><strong>libertatis.</strong></span> <span class='ocrx_word' id='word_1_203' title='bbox 759 2281 812 2343; x_wconf 89' lang='lat' dir='ltr'><strong>sed</strong></span> <span class='ocrx_word' id='word_1_204' title='bbox 831 2301 919 2363; x_wconf 84' lang='lat' dir='ltr'><strong>quam</strong></span> <span class='ocrx_word' id='word_1_205' title='bbox 942 2281 975 2343; x_wconf 90' lang='lat' dir='ltr'><strong>in</strong></span> <span class='ocrx_word' id='word_1_206' title='bbox 998 2281 1055 2344; x_wconf 81' lang='lat' dir='ltr'><strong>loc</strong></span> <span class='ocrx_word' id='word_1_207' title='bbox 1078 2282 1164 2358; x_wconf 84' lang='lat' dir='ltr'><strong>dello,</strong></span> <span class='ocrx_word' id='word_1_208' title='bbox 1181 2283 1216 2345; x_wconf 86' lang='lat' dir='ltr'><strong>in</strong></span> <span class='ocrx_word' id='word_1_209' title='bbox 1234 2283 1290 2346; x_wconf 81' lang='lat' dir='ltr'><strong>hoa</strong></span> <span class='ocrx_word' id='word_1_210' title='bbox 1303 2283 1398 2360; x_wconf 69' lang='lat' dir='ltr'><strong>dome,</strong></span> 
     </span>
     <span class='ocr_line' id='line_1_25' title="bbox 335 2365 1438 2450; baseline 0.003 -20"><span class='ocrx_word' id='word_1_211' title='bbox 335 2385 497 2450; x_wconf 79' lang='lat' dir='ltr'><strong>nunqnam</strong></span> <span class='ocrx_word' id='word_1_212' title='bbox 511 2367 551 2429; x_wconf 85' lang='lat' dir='ltr'><strong>ab</strong></span> <span class='ocrx_word' id='word_1_213' title='bbox 565 2367 629 2433; x_wconf 80' lang='lat' dir='ltr'><strong>ullo</strong></span> <span class='ocrx_word' id='word_1_214' title='bbox 642 2365 716 2429; x_wconf 82' lang='lat' dir='ltr'><strong>dnae</strong></span> <span class='ocrx_word' id='word_1_215' title='bbox 728 2368 795 2430; x_wconf 83' lang='lat' dir='ltr'><strong>sine</strong></span> <span class='ocrx_word' id='word_1_216' title='bbox 808 2367 928 2450; x_wconf 80' lang='lat' dir='ltr'><strong>ingenti</strong></span> <span class='ocrx_word' id='word_1_217' title='bbox 952 2377 1057 2430; x_wconf 83' lang='lat' dir='ltr'><strong>nostra</strong></span> <span class='ocrx_word' id='word_1_218' title='bbox 1079 2369 1167 2431; x_wconf 85' lang='lat' dir='ltr'><strong>clade</strong></span> <span class='ocrx_word' id='word_1_219' title='bbox 1192 2377 1330 2432; x_wconf 78' lang='lat' dir='ltr'><strong>matum·</strong></span> <span class='ocrx_word' id='word_1_220' title='bbox 1344 2371 1398 2448; x_wconf 82' lang='lat' dir='ltr'><strong>sit,</strong></span> <span class='ocrx_word' id='word_1_221' title='bbox 1436 2421 1438 2425; x_wconf 68' lang='lat'><strong>,</strong></span> 
     </span>
     <span class='ocr_line' id='line_1_26' title="bbox 337 2449 1402 2542; baseline 0.001 -24"><span class='ocrx_word' id='word_1_222' title='bbox 337 2449 441 2518; x_wconf 77' lang='lat' dir='ltr'><strong>eaden</strong></span> <span class='ocrx_word' id='word_1_223' title='bbox 456 2475 507 2518; x_wconf 84' lang='lat' dir='ltr'><strong>vos</strong></span> <span class='ocrx_word' id='word_1_224' title='bbox 520 2473 606 2532; x_wconf 86' lang='lat' dir='ltr'><strong>cura,</strong></span> <span class='ocrx_word' id='word_1_225' title='bbox 618 2473 683 2536; x_wconf 84' lang='lat' dir='ltr'><strong>qaa</strong></span> <span class='ocrx_word' id='word_1_226' title='bbox 697 2454 732 2515; x_wconf 84' lang='lat' dir='ltr'><strong>in</strong></span> <span class='ocrx_word' id='word_1_227' title='bbox 746 2454 841 2516; x_wconf 81' lang='lat' dir='ltr'><strong>aciem</strong></span> <span class='ocrx_word' id='word_1_228' title='bbox 856 2456 972 2516; x_wconf 82' lang='lat' dir='ltr'><strong>armati</strong></span> <span class='ocrx_word' id='word_1_229' title='bbox 985 2455 1175 2531; x_wconf 80' lang='lat' dir='ltr'><strong>descenditis,</strong></span> <span class='ocrx_word' id='word_1_230' title='bbox 1192 2455 1275 2519; x_wconf 86' lang='lat' dir='ltr'><strong>inire</strong></span> <span class='ocrx_word' id='word_1_231' title='bbox 1283 2456 1402 2542; x_wconf 83' lang='lat' dir='ltr'><strong>saffra·</strong></span> 
     </span>
     <span class='ocr_line' id='line_1_27' title="bbox 331 2539 1398 2624; baseline 0.006 -24"><span class='ocrx_word' id='word_1_232' title='bbox 331 2541 419 2622; x_wconf 82' lang='lat' dir='ltr'><strong>giam</strong></span> <span class='ocrx_word' id='word_1_233' title='bbox 440 2541 485 2602; x_wconf 86' lang='lat' dir='ltr'><strong>ad</strong></span> <span class='ocrx_word' id='word_1_234' title='bbox 504 2541 651 2602; x_wconf 86' lang='lat' dir='ltr'><strong>creandas</strong></span> <span class='ocrx_word' id='word_1_235' title='bbox 674 2539 807 2602; x_wconf 77' lang='lat' dir='ltr'><strong>aonsrdes</strong></span> <span class='ocrx_word' id='word_1_236' title='bbox 827 2540 924 2615; x_wconf 82' lang='lat' dir='ltr'><strong>decet,</strong></span> <span class='ocrx_word' id='word_1_237' title='bbox 940 2548 971 2602; x_wconf 85' lang='lat' dir='ltr'><strong>et</strong></span> <span class='ocrx_word' id='word_1_238' title='bbox 983 2539 1043 2603; x_wconf 83' lang='lat' dir='ltr'><strong>sibi</strong></span> <span class='ocrx_word' id='word_1_239' title='bbox 1056 2541 1101 2604; x_wconf 88' lang='lat' dir='ltr'><strong>sic</strong></span> <span class='ocrx_word' id='word_1_240' title='bbox 1115 2561 1257 2624; x_wconf 80' lang='lat' dir='ltr'><strong>quemque</strong></span> <span class='ocrx_word' id='word_1_241' title='bbox 1278 2543 1398 2616; x_wconf 65' lang='lat' dir='ltr'><strong>disee·</strong></span> 
     </span>
     <span class='ocr_line' id='line_1_28' title="bbox 336 2625 1402 2706; baseline 0.004 -18"><span class='ocrx_word' id='word_1_242' title='bbox 336 2625 518 2688; x_wconf 77' lang='lat' dir='ltr'><strong>Hannibali</strong></span> <span class='ocrx_word' id='word_1_243' title='bbox 529 2626 710 2706; x_wconf 81' lang='lat' dir='ltr'><strong>imperatori</strong></span> <span class='ocrx_word' id='word_1_244' title='bbox 719 2646 828 2706; x_wconf 84' lang='lat' dir='ltr'><strong>parem</strong></span> <span class='ocrx_word' id='word_1_245' title='bbox 842 2627 1131 2690; x_wconf 66' lang='lat' dir='ltr'><strong>comannorum.</strong></span> <span class='ocrx_word' id='word_1_246' title='bbox 1174 2627 1249 2690; x_wconf 87' lang='lat' dir='ltr'><strong>Hae</strong></span> <span class='ocrx_word' id='word_1_247' title='bbox 1259 2631 1402 2692; x_wconf 80' lang='lat' dir='ltr'><strong>ennead</strong></span> 
     </span>
     <span class='ocr_line' id='line_1_29' title="bbox 338 2707 1399 2796; baseline 0.002 -20"><span class='ocrx_word' id='word_1_248' title='bbox 338 2707 477 2794; x_wconf 74' lang='lat' dir='ltr'><strong>Capenam</strong></span> <span class='ocrx_word' id='word_1_249' title='bbox 490 2711 625 2778; x_wconf 84' lang='lat' dir='ltr'><strong>aneilia</strong></span> <span class='ocrx_word' id='word_1_250' title='bbox 644 2711 948 2794; x_wconf 77' lang='lat' dir='ltr'><strong>Taureae·Carnpana</strong></span> <span class='ocrx_word' id='word_1_251' title='bbox 969 2734 1088 2787; x_wconf 39' lang='lat' dir='ltr'><strong>samma,</strong></span> <span class='ocrx_word' id='word_1_252' title='bbox 1099 2714 1197 2796; x_wconf 82' lang='lat' dir='ltr'><strong>eqniti</strong></span> <span class='ocrx_word' id='word_1_253' title='bbox 1212 2717 1399 2796; x_wconf 81' lang='lat' dir='ltr'><strong>provocanti</strong></span> 
     </span>
     <span class='ocr_line' id='line_1_30' title="bbox 312 2797 1400 2882; baseline -0.001 -20"><span class='ocrx_word' id='word_1_254' title='bbox 312 2841 316 2848; x_wconf 85' lang='lat'><strong>·</strong></span> <span class='ocrx_word' id='word_1_255' title='bbox 333 2817 462 2862; x_wconf 79' lang='lat' dir='ltr'><strong>sumnus</strong></span> <span class='ocrx_word' id='word_1_256' title='bbox 476 2798 634 2861; x_wconf 74' lang='lat' dir='ltr'><strong>Rornanra</strong></span> <span class='ocrx_word' id='word_1_257' title='bbox 647 2817 734 2880; x_wconf 81' lang='lat' dir='ltr'><strong>eques</strong></span> <span class='ocrx_word' id='word_1_258' title='bbox 748 2797 868 2862; x_wconf 82' lang='lat' dir='ltr'><strong>Asellus</strong></span> <span class='ocrx_word' id='word_1_259' title='bbox 883 2799 1032 2882; x_wconf 80' lang='lat' dir='ltr'><strong>Claudias</strong></span> <span class='ocrx_word' id='word_1_260' title='bbox 1039 2809 1084 2862; x_wconf 82' lang='lat' dir='ltr'><strong>est</strong></span> <span class='ocrx_word' id='word_1_261' title='bbox 1093 2799 1255 2882; x_wconf 55' lang='lat' dir='ltr'><strong>moritus.</strong></span> <span class='ocrx_word' id='word_1_262' title='bbox 1276 2799 1400 2866; x_wconf 74' lang='lat' dir='ltr'><strong>Aeser.</strong></span> 
     </span>
     <span class='ocr_line' id='line_1_31' title="bbox 334 2883 1402 2968; baseline 0 -20"><span class='ocrx_word' id='word_1_263' title='bbox 334 2905 384 2948; x_wconf 82' lang='lat' dir='ltr'><strong>sas</strong></span> <span class='ocrx_word' id='word_1_264' title='bbox 399 2883 538 2961; x_wconf 83' lang='lat' dir='ltr'><strong>Gallam,</strong></span> <span class='ocrx_word' id='word_1_265' title='bbox 555 2885 705 2968; x_wconf 81' lang='lat' dir='ltr'><strong>quandem</strong></span> <span class='ocrx_word' id='word_1_266' title='bbox 714 2894 928 2965; x_wconf 84' lang='lat' dir='ltr'><strong>provocantem</strong></span> <span class='ocrx_word' id='word_1_267' title='bbox 939 2886 974 2947; x_wconf 86' lang='lat' dir='ltr'><strong>in</strong></span> <span class='ocrx_word' id='word_1_268' title='bbox 982 2895 1079 2966; x_wconf 82' lang='lat' dir='ltr'><strong>ponte</strong></span> <span class='ocrx_word' id='word_1_269' title='bbox 1092 2886 1234 2963; x_wconf 85' lang='lat' dir='ltr'><strong>Anienis,</strong></span> <span class='ocrx_word' id='word_1_270' title='bbox 1251 2887 1288 2950; x_wconf 90' lang='grc' dir='ltr'><strong>Τ.</strong></span> <span class='ocrx_word' id='word_1_271' title='bbox 1299 2887 1402 2950; x_wconf 89' lang='lat' dir='ltr'><strong>Man-.</strong></span> 
     </span>
     <span class='ocr_line' id='line_1_32' title="bbox 334 2970 1399 3055; baseline 0.002 -21"><span class='ocrx_word' id='word_1_272' title='bbox 334 2971 576 3054; x_wconf 81' lang='lat' dir='ltr'><strong>liam‚fidentem</strong></span> <span class='ocrx_word' id='word_1_273' title='bbox 590 2980 619 3034; x_wconf 88' lang='lat' dir='ltr'><strong>et</strong></span> <span class='ocrx_word' id='word_1_274' title='bbox 630 2971 733 3032; x_wconf 87' lang='lat' dir='ltr'><strong>anima</strong></span> <span class='ocrx_word' id='word_1_275' title='bbox 747 2979 778 3033; x_wconf 83' lang='lat' dir='ltr'><strong>et</strong></span> <span class='ocrx_word' id='word_1_276' title='bbox 791 2970 915 3047; x_wconf 80' lang='lat' dir='ltr'><strong>viridas,</strong></span> <span class='ocrx_word' id='word_1_277' title='bbox 931 2973 1039 3036; x_wconf 87' lang='lat' dir='ltr'><strong>misere</strong></span> <span class='ocrx_word' id='word_1_278' title='bbox 1048 2970 1177 3055; x_wconf 83' lang='lat' dir='ltr'><strong>majores</strong></span> <span class='ocrx_word' id='word_1_279' title='bbox 1185 2975 1294 3037; x_wconf 85' lang='lat' dir='ltr'><strong>nostri.</strong></span> <span class='ocrx_word' id='word_1_280' title='bbox 1316 2971 1399 3036; x_wconf 67' lang='lat' dir='ltr'><strong>affl</strong></span> 
     </span>
     <span class='ocr_line' id='line_1_33' title="bbox 335 3057 1397 3142; baseline 0.004 -22"><span class='ocrx_word' id='word_1_281' title='bbox 335 3059 469 3134; x_wconf 83' lang='lat' dir='ltr'><strong>eamdem</strong></span> <span class='ocrx_word' id='word_1_282' title='bbox 482 3057 617 3121; x_wconf 76' lang='lat' dir='ltr'><strong>caussam</strong></span> <span class='ocrx_word' id='word_1_283' title='bbox 632 3057 716 3120; x_wconf 76' lang='lat' dir='ltr'><strong>hand</strong></span> <span class='ocrx_word' id='word_1_284' title='bbox 728 3058 831 3124; x_wconf 82' lang='lat' dir='ltr'><strong>multis</strong></span> <span class='ocrx_word' id='word_1_285' title='bbox 844 3060 937 3122; x_wconf 85' lang='lat' dir='ltr'><strong>annis</strong></span> <span class='ocrx_word' id='word_1_286' title='bbox 943 3059 1124 3142; x_wconf 76' lang='lat' dir='ltr'><strong>postfirisse</strong></span> <span class='ocrx_word' id='word_1_287' title='bbox 1132 3079 1197 3122; x_wconf 87' lang='lat' dir='ltr'><strong>non</strong></span> <span class='ocrx_word' id='word_1_288' title='bbox 1211 3061 1397 3142; x_wconf 82' lang='lat' dir='ltr'><strong>negauerim,</strong></span> 
     </span>
     <span class='ocr_line' id='line_1_34' title="bbox 335 3141 1398 3232; baseline 0.004 -24"><span class='ocrx_word' id='word_1_289' title='bbox 335 3163 401 3208; x_wconf 85' lang='lat' dir='ltr'><strong>enm</strong></span> <span class='ocrx_word' id='word_1_290' title='bbox 416 3143 466 3208; x_wconf 91' lang='lat' dir='ltr'><strong>M.</strong></span> <span class='ocrx_word' id='word_1_291' title='bbox 486 3141 611 3208; x_wconf 82' lang='lat' dir='ltr'><strong>Valerio</strong></span> <span class='ocrx_word' id='word_1_292' title='bbox 625 3165 687 3206; x_wconf 90' lang='lat' dir='ltr'><strong>non</strong></span> <span class='ocrx_word' id='word_1_293' title='bbox 701 3143 901 3232; x_wconf 71' lang='lat' dir='ltr'><strong>dffderetar,</strong></span> <span class='ocrx_word' id='word_1_294' title='bbox 913 3145 1057 3209; x_wconf 85' lang='lat' dir='ltr'><strong>adversus</strong></span> <span class='ocrx_word' id='word_1_295' title='bbox 1068 3146 1212 3210; x_wconf 82' lang='lat' dir='ltr'><strong>similiter</strong></span> <span class='ocrx_word' id='word_1_296' title='bbox 1224 3167 1398 3232; x_wconf 82' lang='lat' dir='ltr'><strong>provocan-</strong></span> 
     </span>
    </p>
   </div>
   <div class='ocr_carea' id='block_1_3' title="bbox 247 3415 1463 4474">
    <p class='ocr_par' dir='ltr' id='par_1_4' title="bbox 247 3415 1463 4474">
     <span class='ocr_line' id='line_1_35' title="bbox 367 3415 1463 3482; baseline 0.001 -17"><span class='ocrx_word' id='word_1_297' title='bbox 367 3416 850 3482; x_wconf 70' lang='lat' dir='ltr'><strong>41Pr0vnaam‚regnrquepne]1ree</strong></span> <span class='ocrx_word' id='word_1_298' title='bbox 881 3419 979 3467; x_wconf 76' lang='lat' dir='ltr'><strong>aLIvio</strong></span> <span class='ocrx_word' id='word_1_299' title='bbox 992 3417 1108 3480; x_wconf 80' lang='lat' dir='ltr'><strong>peculiari</strong></span> <span class='ocrx_word' id='word_1_300' title='bbox 1118 3417 1217 3466; x_wconf 87' lang='lat' dir='ltr'><strong>nomine</strong></span> <span class='ocrx_word' id='word_1_301' title='bbox 1228 3415 1396 3476; x_wconf 75' lang='lat' dir='ltr'><strong>designentur,</strong></span> <span class='ocrx_word' id='word_1_302' title='bbox 1460 3440 1463 3448; x_wconf 91' lang='lat'><em>·</em></span> 
     </span>
     <span class='ocr_line' id='line_1_36' title="bbox 334 3480 1396 3546; baseline 0 -18"><span class='ocrx_word' id='word_1_303' title='bbox 334 3483 406 3530; x_wconf 86' lang='lat' dir='ltr'><strong>lectio</strong></span> <span class='ocrx_word' id='word_1_304' title='bbox 416 3491 480 3532; x_wconf 81' lang='lat' dir='ltr'><strong>stare</strong></span> <span class='ocrx_word' id='word_1_305' title='bbox 491 3485 583 3546; x_wconf 86' lang='lat' dir='ltr'><strong>nequit.</strong></span> <span class='ocrx_word' id='word_1_306' title='bbox 612 3484 710 3545; x_wconf 81' lang='lat' dir='ltr'><strong>Pighius</strong></span> <span class='ocrx_word' id='word_1_307' title='bbox 720 3484 849 3531; x_wconf 74' lang='lat' dir='ltr'><strong>emendate</strong></span> <span class='ocrx_word' id='word_1_308' title='bbox 882 3485 1056 3532; x_wconf 82' lang='lat' dir='ltr'><strong>tribubusesse</strong></span> <span class='ocrx_word' id='word_1_309' title='bbox 1071 3481 1237 3542; x_wconf 76' lang='lat' dir='ltr'><strong>cognomines,</strong></span> <span class='ocrx_word' id='word_1_310' title='bbox 1252 3480 1396 3528; x_wconf 72' lang='lat' dir='ltr'><strong>hieAnien-</strong></span> 
     </span>
     <span class='ocr_line' id='line_1_37' title="bbox 249 3543 1398 3610; baseline -0.003 -15"><span class='ocrx_word' id='word_1_311' title='bbox 249 3557 254 3570; x_wconf 78' lang='lat'><strong><em>‘</em></strong></span> <span class='ocrx_word' id='word_1_312' title='bbox 334 3548 365 3594; x_wconf 81' lang='lat' dir='ltr'><strong>ael</strong></span> <span class='ocrx_word' id='word_1_313' title='bbox 382 3551 511 3610; x_wconf 83' lang='lat' dir='ltr'><strong>proolnrloe</strong></span> <span class='ocrx_word' id='word_1_314' title='bbox 529 3549 641 3610; x_wconf 69' lang='lat' dir='ltr'><strong>regnique</strong></span> <span class='ocrx_word' id='word_1_315' title='bbox 654 3550 733 3609; x_wconf 70' lang='lat' dir='ltr'><strong>fines.-</strong></span> <span class='ocrx_word' id='word_1_316' title='bbox 757 3547 783 3594; x_wconf 91' lang='lat' dir='ltr'><strong>id</strong></span> <span class='ocrx_word' id='word_1_317' title='bbox 804 3553 851 3604; x_wconf 84' lang='lat' dir='ltr'><strong>est,</strong></span> <span class='ocrx_word' id='word_1_318' title='bbox 883 3561 944 3603; x_wconf 86' lang='lat' dir='ltr'><strong>sem,</strong></span> <span class='ocrx_word' id='word_1_319' title='bbox 961 3547 1061 3596; x_wconf 83' lang='lat' dir='ltr'><strong>XXVI.</strong></span> <span class='ocrx_word' id='word_1_320' title='bbox 1080 3545 1120 3594; x_wconf 77' lang='grc'><strong>22.</strong></span> <span class='ocrx_word' id='word_1_321' title='bbox 1132 3545 1270 3601; x_wconf 84' lang='lat' dir='ltr'><strong>Veturiam,</strong></span> <span class='ocrx_word' id='word_1_322' title='bbox 1280 3543 1398 3594; x_wconf 85' lang='lat' dir='ltr'><strong>xxvu.</strong></span> 
     </span>
     <span class='ocr_line' id='line_1_38' title="bbox 334 3611 1399 3675; baseline -0.002 -17"><span class='ocrx_word' id='word_1_323' title='bbox 334 3625 418 3661; x_wconf 82' lang='lat' dir='ltr'><strong>versm</strong></span> <span class='ocrx_word' id='word_1_324' title='bbox 429 3629 484 3662; x_wconf 83' lang='lat' dir='ltr'><strong>eam</strong></span> <span class='ocrx_word' id='word_1_325' title='bbox 495 3611 600 3675; x_wconf 84' lang='lat' dir='ltr'><strong>partem,</strong></span> <span class='ocrx_word' id='word_1_326' title='bbox 611 3615 654 3661; x_wconf 86' lang='lat' dir='ltr'><strong>ubi</strong></span> <span class='ocrx_word' id='word_1_327' title='bbox 664 3612 788 3674; x_wconf 71' lang='lat' dir='ltr'><strong>moriaris</strong></span> <span class='ocrx_word' id='word_1_328' title='bbox 797 3623 851 3672; x_wconf 76' lang='lat' dir='ltr'><strong>reg-</strong></span> <span class='ocrx_word' id='word_1_329' title='bbox 884 3613 907 3660; x_wconf 85' lang='grc'><strong>6.</strong></span> <span class='ocrx_word' id='word_1_330' title='bbox 925 3613 1062 3660; x_wconf 80' lang='lat' dir='ltr'><strong>Galeriams</strong></span> <span class='ocrx_word' id='word_1_331' title='bbox 1084 3612 1149 3657; x_wconf 89' lang='lat' dir='ltr'><strong>unde</strong></span> <span class='ocrx_word' id='word_1_332' title='bbox 1167 3616 1274 3671; x_wconf 79' lang='lat' dir='ltr'><strong>apparet,</strong></span> <span class='ocrx_word' id='word_1_333' title='bbox 1291 3611 1356 3670; x_wconf 86' lang='lat' dir='ltr'><strong>quod</strong></span> <span class='ocrx_word' id='word_1_334' title='bbox 1372 3617 1399 3657; x_wconf 86' lang='lat' dir='ltr'><strong>et</strong></span> 
     </span>
     <span class='ocr_line' id='line_1_39' title="bbox 333 3673 1400 3742; baseline -0.003 -18"><span class='ocrx_word' id='word_1_335' title='bbox 333 3681 570 3742; x_wconf 66' lang='lat' dir='ltr'><strong>numcontingebet.</strong></span> <span class='ocrx_word' id='word_1_336' title='bbox 598 3678 678 3724; x_wconf 85' lang='lat' dir='ltr'><strong>Pulsis</strong></span> <span class='ocrx_word' id='word_1_337' title='bbox 685 3677 765 3725; x_wconf 81' lang='lat' dir='ltr'><strong>Sicilie</strong></span> <span class='ocrx_word' id='word_1_338' title='bbox 772 3677 852 3738; x_wconf 82' lang='lat' dir='ltr'><strong>primo</strong></span> <span class='ocrx_word' id='word_1_339' title='bbox 883 3679 981 3728; x_wconf 80' lang='lat' dir='ltr'><strong>aliunde</strong></span> <span class='ocrx_word' id='word_1_340' title='bbox 994 3682 1098 3730; x_wconf 81' lang='lat' dir='ltr'><strong>constat,</strong></span> <span class='ocrx_word' id='word_1_341' title='bbox 1114 3675 1310 3735; x_wconf 73' lang='lat' dir='ltr'><strong>centurienquae</strong></span> <span class='ocrx_word' id='word_1_342' title='bbox 1326 3673 1400 3722; x_wconf 79' lang='lat' dir='ltr'><strong>misso</strong></span> 
     </span>
     <span class='ocr_line' id='line_1_40' title="bbox 333 3737 1399 3803; baseline -0.001 -16"><span class='ocrx_word' id='word_1_343' title='bbox 333 3743 425 3789; x_wconf 82' lang='lat' dir='ltr'><strong>Punico</strong></span> <span class='ocrx_word' id='word_1_344' title='bbox 444 3745 507 3792; x_wconf 85' lang='lat' dir='ltr'><strong>bello</strong></span> <span class='ocrx_word' id='word_1_345' title='bbox 530 3742 779 3803; x_wconf 83' lang='lat' dir='ltr'><strong>Carthaginiensibus,</strong></span> <span class='ocrx_word' id='word_1_346' title='bbox 800 3745 852 3787; x_wconf 81' lang='lat' dir='ltr'><strong>tota</strong></span> <span class='ocrx_word' id='word_1_347' title='bbox 883 3743 915 3790; x_wconf 79' lang='lat' dir='ltr'><strong>sd</strong></span> <span class='ocrx_word' id='word_1_348' title='bbox 930 3742 1039 3788; x_wconf 87' lang='lat' dir='ltr'><strong>tribuum</strong></span> <span class='ocrx_word' id='word_1_349' title='bbox 1055 3739 1200 3788; x_wconf 68' lang='lat' dir='ltr'><strong>dividemur</strong></span> <span class='ocrx_word' id='word_1_350' title='bbox 1216 3740 1277 3786; x_wconf 80' lang='lat' dir='ltr'><strong>nihil</strong></span> <span class='ocrx_word' id='word_1_351' title='bbox 1287 3737 1399 3799; x_wconf 75' lang='lat' dir='ltr'><strong>peninu-</strong></span> 
     </span>
     <span class='ocr_line' id='line_1_41' title="bbox 333 3802 1401 3868; baseline 0.001 -17"><span class='ocrx_word' id='word_1_352' title='bbox 333 3807 414 3854; x_wconf 83' lang='lat' dir='ltr'><strong>insule</strong></span> <span class='ocrx_word' id='word_1_353' title='bbox 435 3810 497 3856; x_wconf 86' lang='lat' dir='ltr'><strong>duas</strong></span> <span class='ocrx_word' id='word_1_354' title='bbox 518 3808 545 3854; x_wconf 82' lang='lat' dir='ltr'><strong>in</strong></span> <span class='ocrx_word' id='word_1_355' title='bbox 574 3815 654 3868; x_wconf 83' lang='lat' dir='ltr'><strong>partes</strong></span> <span class='ocrx_word' id='word_1_356' title='bbox 683 3807 762 3853; x_wconf 81' lang='lat' dir='ltr'><strong>divisa</strong></span> <span class='ocrx_word' id='word_1_357' title='bbox 789 3811 850 3860; x_wconf 81' lang='lat' dir='ltr'><strong>erat,</strong></span> <span class='ocrx_word' id='word_1_358' title='bbox 882 3811 960 3862; x_wconf 81' lang='lat' dir='ltr'><strong>erent,</strong></span> <span class='ocrx_word' id='word_1_359' title='bbox 982 3812 1067 3866; x_wconf 81' lang='lat' dir='ltr'><strong>postea</strong></span> <span class='ocrx_word' id='word_1_360' title='bbox 1087 3805 1114 3851; x_wconf 83' lang='lat' dir='ltr'><strong>in</strong></span> <span class='ocrx_word' id='word_1_361' title='bbox 1135 3805 1166 3850; x_wconf 79' lang='lat' dir='ltr'><strong>iis</strong></span> <span class='ocrx_word' id='word_1_362' title='bbox 1186 3803 1293 3852; x_wconf 77' lang='lat' dir='ltr'><strong>inclusas</strong></span> <span class='ocrx_word' id='word_1_363' title='bbox 1312 3802 1401 3852; x_wconf 70' lang='lat' dir='ltr'><strong>fuisoe.</strong></span> 
     </span>
     <span class='ocr_line' id='line_1_42' title="bbox 333 3867 1402 3934; baseline -0.003 -16"><span class='ocrx_word' id='word_1_364' title='bbox 333 3885 439 3932; x_wconf 83' lang='lat' dir='ltr'><strong>quarum</strong></span> <span class='ocrx_word' id='word_1_365' title='bbox 454 3873 531 3920; x_wconf 81' lang='lat' dir='ltr'><strong>altera</strong></span> <span class='ocrx_word' id='word_1_366' title='bbox 546 3878 598 3918; x_wconf 83' lang='lat' dir='ltr'><strong>erat</strong></span> <span class='ocrx_word' id='word_1_367' title='bbox 614 3871 713 3918; x_wconf 86' lang='lat' dir='ltr'><strong>ditionis</strong></span> <span class='ocrx_word' id='word_1_368' title='bbox 729 3871 852 3930; x_wconf 56' lang='lat' dir='ltr'><strong>ilamensi</strong></span> <span class='ocrx_word' id='word_1_369' title='bbox 883 3871 962 3934; x_wconf 80' lang='lat' dir='ltr'><strong>igitur</strong></span> <span class='ocrx_word' id='word_1_370' title='bbox 977 3871 1023 3917; x_wconf 89' lang='lat' dir='ltr'><strong>hoc</strong></span> <span class='ocrx_word' id='word_1_371' title='bbox 1039 3871 1092 3918; x_wconf 87' lang='lat' dir='ltr'><strong>loeo</strong></span> <span class='ocrx_word' id='word_1_372' title='bbox 1102 3867 1212 3916; x_wconf 77' lang='lat' dir='ltr'><strong>Aniensis</strong></span> <span class='ocrx_word' id='word_1_373' title='bbox 1221 3869 1402 3930; x_wconf 64' lang='lat' dir='ltr'><strong>juniorumrest</strong></span> 
     </span>
     <span class='ocr_line' id='line_1_43' title="bbox 333 3931 1399 3997; baseline -0.003 -14"><span class='ocrx_word' id='word_1_374' title='bbox 333 3950 399 3990; x_wconf 83' lang='lat' dir='ltr'><strong>rum,</strong></span> <span class='ocrx_word' id='word_1_375' title='bbox 418 3943 444 3983; x_wconf 89' lang='lat' dir='ltr'><strong>et</strong></span> <span class='ocrx_word' id='word_1_376' title='bbox 460 3937 515 3984; x_wconf 88' lang='lat' dir='ltr'><strong>ideo</strong></span> <span class='ocrx_word' id='word_1_377' title='bbox 530 3942 631 3984; x_wconf 79' lang='lat' dir='ltr'><strong>voratur</strong></span> <span class='ocrx_word' id='word_1_378' title='bbox 654 3937 695 3983; x_wconf 87' lang='lat' dir='ltr'><strong>hie</strong></span> <span class='ocrx_word' id='word_1_379' title='bbox 708 3935 849 3997; x_wconf 69' lang='lat' dir='ltr'><strong>provinciae</strong></span> <span class='ocrx_word' id='word_1_380' title='bbox 881 3935 990 3984; x_wconf 78' lang='lat' dir='ltr'><strong>contorta</strong></span> <span class='ocrx_word' id='word_1_381' title='bbox 1005 3931 1132 3996; x_wconf 80' lang='lat' dir='ltr'><strong>juniorum</strong></span> <span class='ocrx_word' id='word_1_382' title='bbox 1157 3947 1189 3980; x_wconf 86' lang='lat' dir='ltr'><strong>ex</strong></span> <span class='ocrx_word' id='word_1_383' title='bbox 1208 3933 1310 3980; x_wconf 76' lang='lat' dir='ltr'><strong>Aniensi</strong></span> <span class='ocrx_word' id='word_1_384' title='bbox 1332 3932 1399 3980; x_wconf 80' lang='lat' dir='ltr'><strong>tribu</strong></span> 
     </span>
     <span class='ocr_line' id='line_1_44' title="bbox 332 3996 1399 4071; baseline -0.004 -23"><span class='ocrx_word' id='word_1_385' title='bbox 332 4001 522 4062; x_wconf 77' lang='lat' dir='ltr'><strong>alteraregnum</strong></span> <span class='ocrx_word' id='word_1_386' title='bbox 535 4001 648 4047; x_wconf 85' lang='lat' dir='ltr'><strong>Hieronis</strong></span> <span class='ocrx_word' id='word_1_387' title='bbox 659 4001 747 4049; x_wconf 81' lang='lat' dir='ltr'><strong>tuerat.</strong></span> <span class='ocrx_word' id='word_1_388' title='bbox 821 4023 823 4028; x_wconf 41' lang='lat' dir='ltr'>v</span> <span class='ocrx_word' id='word_1_389' title='bbox 882 4003 976 4048; x_wconf 62' lang='lat' dir='ltr'><strong>eduam</strong></span> <span class='ocrx_word' id='word_1_390' title='bbox 1009 3996 1354 4071; x_wconf 55' lang='lat' dir='ltr'><strong>†Vid.noa82.ad1348·</strong></span> <span class='ocrx_word' id='word_1_391' title='bbox 1371 4003 1399 4044; x_wconf 77' lang='lat' dir='ltr'><strong>et</strong></span> 
     </span>
     <span class='ocr_line' id='line_1_45' title="bbox 366 4061 1402 4127; baseline -0.002 -15"><span class='ocrx_word' id='word_1_392' title='bbox 366 4064 399 4114; x_wconf 75' lang='lat'><strong>42</strong></span> <span class='ocrx_word' id='word_1_393' title='bbox 417 4065 497 4122; x_wconf 64' lang='lat' dir='ltr'><strong>Qum</strong></span> <span class='ocrx_word' id='word_1_394' title='bbox 513 4077 563 4112; x_wconf 82' lang='lat' dir='ltr'><strong>rore</strong></span> <span class='ocrx_word' id='word_1_395' title='bbox 577 4067 740 4127; x_wconf 72' lang='lat' dir='ltr'><strong>prerogativa</strong></span> <span class='ocrx_word' id='word_1_396' title='bbox 749 4063 851 4112; x_wconf 81' lang='lat' dir='ltr'><strong>Aniensi</strong></span> <span class='ocrx_word' id='word_1_397' title='bbox 884 4072 934 4112; x_wconf 89' lang='lat' dir='ltr'><strong>not.</strong></span> <span class='ocrx_word' id='word_1_398' title='bbox 945 4063 984 4111; x_wconf 79' lang='lat' dir='ltr'><strong>et.</strong></span> <span class='ocrx_word' id='word_1_399' title='bbox 996 4063 1027 4110; x_wconf 81' lang='lat' dir='ltr'><strong>nd</strong></span> <span class='ocrx_word' id='word_1_400' title='bbox 1037 4066 1067 4110; x_wconf 88' lang='lat' dir='ltr'><strong>V.</strong></span> <span class='ocrx_word' id='word_1_401' title='bbox 1080 4064 1118 4111; x_wconf 84' lang='grc'><strong>18.</strong></span> <span class='ocrx_word' id='word_1_402' title='bbox 1135 4063 1248 4110; x_wconf 84' lang='lat' dir='ltr'><strong>Ceterum</strong></span> <span class='ocrx_word' id='word_1_403' title='bbox 1264 4064 1339 4124; x_wconf 82' lang='lat' dir='ltr'><strong>huJus</strong></span> <span class='ocrx_word' id='word_1_404' title='bbox 1349 4061 1402 4110; x_wconf 79' lang='lat' dir='ltr'><strong>lost</strong></span> 
     </span>
     <span class='ocr_line' id='line_1_46' title="bbox 326 4125 1396 4193; baseline -0.004 -16"><span class='ocrx_word' id='word_1_405' title='bbox 326 4130 453 4193; x_wconf 84' lang='lat' dir='ltr'><strong>jnnlornm</strong></span> <span class='ocrx_word' id='word_1_406' title='bbox 473 4129 568 4193; x_wconf 66' lang='lat' dir='ltr'><strong>enaret]</strong></span> <span class='ocrx_word' id='word_1_407' title='bbox 594 4130 678 4185; x_wconf 79' lang='lat' dir='ltr'><strong>Quum</strong></span> <span class='ocrx_word' id='word_1_408' title='bbox 704 4136 769 4177; x_wconf 83' lang='lat' dir='ltr'><strong>sorte</strong></span> <span class='ocrx_word' id='word_1_409' title='bbox 787 4129 850 4176; x_wconf 87' lang='lat' dir='ltr'><strong>obti·</strong></span> <span class='ocrx_word' id='word_1_410' title='bbox 882 4129 1020 4176; x_wconf 82' lang='lat' dir='ltr'><strong>emendatio</strong></span> <span class='ocrx_word' id='word_1_411' title='bbox 1050 4128 1171 4176; x_wconf 74' lang='lat' dir='ltr'><strong>Grannum</strong></span> <span class='ocrx_word' id='word_1_412' title='bbox 1198 4129 1306 4175; x_wconf 78' lang='lat' dir='ltr'><strong>debetur.</strong></span> <span class='ocrx_word' id='word_1_413' title='bbox 1344 4125 1396 4174; x_wconf 79' lang='lat' dir='ltr'><strong>Adi</strong></span> 
     </span>
     <span class='ocr_line' id='line_1_47' title="bbox 247 4189 1330 4258; baseline -0.003 -18"><span class='ocrx_word' id='word_1_414' title='bbox 247 4191 253 4202; x_wconf 85' lang='lat'>&#39;</span> <span class='ocrx_word' id='word_1_415' title='bbox 332 4197 408 4256; x_wconf 83' lang='lat' dir='ltr'><strong>gisset</strong></span> <span class='ocrx_word' id='word_1_416' title='bbox 429 4196 546 4242; x_wconf 74' lang='lat' dir='ltr'><strong>centuriae</strong></span> <span class='ocrx_word' id='word_1_417' title='bbox 564 4193 701 4258; x_wconf 78' lang='lat' dir='ltr'><strong>jammam,</strong></span> <span class='ocrx_word' id='word_1_418' title='bbox 718 4208 774 4256; x_wconf 84' lang='lat' dir='ltr'><strong>quae</strong></span> <span class='ocrx_word' id='word_1_419' title='bbox 790 4193 851 4240; x_wconf 80' lang='lat' dir='ltr'><strong>Ani·</strong></span> <span class='ocrx_word' id='word_1_420' title='bbox 882 4191 1295 4240; x_wconf 73' lang='lat' dir='ltr'><strong>nocuoimrnnomerv.1.1v.e</strong></span> <span class='ocrx_word' id='word_1_421' title='bbox 1308 4189 1330 4238; x_wconf 86' lang='lat'><strong>1.</strong></span> 
     </span>
     <span class='ocr_line' id='line_1_48' title="bbox 334 4255 1406 4320; baseline -0.004 -14"><span class='ocrx_word' id='word_1_422' title='bbox 334 4261 398 4306; x_wconf 89' lang='lat' dir='ltr'><strong>ensis</strong></span> <span class='ocrx_word' id='word_1_423' title='bbox 409 4261 589 4317; x_wconf 86' lang='lat' dir='ltr'><strong>nominabatur,</strong></span> <span class='ocrx_word' id='word_1_424' title='bbox 603 4267 632 4308; x_wconf 90' lang='lat' dir='ltr'><strong>ut</strong></span> <span class='ocrx_word' id='word_1_425' title='bbox 647 4259 848 4320; x_wconf 80' lang='lat' dir='ltr'><strong>primoomnium</strong></span> <span class='ocrx_word' id='word_1_426' title='bbox 913 4257 946 4305; x_wconf 77' lang='lat'><strong>43</strong></span> <span class='ocrx_word' id='word_1_427' title='bbox 962 4255 997 4303; x_wconf 82' lang='lat' dir='ltr'><strong>ot</strong></span> <span class='ocrx_word' id='word_1_428' title='bbox 1007 4258 1112 4305; x_wconf 80' lang='lat' dir='ltr'><strong>eanrdem</strong></span> <span class='ocrx_word' id='word_1_429' title='bbox 1127 4263 1235 4304; x_wconf 67' lang='lat' dir='ltr'><strong>arnman-</strong></span> <span class='ocrx_word' id='word_1_430' title='bbox 1247 4255 1340 4320; x_wconf 53' lang='lat' dir='ltr'><strong>finiere</strong></span> <span class='ocrx_word' id='word_1_431' title='bbox 1349 4267 1406 4314; x_wconf 49' lang='lat' dir='ltr'><strong>nors,</strong></span> 
     </span>
     <span class='ocr_line' id='line_1_49' title="bbox 333 4321 1403 4388; baseline -0.004 -16"><span class='ocrx_word' id='word_1_432' title='bbox 333 4327 479 4388; x_wconf 64' lang='lat' dir='ltr'><strong>suffaqum</strong></span> <span class='ocrx_word' id='word_1_433' title='bbox 496 4326 577 4374; x_wconf 77' lang='lat' dir='ltr'><strong>ferret.</strong></span> <span class='ocrx_word' id='word_1_434' title='bbox 594 4324 731 4373; x_wconf 59' lang='lat' dir='ltr'><strong>&#39;mrum</strong></span> <span class='ocrx_word' id='word_1_435' title='bbox 747 4326 795 4372; x_wconf 84' lang='lat' dir='ltr'><strong>hoe</strong></span> <span class='ocrx_word' id='word_1_436' title='bbox 806 4337 849 4368; x_wconf 85' lang='lat' dir='ltr'><strong>no·</strong></span> <span class='ocrx_word' id='word_1_437' title='bbox 880 4322 1027 4387; x_wconf 73' lang='lat' dir='ltr'><strong>negaverint]</strong></span> <span class='ocrx_word' id='word_1_438' title='bbox 1044 4323 1113 4370; x_wconf 85' lang='lat' dir='ltr'><strong>Tolle</strong></span> <span class='ocrx_word' id='word_1_439' title='bbox 1125 4322 1228 4371; x_wconf 79' lang='lat' dir='ltr'><strong>otiosam</strong></span> <span class='ocrx_word' id='word_1_440' title='bbox 1238 4327 1264 4370; x_wconf 77' lang='lat' dir='ltr'><strong>et</strong></span> <span class='ocrx_word' id='word_1_441' title='bbox 1274 4321 1403 4384; x_wconf 70' lang='lat' dir='ltr'><strong>irrelegrun¹</strong></span> 
     </span>
     <span class='ocr_line' id='line_1_50' title="bbox 333 4387 1128 4474; baseline -0.004 -35"><span class='ocrx_word' id='word_1_442' title='bbox 333 4397 387 4440; x_wconf 78' lang='lat' dir='ltr'><strong>tatu</strong></span> <span class='ocrx_word' id='word_1_443' title='bbox 395 4392 497 4455; x_wconf 73' lang='lat' dir='ltr'><strong>dignum</strong></span> <span class='ocrx_word' id='word_1_444' title='bbox 509 4397 556 4450; x_wconf 87' lang='lat' dir='ltr'><strong>est,</strong></span> <span class='ocrx_word' id='word_1_445' title='bbox 567 4403 653 4442; x_wconf 79' lang='lat' dir='ltr'><strong>omnes</strong></span> <span class='ocrx_word' id='word_1_446' title='bbox 661 4391 781 4446; x_wconf 77' lang='lat' dir='ltr'><strong>centurias</strong></span> <span class='ocrx_word' id='word_1_447' title='bbox 791 4401 849 4452; x_wconf 78' lang='lat' dir='ltr'><strong>ques</strong></span> <span class='ocrx_word' id='word_1_448' title='bbox 881 4393 931 4438; x_wconf 87' lang='lat' dir='ltr'><strong>tem</strong></span> <span class='ocrx_word' id='word_1_449' title='bbox 938 4389 1084 4474; x_wconf 69' lang='lat' dir='ltr'><strong>&#39;puniemus</strong></span> <span class='ocrx_word' id='word_1_450' title='bbox 1094 4387 1128 4436; x_wconf 79' lang='lat' dir='ltr'><strong>od.</strong></span> 
     </span>
    </p>
   </div>
   <div class='ocr_carea' id='block_1_4' title="bbox 0 0 1580 4972">
    <p class='ocr_par' dir='ltr' id='par_1_5' title="bbox 0 0 1580 4972">
     <span class='ocr_line' id='line_1_51' title="bbox 0 0 1580 4972; baseline 0 0"><span class='ocrx_word' id='word_1_451' title='bbox 0 0 1580 4972; x_wconf 95' lang='lat' dir='ltr'><strong> </strong></span> 
     </span>
    </p>
   </div>
  </div>
 </body>
</html>
