3140 4972
146 284 283 372 u.c.⁵na.

100 447 106 458 .
146 381 284 438 aaut

304 111 363 193 ees
699 123 812 210 τιτι
839 117 977 184 t1v11
1032 192 1036 198 ,

306 295 438 362 rabilior
453 305 559 360 tamea
571 291 720 356 intentor
740 311 778 355 ao
799 287 996 354 machinator
1016 285 1204 353 bellicorum
1224 297 1368 353 immm-

309 399 415 450 torum
436 399 642 466 operumque,
658 376 772 462 quibua
785 395 836 456 ea,
850 392 924 524 quae
937 373 1042 440 bortes
1057 374 1179 463 ingenti
1194 373 1279 439 mole
1292 393 1367 461 age-

311 481 393 546 rent,
414 467 486 554 ipse
510 463 662 552 ⁷⁸perlevi
686 474 849 538 momento
881 460 1095 526 adificaretur.
1151 459 1288 524 Murum
1312 481 1372 548 per

311 554 483 640 inaequales
497 551 629 618 ductum
651 548 757 626 colles,
782 547 944 633 (pl‘eraque
965 547 1030 612 olto
1052 559 1085 610 et
1106 545 1249 612 difficilia
1269 546 1370 624 aditu,

312 640 465 706 submissa
486 637 644 726 quiedam,
659 647 691 700 et
704 655 777 721 quae
797 634 900 720 planis
921 633 1056 700 vallibus
1076 631 1164 697 adiri·
1178 634 1320 718 possent)
1336 645 1373 698 nt

312 728 427 813 cuique
437 738 548 812 aptum
564 721 664 788 visum
681 734 729 786 est
741 720 822 798 loco,
838 719 880 784 ita
900 721 988 785 omni
1008 739 1125 808 genere
1138 729 1370 786 tormentorum

312 813 471 879 instruxit.
514 807 706 876 Achradinae
719 826 858 884 mamm,
896 805 939 884 ui,
955 816 1081 870 utente
1096 803 1217 870 dictum
1231 818 1289 883 est,
1303 825 1371 871 ma·

230 939 254 954 „
311 899 339 964 ri
354 898 502 974 adluitur,
518 917 559 962 ex
575 893 853 995 quinqueremibus
909 890 1042 957 arcellus
1060 891 1273 980 obpugnabat
1319 891 1372 958 Ex

311 985 424 1056 ceteris
448 981 581 1049 navibus
604 979 758 1068 sagittarii
778 974 1028 1066 funditoresque,
1049 989 1081 1042 et
1101 977 1243 1044 ⁷⁴velites
1264 979 1373 1057 etiam,

312 1088 448 1160 quorum
473 1069 572 1135 telum
598 1065 739 1133 inhabile
763 1065 804 1130 ad
828 1065 1055 1130 remittendum
1080 1064 1223 1150 inperitia
1245 1078 1302 1144 eet,
1317 1065 1372 1131 vix

273 1211 282 1224 .
314 1177 505 1245 quemqnam
520 1155 587 1220 siue
597 1153 726 1219 vulnere
737 1147 907 1216 consistere
921 1149 955 1214 in
970 1171 1063 1216 muro
1077 1149 1289 1236 patiebantur.
1312 1151 1373 1230 Hi,

234 1297 236 1300 .
313 1246 389 1332 quia
402 1242 505 1328 spatio
523 1239 690 1306 missilibus
712 1259 793 1324 opus
818 1247 874 1314 est,
896 1235 1009 1323 procul
1030 1256 1123 1302 muro
1144 1237 1295 1303 tenebant
1315 1257 1374 1303 nn·

312 1353 376 1397 ves.
390 1329 542 1416 ⁷⁵junctoe
557 1326 629 1392 aiiae
645 1325 730 1390 binae
748 1324 790 1388 ad
812 1323 1064 1424 quinqueremes,
1079 1322 1195 1388 demtis
1207 1323 1374 1389 wintertu-

313 1416 401 1481 ribns
422 1414 529 1496 remis,
553 1424 588 1478 ut
608 1410 690 1478 latus
710 1408 802 1476 lateri
823 1409 1045 1494 adplicaretur,
1060 1408 1193 1498 ”quum
1214 1411 1375 1476 exteriore

313 1501 427 1570 ordine
447 1505 608 1566 remorum
625 1493 711 1564 reiut
730 1517 825 1561 naves
905 1507 1025 1573 rentur,
1040 1509 1142 1561 turres
1156 1495 1374 1561 contabulatas

314 1587 631 1672 machinamentaque
645 1585 708 1649 alia
721 1583 847 1668 quatieu
872 1603 898 1644 ts
913 1583 1010 1646 muris
1025 1578 1204 1668 portabant.
1248 1581 1374 1648 Adver-

314 1697 369 1740 sus
382 1674 469 1739 bunc
484 1672 627 1738 navalem
642 1674 830 1771 adparatum
849 1667 1056 1734 Archimedes
1070 1669 1166 1733 varin
1181 1689 1213 1733 m
1276 1668 1375 1734 itudi·

314 1762 365 1828 uis
378 1773 538 1826 tormenta
558 1759 591 1823 iu
616 1779 714 1822 muris
735 1755 899 1842 disposuit.
920 1754 954 1818 in
969 1777 1032 1832 eas,
1048 1775 1121 1844 quae
1141 1775 1242 1840 procu
1275 1766 1377 1833 erant,

316 1869 409 1913 naves
422 1867 499 1912 saxu
513 1841 639 1930 ingenti
653 1842 794 1930 pondere
814 1840 993 1912 emittebat:
1016 1841 1181 1926 propiores
1193 1841 1377 1920 levioribus,
1452 1873 1454 1875 ·

315 1950 417 2035 eoque
439 1931 540 2024 magis
561 1929 691 2011 crebris,
705 1929 833 2016 petebat
854 1926 942 1991 telis:
965 1939 1138 2012 postremo,
1155 1941 1190 1993 nt
1204 1927 1252 1994 sui
1266 1927 1377 1994 vulne·

315 2039 351 2087 re
364 2019 475 2086 intacti
490 2018 553 2085 tela
564 2019 596 2083 in
611 2015 733 2082 hostem
748 2015 939 2102 ingererent,
956 2035 1083 2080 murum
1101 2015 1141 2079 ab
1155 2011 1223 2080 imo'
1234 2014 1275 2080 ad
1290 2032 1377 2080 sum·

317 2239 372 2310 que]
395 2235 454 2288 cen
474 2205 628 2302 siderumque
645 2239 832 2300 spumeum
864 2236 896 2284 aa
911 2235 1096 2286 amiternum.
1128 2235 1236 2296 arpeo,
1252 2235 1269 2284 a
1288 2234 1336 2284 ιιι.
1347 2236 1380 2284 ne

317 2303 686 2366 artesupraomnesexcelleus.
718 2301 832 2348 Ceterum
865 2301 919 2348 Mil.
929 2300 1001 2348 Rom.
1014 2299 1079 2348 Diui.
1092 2298 1113 2346 1.
1125 2299 1262 2359 usplcatur
1277 2307 1321 2350 aut
1336 2315 1379 2347 vo·
1454 2310 1457 2322 ·

317 2371 353 2418 aa
371 2368 484 2416 comsit
501 2367 672 2414 Archimedem
689 2353 783 2426 uvius,
804 2373 832 2413 ut
864 2377 919 2412 cem
936 2365 1060 2424 evoma,
1080 2364 1105 2410 tn
1124 2361 1251 2411 asenna
1270 2365 1325 2412 1000
1340 2377 1380 2412 ro-

318 2435 406 2495 reipse
416 2433 614 2494 parumomnino
629 2425 736 2492 peritum
751 2443 832 2482 rerum
864 2430 988 2486 dundaret
1010 2435 1055 2477 aut
1075 2429 1220 2476 mutandam
1235 2427 1261 2475 ln
1284 2425 1382 2490 Μ·
1415 2471 1425 2478 .

318 2497 547 2546 mathematicam
577 2495 698 2551 exhibeat,
728 2508 833 2556 quarum
865 2497 906 2552 tis,
918 2499 956 2548 ut,
967 2494 1014 2541 nisi
1024 2495 1079 2554 qui
1095 2493 1170 2540 otiose
1186 2507 1328 2544 mucronem
1343 2505 1382 2540 re-

318 2576 377 2610 sane
393 2559 474 2607 studia
489 2573 614 2621 nunquam
634 2562 699 2620 apud
710 2559 834 2607 Romanos
866 2561 942 2622 lingat
952 2563 977 2605 et
993 2559 1079 2621 erigat,
1096 2563 1167 2618 neget
1186 2557 1271 2606 Livius
1287 2557 1382 2607 remitti

318 2637 465 2687 magnopere
487 2625 592 2684 viguere.
634 2623 691 2670 Non
712 2631 834 2671 astronun
866 2635 952 2684 posset
969 2617 1012 2670 e'ut
1028 2623 1133 2684 denique
1150 2621 1205 2669 ideo
1219 2623 1295 2688 etiam
1310 2624 1383 2684 impes

318 2690 456 2752 cognitione
467 2689 588 2748 precipue
605 2689 692 2736 claruit
706 2689 835 2736 Ambrus-
865 2689 921 2734 ritis
940 2687 1055 2744 inhabile,
1066 2688 1124 2748 quia
1138 2694 1238 2736 amento
1253 2689 1382 2738 emineb-

320 2757 380 2804 dese
397 2753 596 2810 nedmubeseos,
607 2766 681 2814 quam
696 2765 783 2813 puram
794 2767 837 2800 ro-
868 2756 1114 2811 tur,eteertomotu.
1373 2807 1377 2819 ι

320 2823 388 2877 cant,
401 2833 457 2878 quae
468 2831 483 2862 a
494 2817 566 2864 rebus
581 2813 701 2878 corporeis
716 2831 769 2864 sene
783 2832 837 2864 orn·
900 2815 932 2864 'lt
947 2815 1044 2862 Juscrae
1053 2815 1109 2863 ulie
1124 2813 1185 2863 bina
1201 2815 1232 2863 od
1248 2818 1383 2882 quinquert-

321 2885 379 2930 nlno
394 2879 509 2944 sejungit,
523 2879 670 2929 reconditam
682 2881 836 2930 altitudinem
867 2881 927 2945 mes]
952 2879 1076 2942 Polybius,
1095 2881 1112 2927 t
1132 2877 1207 2928 vm.
1226 2881 1308 2928 scribit
1325 2885 1382 2927 octo

320 2948 433 3000 serutari.
445 2947 522 2994 ditare
533 2947 698 3004 inventiubie
709 2947 745 2994 illi
758 2949 835 3004 labor,
868 2946 1054 3006 quinqueremes
1075 2945 1150 2994 britte
1176 2946 1250 2994 umor
1271 2941 1383 3008 juata,

322 3013 377 3060 herc
392 3012 476 3070 gloria.
509 3010 575 3067 Quin
589 3019 613 3058 ei
624 3024 711 3072 pamm
721 3013 837 3060 decorum
870 3011 938 3059 binas
959 3016 985 3056 et
1006 3010 1083 3059 binas.
1125 3008 1191 3056 Plut.
1216 3010 1242 3056 iu
1265 3009 1384 3058 Marcello

323 3070 382 3136 artis
394 3089 444 3121 suae
455 3073 567 3136 dignitati
578 3071 838 3134 ieba'tur‚eamedrea
869 3075 983 3121 eumdem
1011 3087 1141 3121 nnmerum
1164 3080 1218 3122 octo
1239 3072 1385 3136 quinquere-

323 3139 450 3200 eorporea‘s
473 3148 628 3187 conierere:
658 3145 684 3186 et
712 3135 838 3187 machinas
870 3139 949 3186 mium
976 3139 1057 3186 habet.
1101 3137 1162 3185 lude
1184 3139 1297 3200 sigonius
1318 3143 1385 3185 reete

323 3205 389 3262 illae,
410 3216 471 3263 quan
489 3202 575 3251 Livius
596 3205 703 3252 maxime
724 3204 837 3263 miratur,
870 3199 969 3264 conjicit
986 3204 1131 3264 legendum:
1141 3204 1235 3265 juncloe
1250 3203 1306 3250 alie
1323 3201 1386 3252 liu

324 3269 455 3319 inventori
507 3268 668 3330 haudmagni
683 3269 797 3329 iaciebat,
813 3274 839 3316 et
869 3267 900 3316 ad
920 3270 969 3314 octo
994 3270 1183 3330 quinquereme
1208 3269 1234 3316 id
1255 3273 1301 3321 est,
1328 3267 1385 3314 alin

325 3331 369 3400 pio
393 3281 499 3393 quodiam
526 3331 673 3380 lasciviendi
693 3331 838 3380 Geommia
870 3331 1055 3404 quinqueremes
1070 3333 1102 3378 ad
1118 3326 1182 3386 oeto',
1201 3332 1233 3380 ad
1254 3343 1386 3378 nummum

324 3398 502 3445 lutuhabebat.
529 3395 839 3446 viariuttnMaroenot
869 3393 1228 3456 oett‚Junetae,binoectbinn·

359 3461 513 3510 lS'Pcrlcoi
528 3459 653 3525 montom]
668 3461 727 3512 Vid-
745 3468 797 3512 not.
814 3463 839 3512 8·
904 3457 1385 3523 tt'Isertortturmnlitemisenim

325 3525 440 3575 adXXl.
452 3525 492 3573 ta
871 3527 1048 3586 laterumque
1063 3527 1095 3574 ad
1110 3536 1162 3571 sese
1178 3531 1265 3572 mutuo
1280 3524 1387 3586 eppira.

290 3619 293 3624 ·
359 3587 392 3640 ll
411 3589 511 3638 Velitet.
523 3621 531 3636 .
543 3583 641 3653 motum
662 3591 745 3654 ulum]
768 3589 841 3638 Levis
873 3593 968 3640 bantur.
1000 3589 1112 3637 Exterior
1126 3591 1187 3636 tudo
1207 3595 1331 3636 remorum
1348 3595 1388 3636 est

326 3661 457 3704 mmaurrn
467 3657 566 3712 milites,
577 3668 681 3717 quorum
690 3656 767 3702 telum
778 3651 842 3716 ejo-
874 3658 895 3704 is
905 3653 949 3715 qui
958 3653 1062 3701 alueum
1079 3652 1149 3702 navia
1165 3655 1239 3714 latus,
1248 3656 1315 3716 quod
1328 3649 1389 3702 rni-

326 3719 393 3768 modi
415 3725 462 3774 eat,
484 3726 512 3768 ut
533 3721 625 3767 remitti
647 3733 696 3766 nou
715 3719 791 3780 possit
812 3721 843 3766 ab
874 3733 930 3771 rum
941 3717 1130 3780 relinquebatur,
1139 3716 1284 3785 instruebat.⁸
1344 3773 1347 3784 .

328 3781 455 3844 imperitis.
488 3783 573 3846 Polyb.
589 3784 607 3832 l.
623 3782 669 3830 Vl.
686 3783 749 3830 illud
764 3784 841 3830 telum
907 3784 938 3833 tt
956 3778 1034 3836 Quum
1049 3783 1161 3830 estmoe
1176 3782 1256 3830 ordiar
1268 3791 1387 3830 tenuram

328 3849 429 3896 omnino
446 3849 538 3894 remitti
557 3860 626 3908 posse
643 3853 725 3908 negat,
742 3852 768 3893 et
786 3861 842 3895 cau·
874 3849 936 3896 ndat
952 3861 1021 3895 saner
1037 3845 1175 3958 operam]
1192 3842 1334 3910 Legendum
1352 3845 1389 3892 vi·

328 3909 470 3959 samsffert
502 3911 615 3971 Ferrum,
625 3911 713 3972 inquit,
731 3911 773 3958 teli
787 3911 845 3958 oeli·
874 3911 1112 3970 detur,utlutunnt
1170 3925 1276 3974 reoque
1287 3922 1332 3960 not
1343 3912 1389 3958 du-

230 4033 237 4040 ι
329 3977 389 4024 turis
400 3971 455 4024 aden
470 3979 618 4023 autumans
636 3977 680 4034 erl,
692 3981 714 4024 et
729 3978 756 4022 iu
770 3977 843 4023 odero
874 3967 908 4025 cit
927 3975 982 4024 Put.
999 3975 1088 4024 coditio
1106 3975 1233 4036 scripturn,
1250 3975 1312 4024 uelut
1329 3975 1390 4033 nuu-

328 4039 512 4102 predonum
528 4042 655 4087 mortario
671 4042 778 4088 anama
789 4041 844 4104 prl-
875 4055 920 4089 ver.
964 4040 1048 4095 Quum
1071 4039 1121 4088 ille
1145 4045 1201 4087 octo
1222 4042 1297 4088 navet
1315 4035 1392 4088 dmm

329 4105 444 4166 majesta
460 4105 599 4165 irplectatur,
614 4119 655 4152 rue
664 4107 760 4178 partini
770 4105 843 4153 horta
871 4103 977 4168 junctae,
1003 4106 1120 4152 exteriore
1138 4106 1231 4152 ordine
1257 4112 1393 4163 remorato,

329 4175 466 4230 retorquere.
508 4167 579 4222 Quod
603 4170 625 4216 sl
649 4171 768 4232 eJusmodi
796 4177 843 4226 est,
876 4173 942 4217 velut
966 4184 1015 4217 una
1036 4163 1114 4225 navis,
1134 4163 1251 4232 tanquhr‘n
1269 4169 1393 4216 elatrent

328 4235 435 4294 prolecto
456 4234 516 4282 illud
545 4235 622 4281 telum
649 4248 698 4281 non
725 4235 845 4295 imperitis
876 4232 1157 4297 unannvis,egerentui.

328 4305 434 4357 tantum,
455 4301 497 4347 red
519 4305 544 4347 et
565 4299 648 4360 peritis
669 4299 775 4347 inhabile
796 4298 844 4345 iuit
