<?xml version="1.0" encoding="UTF-8"?>
<!DOCTYPE html PUBLIC "-//W3C//DTD XHTML 1.0 Transitional//EN"
    "http://www.w3.org/TR/xhtml1/DTD/xhtml1-transitional.dtd">
<html xmlns="http://www.w3.org/1999/xhtml" xml:lang="en" lang="en">
 <head>
  <title>
</title>
<meta http-equiv="Content-Type" content="text/html;charset=utf-8" />
  <meta name='ocr-system' content='tesseract 3.04.00' />
  <meta name='ocr-capabilities' content='ocr_page ocr_carea ocr_par ocr_line ocrx_word'/>
</head>
<body>
  <div class='ocr_page' id='page_1' title='image "./tliviipatavinih00crevgoog/tliviipatavinih00crevgoog_0038.png"; bbox 0 0 3064 4976; ppageno 0'>
   <div class='ocr_carea' id='block_1_1' title="bbox 426 181 1184 246">
    <p class='ocr_par' dir='ltr' id='par_1_1' title="bbox 426 181 1184 246">
     <span class='ocr_line' id='line_1_1' title="bbox 426 181 1184 246; baseline 0.003 -2"><span class='ocrx_word' id='word_1_1' title='bbox 426 183 530 244; x_wconf 74' lang='lat' dir='ltr'><strong>Lus:</strong></span> <span class='ocrx_word' id='word_1_2' title='bbox 545 181 634 244; x_wconf 82' lang='lat' dir='ltr'><strong>xx1.</strong></span> <span class='ocrx_word' id='word_1_3' title='bbox 659 181 762 244; x_wconf 84' lang='lat' dir='ltr'><strong>CAP.</strong></span> <span class='ocrx_word' id='word_1_4' title='bbox 782 181 881 242; x_wconf 85' lang='lat' dir='ltr'>XXV.</span> <span class='ocrx_word' id='word_1_5' title='bbox 1142 191 1184 246; x_wconf 79' lang='lat'><strong>31¹</strong></span> 
     </span>
    </p>
   </div>
   <div class='ocr_carea' id='block_1_2' title="bbox 117 345 1332 1296">
    <p class='ocr_par' dir='ltr' id='par_1_2' title="bbox 121 345 1332 1124">
     <span class='ocr_line' id='line_1_2' title="bbox 124 345 1332 436; baseline 0.004 -22"><span class='ocrx_word' id='word_1_6' title='bbox 124 359 192 414; x_wconf 85' lang='lat' dir='ltr'><strong>com</strong></span> <span class='ocrx_word' id='word_1_7' title='bbox 205 347 453 434; x_wconf 75' lang='lat' dir='ltr'><strong>rdiquiscopiis</strong></span> <span class='ocrx_word' id='word_1_8' title='bbox 462 347 659 435; x_wconf 77' lang='lat' dir='ltr'><strong>&#39;Pyrcoaum</strong></span> <span class='ocrx_word' id='word_1_9' title='bbox 673 347 918 436; x_wconf 77' lang='lat' dir='ltr'><strong>trimgmditm,</strong></span> <span class='ocrx_word' id='word_1_10' title='bbox 933 345 1047 412; x_wconf 85' lang='lat' dir='ltr'><strong>et&#39;ado</strong></span> <span class='ocrx_word' id='word_1_11' title='bbox 1070 347 1184 434; x_wconf 82' lang='lat' dir='ltr'><strong>pidum&#39;</strong></span> <span class='ocrx_word' id='word_1_12' title='bbox 1192 363 1259 420; x_wconf 86' lang='lat' dir='ltr'><strong>u.&#39;c·.</strong></span> <span class='ocrx_word' id='word_1_13' title='bbox 1272 365 1332 419; x_wconf 68' lang='lat' dir='ltr'><strong>aar.</strong></span> 
     </span>
     <span class='ocr_line' id='line_1_3' title="bbox 124 369 1327 522; baseline -0.002 -20"><span class='ocrx_word' id='word_1_14' title='bbox 124 435 264 502; x_wconf 79' lang='lat' dir='ltr'><strong>Illiberi⁸</strong></span> <span class='ocrx_word' id='word_1_15' title='bbox 284 449 388 504; x_wconf 86' lang='lat' dir='ltr'><strong>castra</strong></span> <span class='ocrx_word' id='word_1_16' title='bbox 404 434 504 502; x_wconf 82' lang='lat' dir='ltr'><strong>locat.</strong></span> <span class='ocrx_word' id='word_1_17' title='bbox 548 433 636 501; x_wconf 90' lang='lat' dir='ltr'><strong>Galli</strong></span> <span class='ocrx_word' id='word_1_18' title='bbox 656 456 849 522; x_wconf 87' lang='lat' dir='ltr'><strong>quamquam</strong></span> <span class='ocrx_word' id='word_1_19' title='bbox 870 433 973 500; x_wconf 74' lang='lat' dir='ltr'><strong>Italiae</strong></span> <span class='ocrx_word' id='word_1_20' title='bbox 994 369 1114 500; x_wconf 79' lang='lat' dir='ltr'><strong>bellirm</strong></span> <span class='ocrx_word' id='word_1_21' title='bbox 1133 437 1260 500; x_wconf 63' lang='lat' dir='ltr'><strong>in-ac·</strong></span> <span class='ocrx_word' id='word_1_22' title='bbox 1272 435 1327 484; x_wconf 68' lang='lat'><strong>²¹⁸</strong></span> 
     </span>
     <span class='ocr_line' id='line_1_4' title="bbox 121 521 1263 608; baseline -0.002 -20"><span class='ocrx_word' id='word_1_23' title='bbox 121 522 191 589; x_wconf 79' lang='lat' dir='ltr'><strong>ferri</strong></span> <span class='ocrx_word' id='word_1_24' title='bbox 217 523 399 597; x_wconf 79' lang='lat' dir='ltr'><strong>audiebant,</strong></span> <span class='ocrx_word' id='word_1_25' title='bbox 423 534 540 600; x_wconf 84' lang='lat' dir='ltr'><strong>tamea,</strong></span> <span class='ocrx_word' id='word_1_26' title='bbox 555 521 631 605; x_wconf 86' lang='lat' dir='ltr'><strong>quia</strong></span> <span class='ocrx_word' id='word_1_27' title='bbox 653 523 685 587; x_wconf 90' lang='lat' dir='ltr'><strong>vi</strong></span> <span class='ocrx_word' id='word_1_28' title='bbox 709 521 861 586; x_wconf 83' lang='lat' dir='ltr'><strong>subactos</strong></span> <span class='ocrx_word' id='word_1_29' title='bbox 882 534 968 586; x_wconf 87' lang='lat' dir='ltr'><strong>trans</strong></span> <span class='ocrx_word' id='word_1_30' title='bbox 990 521 1183 608; x_wconf 72' lang='lat' dir='ltr'><strong>Pyrenaeum</strong></span> <span class='ocrx_word' id='word_1_31' title='bbox 1259 549 1263 557; x_wconf 57' lang='grc'><em>’</em></span> 
     </span>
     <span class='ocr_line' id='line_1_5' title="bbox 124 607 1186 694; baseline -0.003 -18"><span class='ocrx_word' id='word_1_32' title='bbox 124 609 287 694; x_wconf 79' lang='lat' dir='ltr'><strong>Hispanos</strong></span> <span class='ocrx_word' id='word_1_33' title='bbox 321 608 405 674; x_wconf 86' lang='lat' dir='ltr'><strong>lema</strong></span> <span class='ocrx_word' id='word_1_34' title='bbox 435 619 514 684; x_wconf 51' lang='lat' dir='ltr'><strong>¹erat,</strong></span> <span class='ocrx_word' id='word_1_35' title='bbox 544 608 764 694; x_wconf 32' lang='lat' dir='ltr'><strong>praesidiaque,</strong></span> <span class='ocrx_word' id='word_1_36' title='bbox 781 607 886 673; x_wconf 87' lang='lat' dir='ltr'><strong>valida</strong></span> <span class='ocrx_word' id='word_1_37' title='bbox 921 609 1067 692; x_wconf 85' lang='lat' dir='ltr'><strong>inposita,</strong></span> <span class='ocrx_word' id='word_1_38' title='bbox 1087 621 1186 674; x_wconf 85' lang='lat' dir='ltr'><strong>metu</strong></span> 
     </span>
     <span class='ocr_line' id='line_1_6' title="bbox 122 695 1185 782; baseline -0.004 -20"><span class='ocrx_word' id='word_1_39' title='bbox 122 696 280 762; x_wconf 83' lang='lat' dir='ltr'><strong>servitutis</strong></span> <span class='ocrx_word' id='word_1_40' title='bbox 293 695 371 763; x_wconf 75' lang='lat' dir='ltr'><strong>⁹⁷ad</strong></span> <span class='ocrx_word' id='word_1_41' title='bbox 386 717 475 762; x_wconf 89' lang='lat' dir='ltr'><strong>arma</strong></span> <span class='ocrx_word' id='word_1_42' title='bbox 489 697 691 773; x_wconf 82' lang='lat' dir='ltr'><strong>consternati,</strong></span> <span class='ocrx_word' id='word_1_43' title='bbox 708 695 924 760; x_wconf 76' lang='lat' dir='ltr'><strong>Ruscinonem</strong></span> <span class='ocrx_word' id='word_1_44' title='bbox 939 695 1059 780; x_wconf 75' lang='lat' dir='ltr'>aliquot</span> <span class='ocrx_word' id='word_1_45' title='bbox 1072 696 1185 782; x_wconf 86' lang='lat' dir='ltr'><strong>populi</strong></span> 
     </span>
     <span class='ocr_line' id='line_1_7' title="bbox 122 781 1183 936; baseline 0 -90"><span class='ocrx_word' id='word_1_46' title='bbox 122 783 326 884; x_wconf 71' lang='lat' dir='ltr'><strong>conveniunt.</strong></span> <span class='ocrx_word' id='word_1_47' title='bbox 356 781 444 936; x_wconf 46' lang='lat' dir='ltr'><strong>Reid</strong></span> <span class='ocrx_word' id='word_1_48' title='bbox 468 782 523 846; x_wconf 89' lang='lat' dir='ltr'><strong>ubi</strong></span> <span class='ocrx_word' id='word_1_49' title='bbox 550 781 730 870; x_wconf 78' lang='lat' dir='ltr'><strong>Haunibali</strong></span> <span class='ocrx_word' id='word_1_50' title='bbox 759 783 944 848; x_wconf 87' lang='lat' dir='ltr'><strong>nunciatum</strong></span> <span class='ocrx_word' id='word_1_51' title='bbox 972 795 1029 860; x_wconf 89' lang='lat' dir='ltr'><strong>est,</strong></span> <span class='ocrx_word' id='word_1_52' title='bbox 1061 803 1183 882; x_wconf 84' lang='lat' dir='ltr'><strong>moram</strong></span> 
     </span>
     <span class='ocr_line' id='line_1_8' title="bbox 121 867 1332 1045; baseline -0.001 -24"><span class='ocrx_word' id='word_1_53' title='bbox 121 891 375 1045; x_wconf 74' lang='grc'><strong><em>333033</em></strong></span> <span class='ocrx_word' id='word_1_54' title='bbox 409 869 499 946; x_wconf 82' lang='lat'><strong>¹¹</strong></span> <span class='ocrx_word' id='word_1_55' title='bbox 507 957 839 1037; x_wconf 85' lang='grc'><strong>00</strong></span> <span class='ocrx_word' id='word_1_56' title='bbox 855 868 896 934; x_wconf 77' lang='lat'><strong>‘¹</strong></span> <span class='ocrx_word' id='word_1_57' title='bbox 921 867 1332 1000; x_wconf 53' lang='lat' dir='ltr'><strong>‘est</strong></span> 
     </span>
     <span class='ocr_line' id='line_1_9' title="bbox 122 1043 1186 1124; baseline -0.003 -16"><span class='ocrx_word' id='word_1_58' title='bbox 122 1044 247 1109; x_wconf 75' lang='lat' dir='ltr'><strong>luttere·</strong></span> <span class='ocrx_word' id='word_1_59' title='bbox 260 1045 447 1120; x_wconf 74' lang='lat' dir='ltr'><strong>accederent,</strong></span> <span class='ocrx_word' id='word_1_60' title='bbox 463 1045 511 1106; x_wconf 85' lang='lat' dir='ltr'><strong>uel</strong></span> <span class='ocrx_word' id='word_1_61' title='bbox 523 1064 555 1106; x_wconf 89' lang='lat' dir='ltr'><strong>se</strong></span> <span class='ocrx_word' id='word_1_62' title='bbox 568 1043 771 1108; x_wconf 75' lang='lat' dir='ltr'><strong><em>Ruscinonem</em></strong></span> <span class='ocrx_word' id='word_1_63' title='bbox 780 1063 999 1124; x_wconf 72' lang='lat' dir='ltr'><strong>procerrimum,</strong></span> <span class='ocrx_word' id='word_1_64' title='bbox 1014 1052 1049 1104; x_wconf 84' lang='lat' dir='ltr'><strong>ut</strong></span> <span class='ocrx_word' id='word_1_65' title='bbox 1063 1065 1101 1106; x_wconf 81' lang='lat' dir='ltr'><strong>ea</strong></span> <span class='ocrx_word' id='word_1_66' title='bbox 1108 1064 1186 1124; x_wconf 86' lang='lat' dir='ltr'><strong>pro-</strong></span> 
     </span>
    </p>

    <p class='ocr_par' dir='ltr' id='par_1_3' title="bbox 117 1129 1187 1214">
     <span class='ocr_line' id='line_1_10' title="bbox 117 1129 1187 1214; baseline -0.004 -19"><span class='ocrx_word' id='word_1_67' title='bbox 117 1132 237 1214; x_wconf 81' lang='lat' dir='ltr'><strong>pinquo</strong></span> <span class='ocrx_word' id='word_1_68' title='bbox 259 1149 435 1214; x_wconf 62' lang='lat' dir='ltr'><strong>conmeatus</strong></span> <span class='ocrx_word' id='word_1_69' title='bbox 444 1129 691 1213; x_wconf 82' lang='lat' dir='ltr'><strong>facilioresset:</strong></span> <span class='ocrx_word' id='word_1_70' title='bbox 713 1150 784 1192; x_wconf 85' lang='lat' dir='ltr'><strong>aem</strong></span> <span class='ocrx_word' id='word_1_71' title='bbox 810 1137 841 1192; x_wconf 83' lang='lat' dir='ltr'><strong>et</strong></span> <span class='ocrx_word' id='word_1_72' title='bbox 863 1135 1054 1210; x_wconf 73' lang='lat' dir='ltr'><strong>accepturam</strong></span> <span class='ocrx_word' id='word_1_73' title='bbox 1079 1150 1128 1192; x_wconf 86' lang='lat' dir='ltr'><strong>cer</strong></span> <span class='ocrx_word' id='word_1_74' title='bbox 1151 1130 1187 1192; x_wconf 81' lang='lat' dir='ltr'><strong>ic</strong></span> 
     </span>
    </p>

    <p class='ocr_par' dir='ltr' id='par_1_4' title="bbox 124 1216 1188 1296">
     <span class='ocr_line' id='line_1_11' title="bbox 124 1216 1188 1296; baseline 0 -16"><span class='ocrx_word' id='word_1_75' title='bbox 124 1226 227 1282; x_wconf 85' lang='lat' dir='ltr'><strong>cestra</strong></span> <span class='ocrx_word' id='word_1_76' title='bbox 240 1237 299 1280; x_wconf 77' lang='lat' dir='ltr'><strong>aeta</strong></span> <span class='ocrx_word' id='word_1_77' title='bbox 313 1237 346 1280; x_wconf 88' lang='lat' dir='ltr'><strong>se</strong></span> <span class='ocrx_word' id='word_1_78' title='bbox 359 1218 471 1290; x_wconf 73' lang='lat' dir='ltr'><strong>tetam,</strong></span> <span class='ocrx_word' id='word_1_79' title='bbox 487 1237 541 1278; x_wconf 82' lang='lat' dir='ltr'><strong>aee</strong></span> <span class='ocrx_word' id='word_1_80' title='bbox 554 1223 777 1280; x_wconf 72' lang='lat' dir='ltr'><strong>marterterae</strong></span> <span class='ocrx_word' id='word_1_81' title='bbox 791 1216 887 1296; x_wconf 73' lang='lat' dir='ltr'><strong>ipsum</strong></span> <span class='ocrx_word' id='word_1_82' title='bbox 902 1217 945 1278; x_wconf 86' lang='lat' dir='ltr'><strong>ad</strong></span> <span class='ocrx_word' id='word_1_83' title='bbox 958 1235 1007 1278; x_wconf 85' lang='lat' dir='ltr'><strong>ees</strong></span> <span class='ocrx_word' id='word_1_84' title='bbox 1021 1221 1188 1281; x_wconf 76' lang='lat' dir='ltr'><strong>venturam.</strong></span> 
     </span>
    </p>
   </div>
   <div class='ocr_carea' id='block_1_3' title="bbox 22 1300 1188 1384">
    <p class='ocr_par' dir='ltr' id='par_1_5' title="bbox 22 1300 1188 1384">
     <span class='ocr_line' id='line_1_12' title="bbox 22 1300 1188 1384; baseline -0.002 -18"><span class='ocrx_word' id='word_1_85' title='bbox 22 1306 23 1319; x_wconf 62' lang='lat'>¹</span> <span class='ocrx_word' id='word_1_86' title='bbox 126 1301 288 1384; x_wconf 81' lang='lat' dir='ltr'><strong>Hospitem</strong></span> <span class='ocrx_word' id='word_1_87' title='bbox 303 1304 429 1368; x_wconf 82' lang='lat' dir='ltr'><strong>enimse</strong></span> <span class='ocrx_word' id='word_1_88' title='bbox 446 1300 574 1377; x_wconf 76' lang='lat' dir='ltr'><strong>Gallice,</strong></span> <span class='ocrx_word' id='word_1_89' title='bbox 590 1322 652 1364; x_wconf 82' lang='lat' dir='ltr'><strong>aaa</strong></span> <span class='ocrx_word' id='word_1_90' title='bbox 665 1301 787 1379; x_wconf 77' lang='lat' dir='ltr'><strong>bostem,</strong></span> <span class='ocrx_word' id='word_1_91' title='bbox 803 1302 981 1366; x_wconf 74' lang='lat' dir='ltr'><strong>aduenisse.-</strong></span> <span class='ocrx_word' id='word_1_92' title='bbox 997 1323 1051 1364; x_wconf 83' lang='lat' dir='ltr'><strong>nee</strong></span> <span class='ocrx_word' id='word_1_93' title='bbox 1064 1303 1188 1366; x_wconf 79' lang='lat' dir='ltr'><strong>strictu-</strong></span> 
     </span>
    </p>
   </div>
   <div class='ocr_carea' id='block_1_4' title="bbox 125 1383 1353 2512">
    <p class='ocr_par' dir='ltr' id='par_1_6' title="bbox 125 1383 1191 1818">
     <span class='ocr_line' id='line_1_13' title="bbox 127 1383 1189 1476; baseline 0 -24"><span class='ocrx_word' id='word_1_94' title='bbox 127 1411 190 1452; x_wconf 82' lang='lat' dir='ltr'><strong>rum</strong></span> <span class='ocrx_word' id='word_1_95' title='bbox 212 1398 288 1453; x_wconf 84' lang='lat' dir='ltr'><strong>ante</strong></span> <span class='ocrx_word' id='word_1_96' title='bbox 310 1390 461 1476; x_wconf 81' lang='lat' dir='ltr'><strong><em>gladium,</em></strong></span> <span class='ocrx_word' id='word_1_97' title='bbox 476 1389 505 1452; x_wconf 86' lang='lat' dir='ltr'><strong>si</strong></span> <span class='ocrx_word' id='word_1_98' title='bbox 523 1409 584 1470; x_wconf 84' lang='lat' dir='ltr'><strong>per</strong></span> <span class='ocrx_word' id='word_1_99' title='bbox 600 1387 708 1452; x_wconf 83' lang='lat' dir='ltr'><em>Gallos</em></span> <span class='ocrx_word' id='word_1_100' title='bbox 721 1389 825 1465; x_wconf 82' lang='lat' dir='ltr'><strong>liceat,</strong></span> <span class='ocrx_word' id='word_1_101' title='bbox 841 1389 979 1471; x_wconf 75' lang='lat' dir='ltr'><strong>qacm‘m</strong></span> <span class='ocrx_word' id='word_1_102' title='bbox 994 1383 1123 1452; x_wconf 80' lang='lat' dir='ltr'><strong>ltaliam</strong></span> <span class='ocrx_word' id='word_1_103' title='bbox 1138 1409 1189 1452; x_wconf 84' lang='lat' dir='ltr'><strong>ee-</strong></span> 
     </span>
     <span class='ocr_line' id='line_1_14' title="bbox 126 1472 1188 1560; baseline 0 -24"><span class='ocrx_word' id='word_1_104' title='bbox 126 1476 226 1540; x_wconf 82' lang='lat' dir='ltr'><strong>nisset.</strong></span> <span class='ocrx_word' id='word_1_105' title='bbox 266 1472 311 1538; x_wconf 90' lang='lat' dir='ltr'><strong>Et</strong></span> <span class='ocrx_word' id='word_1_106' title='bbox 327 1475 529 1558; x_wconf 83' lang='lat' dir='ltr'><strong>pertinacius</strong></span> <span class='ocrx_word' id='word_1_107' title='bbox 543 1472 671 1558; x_wconf 88' lang='lat' dir='ltr'><strong>quidem</strong></span> <span class='ocrx_word' id='word_1_108' title='bbox 687 1472 768 1539; x_wconf 81' lang='lat' dir='ltr'><strong>haeo.</strong></span> <span class='ocrx_word' id='word_1_109' title='bbox 806 1473 854 1538; x_wconf 89' lang='lat' dir='ltr'><strong>Ut</strong></span> <span class='ocrx_word' id='word_1_110' title='bbox 869 1495 943 1540; x_wconf 82' lang='lat' dir='ltr'><strong>vero</strong></span> <span class='ocrx_word' id='word_1_111' title='bbox 958 1473 1061 1560; x_wconf 87' lang='lat' dir='ltr'><strong>reguli</strong></span> <span class='ocrx_word' id='word_1_112' title='bbox 1075 1473 1188 1538; x_wconf 89' lang='lat' dir='ltr'><strong>Gallo·</strong></span> 
     </span>
     <span class='ocr_line' id='line_1_15' title="bbox 125 1557 1189 1646; baseline 0 -22"><span class='ocrx_word' id='word_1_113' title='bbox 125 1581 207 1638; x_wconf 85' lang='lat' dir='ltr'><strong>rom,</strong></span> <span class='ocrx_word' id='word_1_114' title='bbox 228 1561 340 1628; x_wconf 84' lang='lat' dir='ltr'><strong>caetris</strong></span> <span class='ocrx_word' id='word_1_115' title='bbox 355 1559 396 1630; x_wconf 83' lang='lat' dir='ltr'><strong>ad</strong></span> <span class='ocrx_word' id='word_1_116' title='bbox 411 1560 568 1626; x_wconf 84' lang='lat' dir='ltr'><strong>Illiberim</strong></span> <span class='ocrx_word' id='word_1_117' title='bbox 583 1559 747 1644; x_wconf 80' lang='lat' dir='ltr'><strong>extemplo</strong></span> <span class='ocrx_word' id='word_1_118' title='bbox 766 1561 872 1636; x_wconf 88' lang='lat' dir='ltr'><strong>motis,</strong></span> <span class='ocrx_word' id='word_1_119' title='bbox 887 1557 974 1626; x_wconf 90' lang='lat' dir='ltr'><strong>haud</strong></span> <span class='ocrx_word' id='word_1_120' title='bbox 996 1573 1125 1646; x_wconf 86' lang='lat' dir='ltr'><strong>gravate</strong></span> <span class='ocrx_word' id='word_1_121' title='bbox 1147 1559 1189 1624; x_wconf 89' lang='lat' dir='ltr'><strong>ad</strong></span> 
     </span>
     <span class='ocr_line' id='line_1_16' title="bbox 128 1645 1191 1730; baseline -0.005 -18"><span class='ocrx_word' id='word_1_122' title='bbox 128 1647 262 1712; x_wconf 81' lang='lat' dir='ltr'><strong>Poenum</strong></span> <span class='ocrx_word' id='word_1_123' title='bbox 285 1659 458 1723; x_wconf 82' lang='lat' dir='ltr'><strong>venerunt3</strong></span> <span class='ocrx_word' id='word_1_124' title='bbox 477 1647 566 1728; x_wconf 85' lang='lat' dir='ltr'><strong>&#39;capti</strong></span> <span class='ocrx_word' id='word_1_125' title='bbox 587 1645 690 1726; x_wconf 81' lang='lat' dir='ltr'><strong>donis,</strong></span> <span class='ocrx_word' id='word_1_126' title='bbox 710 1669 783 1712; x_wconf 90' lang='lat' dir='ltr'><strong>cum</strong></span> <span class='ocrx_word' id='word_1_127' title='bbox 808 1646 894 1712; x_wconf 88' lang='lat' dir='ltr'><strong>bona</strong></span> <span class='ocrx_word' id='word_1_128' title='bbox 917 1669 992 1730; x_wconf 87' lang='lat' dir='ltr'><strong>pecs</strong></span> <span class='ocrx_word' id='word_1_129' title='bbox 1013 1647 1191 1710; x_wconf 85' lang='lat' dir='ltr'><strong>exereitum</strong></span> 
     </span>
     <span class='ocr_line' id='line_1_17' title="bbox 127 1732 1168 1818; baseline 0 -22"><span class='ocrx_word' id='word_1_130' title='bbox 127 1734 278 1818; x_wconf 88' lang='lat' dir='ltr'><strong>perfines</strong></span> <span class='ocrx_word' id='word_1_131' title='bbox 293 1756 367 1800; x_wconf 87' lang='lat' dir='ltr'><strong>suos</strong></span> <span class='ocrx_word' id='word_1_132' title='bbox 382 1747 500 1817; x_wconf 85' lang='lat' dir='ltr'><strong>praeter</strong></span> <span class='ocrx_word' id='word_1_133' title='bbox 516 1732 730 1798; x_wconf 77' lang='lat' dir='ltr'><strong>Ruscinonem</strong></span> <span class='ocrx_word' id='word_1_134' title='bbox 747 1732 900 1818; x_wconf 88' lang='lat' dir='ltr'><strong>oppidum</strong></span> <span class='ocrx_word' id='word_1_135' title='bbox 917 1733 1168 1800; x_wconf 86' lang='lat' dir='ltr'><strong>transmiserunt.</strong></span> 
     </span>
    </p>

    <p class='ocr_par' dir='ltr' id='par_1_7' title="bbox 129 1818 1353 2512">
     <span class='ocr_line' id='line_1_18' title="bbox 174 1818 1193 1906; baseline 0 -22"><span class='ocrx_word' id='word_1_136' title='bbox 174 1819 284 1884; x_wconf 89' lang='lat' dir='ltr'><strong>XXV.</strong></span> <span class='ocrx_word' id='word_1_137' title='bbox 317 1820 356 1884; x_wconf 91' lang='lat' dir='ltr'><strong>ln</strong></span> <span class='ocrx_word' id='word_1_138' title='bbox 387 1819 512 1884; x_wconf 89' lang='lat' dir='ltr'><strong>ltaliam</strong></span> <span class='ocrx_word' id='word_1_139' title='bbox 541 1819 668 1886; x_wconf 86' lang='lat' dir='ltr'><strong>interim</strong></span> <span class='ocrx_word' id='word_1_140' title='bbox 697 1819 778 1884; x_wconf 88' lang='lat' dir='ltr'><strong>nihil</strong></span> <span class='ocrx_word' id='word_1_141' title='bbox 806 1818 900 1896; x_wconf 80' lang='lat' dir='ltr'><strong>ultre,</strong></span> <span class='ocrx_word' id='word_1_142' title='bbox 934 1842 1029 1906; x_wconf 92' lang='lat' dir='ltr'><strong>quam</strong></span> <span class='ocrx_word' id='word_1_143' title='bbox 1059 1819 1193 1886; x_wconf 86' lang='lat' dir='ltr'><strong>Iberum</strong></span> 
     </span>
     <span class='ocr_line' id='line_1_19' title="bbox 131 1905 1191 1994; baseline 0 -24"><span class='ocrx_word' id='word_1_144' title='bbox 131 1906 276 1972; x_wconf 88' lang='lat' dir='ltr'><strong>transisse</strong></span> <span class='ocrx_word' id='word_1_145' title='bbox 292 1905 520 1984; x_wconf 76' lang='lat' dir='ltr'><strong>Hannibalem,</strong></span> <span class='ocrx_word' id='word_1_146' title='bbox 536 1929 555 1972; x_wconf 87' lang='lat' dir='ltr'><strong>a</strong></span> <span class='ocrx_word' id='word_1_147' title='bbox 571 1905 818 1994; x_wconf 81' lang='lat' dir='ltr'><strong>Massiliensium</strong></span> <span class='ocrx_word' id='word_1_148' title='bbox 838 1905 949 1994; x_wconf 82' lang='lat' dir='ltr'><strong>legatis</strong></span> <span class='ocrx_word' id='word_1_149' title='bbox 967 1909 1102 1970; x_wconf 80' lang='lat' dir='ltr'><strong>Romam</strong></span> <span class='ocrx_word' id='word_1_150' title='bbox 1119 1929 1191 1992; x_wconf 90' lang='lat' dir='ltr'><strong>per·</strong></span> 
     </span>
     <span class='ocr_line' id='line_1_20' title="bbox 129 1991 1353 2078; baseline 0.002 -22"><span class='ocrx_word' id='word_1_151' title='bbox 129 1991 226 2058; x_wconf 88' lang='lat' dir='ltr'><strong>latum</strong></span> <span class='ocrx_word' id='word_1_152' title='bbox 242 2007 329 2062; x_wconf 87' lang='lat' dir='ltr'><strong>erat:</strong></span> <span class='ocrx_word' id='word_1_153' title='bbox 353 2015 451 2077; x_wconf 88' lang='lat' dir='ltr'><strong>quum</strong></span> <span class='ocrx_word' id='word_1_154' title='bbox 467 1992 609 2077; x_wconf 90' lang='lat' dir='ltr'><strong>perinde,</strong></span> <span class='ocrx_word' id='word_1_155' title='bbox 625 2015 662 2058; x_wconf 85' lang='lat' dir='ltr'><strong>ac</strong></span> <span class='ocrx_word' id='word_1_156' title='bbox 677 1993 703 2056; x_wconf 88' lang='lat' dir='ltr'><strong>si</strong></span> <span class='ocrx_word' id='word_1_157' title='bbox 724 1991 822 2076; x_wconf 85' lang='lat' dir='ltr'>Alpes</span> <span class='ocrx_word' id='word_1_158' title='bbox 835 1992 903 2078; x_wconf 89' lang='lat' dir='ltr'><strong>jam</strong></span> <span class='ocrx_word' id='word_1_159' title='bbox 919 1993 1089 2070; x_wconf 77' lang='lat' dir='ltr'><strong>transisset,</strong></span> <span class='ocrx_word' id='word_1_160' title='bbox 1107 1992 1190 2072; x_wconf 87' lang='lat' dir='ltr'><strong>Boii,</strong></span> <span class='ocrx_word' id='word_1_161' title='bbox 1200 2013 1254 2059; x_wconf 76' lang='lat' dir='ltr'><strong>aaa</strong></span> <span class='ocrx_word' id='word_1_162' title='bbox 1264 2013 1290 2058; x_wconf 82' lang='lat' dir='ltr'><strong>tn</strong></span> <span class='ocrx_word' id='word_1_163' title='bbox 1303 2012 1353 2058; x_wconf 80' lang='lat' dir='ltr'><strong>lu-</strong></span> 
     </span>
     <span class='ocr_line' id='line_1_21' title="bbox 131 2077 1322 2159; baseline 0 -15"><span class='ocrx_word' id='word_1_164' title='bbox 131 2079 304 2149; x_wconf 86' lang='lat' dir='ltr'><strong>sollicitatis</strong></span> <span class='ocrx_word' id='word_1_165' title='bbox 329 2078 528 2159; x_wconf 86' lang='lat' dir='ltr'><strong>Insubribus,</strong></span> <span class='ocrx_word' id='word_1_166' title='bbox 541 2078 755 2158; x_wconf 74' lang='lat' dir='ltr'><strong>,defecerunt3</strong></span> <span class='ocrx_word' id='word_1_167' title='bbox 777 2101 837 2142; x_wconf 89' lang='lat' dir='ltr'><strong>nec</strong></span> <span class='ocrx_word' id='word_1_168' title='bbox 860 2095 924 2142; x_wconf 87' lang='lat' dir='ltr'><strong>tam</strong></span> <span class='ocrx_word' id='word_1_169' title='bbox 950 2082 990 2142; x_wconf 92' lang='lat' dir='ltr'><strong>ob</strong></span> <span class='ocrx_word' id='word_1_170' title='bbox 1014 2091 1134 2145; x_wconf 83' lang='lat' dir='ltr'><strong>veteres</strong></span> <span class='ocrx_word' id='word_1_171' title='bbox 1156 2078 1232 2144; x_wconf 69' lang='lat' dir='ltr'><strong>io¹³²</strong></span> <span class='ocrx_word' id='word_1_172' title='bbox 1246 2077 1322 2124; x_wconf 58' lang='lat'><strong>‘0¹2¹-</strong></span> 
     </span>
     <span class='ocr_line' id='line_1_22' title="bbox 129 2143 1259 2251; baseline 0 -21"><span class='ocrx_word' id='word_1_173' title='bbox 129 2165 285 2251; x_wconf 88' lang='lat' dir='ltr'><strong>popolum</strong></span> <span class='ocrx_word' id='word_1_174' title='bbox 312 2165 497 2232; x_wconf 88' lang='lat' dir='ltr'><strong>Romanum</strong></span> <span class='ocrx_word' id='word_1_175' title='bbox 521 2167 594 2243; x_wconf 87' lang='lat' dir='ltr'><strong>iras,</strong></span> <span class='ocrx_word' id='word_1_176' title='bbox 614 2186 710 2251; x_wconf 85' lang='lat' dir='ltr'><strong>quem</strong></span> <span class='ocrx_word' id='word_1_177' title='bbox 726 2165 812 2250; x_wconf 90' lang='lat' dir='ltr'><strong>quod</strong></span> <span class='ocrx_word' id='word_1_178' title='bbox 838 2187 939 2250; x_wconf 88' lang='lat' dir='ltr'><strong>nuper</strong></span> <span class='ocrx_word' id='word_1_179' title='bbox 954 2165 1038 2230; x_wconf 88' lang='lat' dir='ltr'><strong>circa</strong></span> <span class='ocrx_word' id='word_1_180' title='bbox 1054 2143 1259 2243; x_wconf 74' lang='lat' dir='ltr'><strong>Padum,¹⁸¹¹¹&#39;</strong></span> 
     </span>
     <span class='ocr_line' id='line_1_23' title="bbox 133 2251 1194 2338; baseline 0.003 -23"><span class='ocrx_word' id='word_1_181' title='bbox 133 2251 329 2318; x_wconf 86' lang='lat' dir='ltr'><strong>Placentiam</strong></span> <span class='ocrx_word' id='word_1_182' title='bbox 339 2251 604 2338; x_wconf 80' lang='lat' dir='ltr'><strong>Cremonamque</strong></span> <span class='ocrx_word' id='word_1_183' title='bbox 616 2252 758 2318; x_wconf 87' lang='lat' dir='ltr'><strong>colonias</strong></span> <span class='ocrx_word' id='word_1_184' title='bbox 781 2254 813 2316; x_wconf 90' lang='lat' dir='ltr'><strong>in</strong></span> <span class='ocrx_word' id='word_1_185' title='bbox 831 2274 945 2338; x_wconf 79' lang='lat' dir='ltr'><strong>agrum</strong></span> <span class='ocrx_word' id='word_1_186' title='bbox 960 2251 1119 2322; x_wconf 88' lang='lat' dir='ltr'><strong>Gallicum</strong></span> <span class='ocrx_word' id='word_1_187' title='bbox 1136 2253 1194 2318; x_wconf 81' lang='lat' dir='ltr'><strong>de·</strong></span> 
     </span>
     <span class='ocr_line' id='line_1_24' title="bbox 132 2337 1192 2426; baseline -0.001 -23"><span class='ocrx_word' id='word_1_188' title='bbox 132 2337 243 2404; x_wconf 86' lang='lat' dir='ltr'><strong>ductes</strong></span> <span class='ocrx_word' id='word_1_189' title='bbox 263 2361 354 2426; x_wconf 71' lang='lat' dir='ltr'><strong>agre,</strong></span> <span class='ocrx_word' id='word_1_190' title='bbox 374 2337 585 2422; x_wconf 84' lang='lat' dir='ltr'><strong>potiebantur.</strong></span> <span class='ocrx_word' id='word_1_191' title='bbox 631 2337 753 2426; x_wconf 85' lang='lat' dir='ltr'><strong>Itaque,</strong></span> <span class='ocrx_word' id='word_1_192' title='bbox 777 2339 873 2405; x_wconf 87' lang='lat' dir='ltr'><strong>armis</strong></span> <span class='ocrx_word' id='word_1_193' title='bbox 896 2351 1028 2423; x_wconf 87' lang='lat' dir='ltr'><strong>repento</strong></span> <span class='ocrx_word' id='word_1_194' title='bbox 1041 2338 1192 2424; x_wconf 83' lang='lat' dir='ltr'><strong>adreptis,</strong></span> 
     </span>
     <span class='ocr_line' id='line_1_25' title="bbox 133 2424 1192 2512; baseline 0.002 -24"><span class='ocrx_word' id='word_1_195' title='bbox 133 2424 163 2488; x_wconf 94' lang='lat' dir='ltr'><strong>in</strong></span> <span class='ocrx_word' id='word_1_196' title='bbox 185 2447 261 2492; x_wconf 90' lang='lat' dir='ltr'><strong>eum</strong></span> <span class='ocrx_word' id='word_1_197' title='bbox 285 2426 391 2510; x_wconf 89' lang='lat' dir='ltr'><strong>ipsum</strong></span> <span class='ocrx_word' id='word_1_198' title='bbox 417 2448 530 2512; x_wconf 80' lang='lat' dir='ltr'><strong>agrum</strong></span> <span class='ocrx_word' id='word_1_199' title='bbox 554 2426 663 2511; x_wconf 87' lang='lat' dir='ltr'><strong>inpetu</strong></span> <span class='ocrx_word' id='word_1_200' title='bbox 687 2427 784 2502; x_wconf 87' lang='lat' dir='ltr'><strong>facto,</strong></span> <span class='ocrx_word' id='word_1_201' title='bbox 801 2437 923 2492; x_wconf 87' lang='lat' dir='ltr'><strong>tautum</strong></span> <span class='ocrx_word' id='word_1_202' title='bbox 947 2425 1075 2490; x_wconf 88' lang='lat' dir='ltr'><strong>terroris</strong></span> <span class='ocrx_word' id='word_1_203' title='bbox 1091 2447 1126 2490; x_wconf 87' lang='lat' dir='ltr'><strong>ac</strong></span> <span class='ocrx_word' id='word_1_204' title='bbox 1142 2439 1192 2490; x_wconf 84' lang='lat' dir='ltr'><strong>tu-</strong></span> 
     </span>
    </p>
   </div>
   <div class='ocr_carea' id='block_1_5' title="bbox 132 2510 1199 2750">
    <p class='ocr_par' dir='ltr' id='par_1_8' title="bbox 132 2510 1199 2750">
     <span class='ocr_line' id='line_1_26' title="bbox 133 2510 1195 2598; baseline 0 -22"><span class='ocrx_word' id='word_1_205' title='bbox 133 2511 250 2576; x_wconf 91' lang='lat' dir='ltr'><strong>multus</strong></span> <span class='ocrx_word' id='word_1_206' title='bbox 270 2510 426 2589; x_wconf 86' lang='lat' dir='ltr'><strong>feceruut,</strong></span> <span class='ocrx_word' id='word_1_207' title='bbox 442 2526 479 2576; x_wconf 89' lang='lat' dir='ltr'><strong>ut</strong></span> <span class='ocrx_word' id='word_1_208' title='bbox 497 2534 563 2576; x_wconf 90' lang='lat' dir='ltr'><strong>non</strong></span> <span class='ocrx_word' id='word_1_209' title='bbox 641 2513 715 2580; x_wconf 84' lang='lat' dir='ltr'><strong>estis</strong></span> <span class='ocrx_word' id='word_1_210' title='bbox 736 2511 834 2578; x_wconf 89' lang='lat' dir='ltr'><strong>modo</strong></span> <span class='ocrx_word' id='word_1_211' title='bbox 856 2511 1035 2590; x_wconf 86' lang='lat' dir='ltr'><strong>multitudo,</strong></span> <span class='ocrx_word' id='word_1_212' title='bbox 1053 2511 1108 2578; x_wconf 88' lang='lat' dir='ltr'><strong>sed</strong></span> <span class='ocrx_word' id='word_1_213' title='bbox 1130 2512 1195 2598; x_wconf 90' lang='lat' dir='ltr'><strong>ipsi</strong></span> 
     </span>
     <span class='ocr_line' id='line_1_27' title="bbox 132 2598 1199 2750; baseline 0.002 -88"><span class='ocrx_word' id='word_1_214' title='bbox 132 2599 289 2668; x_wconf 85' lang='lat' dir='ltr'><strong>triumviri</strong></span> <span class='ocrx_word' id='word_1_215' title='bbox 317 2598 467 2676; x_wconf 86' lang='lat' dir='ltr'><strong>Romani,</strong></span> <span class='ocrx_word' id='word_1_216' title='bbox 494 2599 592 2683; x_wconf 84' lang='lat' dir='ltr'><strong>qui&#39;a</strong></span> <span class='ocrx_word' id='word_1_217' title='bbox 630 2621 751 2750; x_wconf 27' lang='lat' dir='ltr'><strong>1asprum</strong></span> <span class='ocrx_word' id='word_1_218' title='bbox 773 2612 924 2666; x_wconf 85' lang='lat' dir='ltr'><strong>venerant</strong></span> <span class='ocrx_word' id='word_1_219' title='bbox 948 2598 1199 2686; x_wconf 64' lang='lat' dir='ltr'><strong>adsignandum,</strong></span> 
     </span>
    </p>
   </div>
   <div class='ocr_carea' id='block_1_6' title="bbox 130 2683 1360 3886">
    <p class='ocr_par' dir='ltr' id='par_1_9' title="bbox 133 2683 1194 2773">
     <span class='ocr_line' id='line_1_28' title="bbox 133 2683 1194 2773; baseline 0.002 -25"><span class='ocrx_word' id='word_1_220' title='bbox 133 2684 225 2750; x_wconf 87' lang='lat' dir='ltr'><strong>diffisi</strong></span> <span class='ocrx_word' id='word_1_221' title='bbox 244 2684 418 2750; x_wconf 74' lang='lat' dir='ltr'><strong>Placentiae</strong></span> <span class='ocrx_word' id='word_1_222' title='bbox 441 2686 613 2762; x_wconf 71' lang='lat' dir='ltr'><strong>maenibus,</strong></span> <span class='ocrx_word' id='word_1_223' title='bbox 672 2685 794 2752; x_wconf 87' lang='lat' dir='ltr'><strong>atinam</strong></span> <span class='ocrx_word' id='word_1_224' title='bbox 809 2683 1022 2773; x_wconf 83' lang='lat' dir='ltr'><strong>confugerint,</strong></span> <span class='ocrx_word' id='word_1_225' title='bbox 1040 2685 1079 2750; x_wconf 89' lang='lat' dir='ltr'><strong>C.</strong></span> <span class='ocrx_word' id='word_1_226' title='bbox 1097 2687 1194 2750; x_wconf 84' lang='lat' dir='ltr'><strong>Luta·</strong></span> 
     </span>
    </p>

    <p class='ocr_par' dir='ltr' id='par_1_10' title="bbox 133 2771 1196 2849">
     <span class='ocr_line' id='line_1_29' title="bbox 133 2771 1196 2849; baseline 0.001 -14"><span class='ocrx_word' id='word_1_227' title='bbox 133 2772 204 2849; x_wconf 87' lang='lat' dir='ltr'><strong>tius,</strong></span> <span class='ocrx_word' id='word_1_228' title='bbox 223 2771 261 2836; x_wconf 88' lang='lat' dir='ltr'><strong>C.</strong></span> <span class='ocrx_word' id='word_1_229' title='bbox 275 2771 437 2847; x_wconf 88' lang='lat' dir='ltr'><strong>Servilius,</strong></span> <span class='ocrx_word' id='word_1_230' title='bbox 454 2771 498 2836; x_wconf 92' lang='lat' dir='ltr'><strong>T.</strong></span> <span class='ocrx_word' id='word_1_231' title='bbox 514 2771 650 2838; x_wconf 87' lang='lat' dir='ltr'><strong>Annius.</strong></span> <span class='ocrx_word' id='word_1_232' title='bbox 694 2771 818 2838; x_wconf 85' lang='lat' dir='ltr'><strong>Lutatii</strong></span> <span class='ocrx_word' id='word_1_233' title='bbox 832 2771 1046 2838; x_wconf 80' lang='lat' dir='ltr'><strong>nomen&#39;haud</strong></span> <span class='ocrx_word' id='word_1_234' title='bbox 1061 2771 1196 2838; x_wconf 88' lang='lat' dir='ltr'><strong>dubium</strong></span> 
     </span>
    </p>

    <p class='ocr_par' dir='ltr' id='par_1_11' title="bbox 132 2857 1196 2946">
     <span class='ocr_line' id='line_1_30' title="bbox 132 2857 1196 2946; baseline 0.003 -25"><span class='ocrx_word' id='word_1_235' title='bbox 132 2871 187 2946; x_wconf 74' lang='lat' dir='ltr'><strong>est.</strong></span> <span class='ocrx_word' id='word_1_236' title='bbox 209 2880 271 2942; x_wconf 90' lang='lat' dir='ltr'><strong>pro</strong></span> <span class='ocrx_word' id='word_1_237' title='bbox 289 2857 327 2924; x_wconf 91' lang='lat' dir='ltr'><strong>C.</strong></span> <span class='ocrx_word' id='word_1_238' title='bbox 348 2858 480 2924; x_wconf 89' lang='lat' dir='ltr'><strong>Servilio</strong></span> <span class='ocrx_word' id='word_1_239' title='bbox 495 2871 527 2923; x_wconf 90' lang='lat' dir='ltr'><strong>et</strong></span> <span class='ocrx_word' id='word_1_240' title='bbox 541 2858 584 2923; x_wconf 91' lang='lat' dir='ltr'><strong>T.</strong></span> <span class='ocrx_word' id='word_1_241' title='bbox 601 2859 720 2934; x_wconf 83' lang='lat' dir='ltr'><strong>Annio,</strong></span> <span class='ocrx_word' id='word_1_242' title='bbox 737 2858 781 2934; x_wconf 87' lang='lat' dir='ltr'><strong>Q.</strong></span> <span class='ocrx_word' id='word_1_243' title='bbox 798 2858 935 2924; x_wconf 87' lang='lat' dir='ltr'><strong>Acilium</strong></span> <span class='ocrx_word' id='word_1_244' title='bbox 959 2872 990 2922; x_wconf 91' lang='lat' dir='ltr'><strong>et</strong></span> <span class='ocrx_word' id='word_1_245' title='bbox 1011 2858 1050 2924; x_wconf 89' lang='lat' dir='ltr'><strong>C.</strong></span> <span class='ocrx_word' id='word_1_246' title='bbox 1067 2857 1196 2924; x_wconf 83' lang='lat' dir='ltr'><strong>Heren-</strong></span> 
     </span>
    </p>

    <p class='ocr_par' dir='ltr' id='par_1_12' title="bbox 133 2943 1197 3028">
     <span class='ocr_line' id='line_1_31' title="bbox 133 2943 1197 3028; baseline 0.002 -20"><span class='ocrx_word' id='word_1_247' title='bbox 133 2944 220 3009; x_wconf 90' lang='lat' dir='ltr'><strong>nium</strong></span> <span class='ocrx_word' id='word_1_248' title='bbox 237 2943 358 3009; x_wconf 85' lang='lat' dir='ltr'><strong>habent</strong></span> <span class='ocrx_word' id='word_1_249' title='bbox 372 2945 500 3028; x_wconf 86' lang='lat' dir='ltr'><strong>quidam</strong></span> <span class='ocrx_word' id='word_1_250' title='bbox 514 2948 660 3012; x_wconf 84' lang='lat' dir='ltr'><strong>annales:</strong></span> <span class='ocrx_word' id='word_1_251' title='bbox 683 2945 738 3012; x_wconf 87' lang='lat' dir='ltr'><strong>alii</strong></span> <span class='ocrx_word' id='word_1_252' title='bbox 760 2945 798 3014; x_wconf 69' lang='lat' dir='ltr'><strong>P..</strong></span> <span class='ocrx_word' id='word_1_253' title='bbox 816 2944 1001 3012; x_wconf 86' lang='lat' dir='ltr'><strong>Cornelium</strong></span> <span class='ocrx_word' id='word_1_254' title='bbox 1020 2945 1148 3010; x_wconf 86' lang='lat' dir='ltr'><strong>Asinam</strong></span> <span class='ocrx_word' id='word_1_255' title='bbox 1165 2959 1197 3010; x_wconf 85' lang='lat' dir='ltr'><strong>et</strong></span> 
     </span>
    </p>

    <p class='ocr_par' dir='ltr' id='par_1_13' title="bbox 133 3029 1197 3201">
     <span class='ocr_line' id='line_1_32' title="bbox 135 3029 1197 3119; baseline 0.001 -24"><span class='ocrx_word' id='word_1_256' title='bbox 135 3030 174 3096; x_wconf 91' lang='lat' dir='ltr'><strong>C.</strong></span> <span class='ocrx_word' id='word_1_257' title='bbox 190 3031 358 3115; x_wconf 88' lang='lat' dir='ltr'><strong>Papirium</strong></span> <span class='ocrx_word' id='word_1_258' title='bbox 375 3029 554 3097; x_wconf 78' lang='lat' dir='ltr'><strong>Masonem.</strong></span> <span class='ocrx_word' id='word_1_259' title='bbox 600 3031 639 3096; x_wconf 91' lang='lat' dir='ltr'><strong>ld</strong></span> <span class='ocrx_word' id='word_1_260' title='bbox 652 3053 781 3118; x_wconf 90' lang='lat' dir='ltr'><strong>quoque</strong></span> <span class='ocrx_word' id='word_1_261' title='bbox 802 3031 936 3098; x_wconf 88' lang='lat' dir='ltr'><strong>dubium</strong></span> <span class='ocrx_word' id='word_1_262' title='bbox 958 3044 1015 3109; x_wconf 87' lang='lat' dir='ltr'><strong>est,</strong></span> <span class='ocrx_word' id='word_1_263' title='bbox 1033 3030 1138 3119; x_wconf 80' lang='lat' dir='ltr'><strong>legati,</strong></span> <span class='ocrx_word' id='word_1_264' title='bbox 1155 3031 1197 3096; x_wconf 89' lang='lat' dir='ltr'><strong>ad</strong></span> 
     </span>
     <span class='ocr_line' id='line_1_33' title="bbox 133 3117 1197 3201; baseline 0.003 -19"><span class='ocrx_word' id='word_1_265' title='bbox 133 3117 400 3201; x_wconf 85' lang='lat' dir='ltr'><strong>expostulandum</strong></span> <span class='ocrx_word' id='word_1_266' title='bbox 424 3118 510 3182; x_wconf 87' lang='lat' dir='ltr'><strong>missi</strong></span> <span class='ocrx_word' id='word_1_267' title='bbox 532 3117 573 3184; x_wconf 89' lang='lat' dir='ltr'><strong>ad</strong></span> <span class='ocrx_word' id='word_1_268' title='bbox 598 3118 724 3194; x_wconf 62' lang='lat' dir='ltr'><strong>Batou,</strong></span> <span class='ocrx_word' id='word_1_269' title='bbox 744 3117 851 3186; x_wconf 83' lang='lat' dir='ltr'><strong>violati</strong></span> <span class='ocrx_word' id='word_1_270' title='bbox 872 3117 946 3195; x_wconf 80' lang='lat' dir='ltr'><strong>sint,</strong></span> <span class='ocrx_word' id='word_1_271' title='bbox 962 3141 1003 3182; x_wconf 85' lang='lat' dir='ltr'><strong>an</strong></span> <span class='ocrx_word' id='word_1_272' title='bbox 1028 3119 1061 3182; x_wconf 90' lang='lat' dir='ltr'><strong>in</strong></span> <span class='ocrx_word' id='word_1_273' title='bbox 1085 3120 1197 3184; x_wconf 88' lang='lat' dir='ltr'><strong>trium·</strong></span> 
     </span>
    </p>

    <p class='ocr_par' dir='ltr' id='par_1_14' title="bbox 133 3203 1360 3552">
     <span class='ocr_line' id='line_1_34' title="bbox 133 3203 1360 3292; baseline -0.001 -26"><span class='ocrx_word' id='word_1_274' title='bbox 133 3203 219 3268; x_wconf 87' lang='lat' dir='ltr'><strong>viros</strong></span> <span class='ocrx_word' id='word_1_275' title='bbox 246 3225 359 3290; x_wconf 86' lang='lat' dir='ltr'><strong>agrum</strong></span> <span class='ocrx_word' id='word_1_276' title='bbox 382 3216 536 3270; x_wconf 87' lang='lat' dir='ltr'><strong>metantes</strong></span> <span class='ocrx_word' id='word_1_277' title='bbox 565 3206 690 3286; x_wconf 85' lang='lat' dir='ltr'><strong>inpetus</strong></span> <span class='ocrx_word' id='word_1_278' title='bbox 714 3203 754 3268; x_wconf 89' lang='lat' dir='ltr'><strong>sit</strong></span> <span class='ocrx_word' id='word_1_279' title='bbox 775 3203 886 3270; x_wconf 86' lang='lat' dir='ltr'><strong>lactus.</strong></span> <span class='ocrx_word' id='word_1_280' title='bbox 931 3203 1070 3270; x_wconf 91' lang='lat' dir='ltr'><strong>Mutinae</strong></span> <span class='ocrx_word' id='word_1_281' title='bbox 1095 3227 1195 3292; x_wconf 91' lang='lat' dir='ltr'><strong>quum</strong></span> <span class='ocrx_word' id='word_1_282' title='bbox 1206 3221 1360 3268; x_wconf 79' lang='lat' dir='ltr'><strong>Mutinam·</strong></span> 
     </span>
     <span class='ocr_line' id='line_1_35' title="bbox 134 3289 1278 3377; baseline 0.003 -24"><span class='ocrx_word' id='word_1_283' title='bbox 134 3289 367 3368; x_wconf 85' lang='lat' dir='ltr'><strong>obsiderentur,</strong></span> <span class='ocrx_word' id='word_1_284' title='bbox 393 3303 425 3354; x_wconf 93' lang='lat' dir='ltr'><strong>et</strong></span> <span class='ocrx_word' id='word_1_285' title='bbox 452 3311 542 3377; x_wconf 85' lang='lat' dir='ltr'><strong>gens,</strong></span> <span class='ocrx_word' id='word_1_286' title='bbox 570 3289 610 3354; x_wconf 89' lang='lat' dir='ltr'><strong>ad</strong></span> <span class='ocrx_word' id='word_1_287' title='bbox 642 3290 928 3377; x_wconf 80' lang='lat' dir='ltr'><strong>obpugnandamm</strong></span> <span class='ocrx_word' id='word_1_288' title='bbox 958 3291 1085 3358; x_wconf 90' lang='lat' dir='ltr'><strong>urbium</strong></span> <span class='ocrx_word' id='word_1_289' title='bbox 1114 3300 1278 3356; x_wconf 57' lang='lat' dir='ltr'><strong>atterm-</strong></span> 
     </span>
     <span class='ocr_line' id='line_1_36' title="bbox 135 3376 1199 3464; baseline 0.005 -25"><span class='ocrx_word' id='word_1_290' title='bbox 135 3377 234 3453; x_wconf 89' lang='lat' dir='ltr'><strong>rudis,</strong></span> <span class='ocrx_word' id='word_1_291' title='bbox 258 3376 430 3464; x_wconf 83' lang='lat' dir='ltr'><strong>pigerrima</strong></span> <span class='ocrx_word' id='word_1_292' title='bbox 452 3376 562 3443; x_wconf 86' lang='lat' dir='ltr'><strong>eadem</strong></span> <span class='ocrx_word' id='word_1_293' title='bbox 582 3378 622 3442; x_wconf 87' lang='lat' dir='ltr'><strong>ad</strong></span> <span class='ocrx_word' id='word_1_294' title='bbox 646 3377 796 3448; x_wconf 85' lang='lat' dir='ltr'><strong>militaria</strong></span> <span class='ocrx_word' id='word_1_295' title='bbox 816 3399 925 3463; x_wconf 90' lang='lat' dir='ltr'><strong>opera,</strong></span> <span class='ocrx_word' id='word_1_296' title='bbox 944 3379 1048 3463; x_wconf 85' lang='lat' dir='ltr'><strong>segnis</strong></span> <span class='ocrx_word' id='word_1_297' title='bbox 1071 3376 1199 3444; x_wconf 86' lang='lat' dir='ltr'><strong>intactis</strong></span> 
     </span>
     <span class='ocr_line' id='line_1_37' title="bbox 134 3462 1200 3552; baseline 0.002 -26"><span class='ocrx_word' id='word_1_298' title='bbox 134 3463 294 3528; x_wconf 80' lang='lat' dir='ltr'><strong>adsideret</strong></span> <span class='ocrx_word' id='word_1_299' title='bbox 315 3463 427 3544; x_wconf 88' lang='lat' dir='ltr'><strong>muris,</strong></span> <span class='ocrx_word' id='word_1_300' title='bbox 442 3462 584 3528; x_wconf 90' lang='lat' dir='ltr'><strong>simulari</strong></span> <span class='ocrx_word' id='word_1_301' title='bbox 605 3475 749 3548; x_wconf 74' lang='lat' dir='ltr'><strong>emptum</strong></span> <span class='ocrx_word' id='word_1_302' title='bbox 770 3463 811 3528; x_wconf 90' lang='lat' dir='ltr'><strong>de</strong></span> <span class='ocrx_word' id='word_1_303' title='bbox 832 3485 911 3548; x_wconf 85' lang='lat' dir='ltr'><strong>pace</strong></span> <span class='ocrx_word' id='word_1_304' title='bbox 930 3465 991 3552; x_wconf 83' lang='lat' dir='ltr'><strong>agi.</strong></span> <span class='ocrx_word' id='word_1_305' title='bbox 1013 3465 1200 3549; x_wconf 85' lang='lat' dir='ltr'><strong>evocatique</strong></span> 
     </span>
    </p>

    <p class='ocr_par' dir='ltr' id='par_1_15' title="bbox 134 3549 1200 3638">
     <span class='ocr_line' id='line_1_38' title="bbox 134 3549 1200 3638; baseline 0.004 -26"><span class='ocrx_word' id='word_1_306' title='bbox 134 3552 173 3612; x_wconf 90' lang='lat' dir='ltr'><strong>ab</strong></span> <span class='ocrx_word' id='word_1_307' title='bbox 196 3549 366 3620; x_wconf 83' lang='lat' dir='ltr'><strong>Gallorum</strong></span> <span class='ocrx_word' id='word_1_308' title='bbox 388 3549 585 3636; x_wconf 90' lang='lat' dir='ltr'><strong>principibus</strong></span> <span class='ocrx_word' id='word_1_309' title='bbox 600 3551 697 3638; x_wconf 83' lang='lat' dir='ltr'><strong>legati</strong></span> <span class='ocrx_word' id='word_1_310' title='bbox 711 3553 751 3617; x_wconf 90' lang='lat' dir='ltr'><strong>ad</strong></span> <span class='ocrx_word' id='word_1_311' title='bbox 765 3550 982 3636; x_wconf 87' lang='lat' dir='ltr'><strong>conloquium,</strong></span> <span class='ocrx_word' id='word_1_312' title='bbox 999 3573 1063 3614; x_wconf 87' lang='lat' dir='ltr'><strong>non</strong></span> <span class='ocrx_word' id='word_1_313' title='bbox 1085 3561 1200 3616; x_wconf 80' lang='lat' dir='ltr'><strong>contra</strong></span> 
     </span>
    </p>

    <p class='ocr_par' dir='ltr' id='par_1_16' title="bbox 130 3635 1198 3724">
     <span class='ocr_line' id='line_1_39' title="bbox 130 3635 1198 3724; baseline 0.002 -24"><span class='ocrx_word' id='word_1_314' title='bbox 130 3636 182 3720; x_wconf 85' lang='lat' dir='ltr'><strong>jus</strong></span> <span class='ocrx_word' id='word_1_315' title='bbox 204 3635 302 3701; x_wconf 91' lang='lat' dir='ltr'><strong>modo</strong></span> <span class='ocrx_word' id='word_1_316' title='bbox 349 3636 482 3713; x_wconf 88' lang='lat' dir='ltr'><strong>entium,</strong></span> <span class='ocrx_word' id='word_1_317' title='bbox 499 3637 552 3700; x_wconf 90' lang='lat' dir='ltr'><strong>sed</strong></span> <span class='ocrx_word' id='word_1_318' title='bbox 574 3637 690 3704; x_wconf 86' lang='lat' dir='ltr'><strong>violata</strong></span> <span class='ocrx_word' id='word_1_319' title='bbox 710 3637 816 3713; x_wconf 78' lang='lat' dir='ltr'><strong>etiam,</strong></span> <span class='ocrx_word' id='word_1_320' title='bbox 833 3659 906 3724; x_wconf 85' lang='lat' dir='ltr'><strong>quae</strong></span> <span class='ocrx_word' id='word_1_321' title='bbox 920 3638 996 3706; x_wconf 86' lang='lat' dir='ltr'><strong>data</strong></span> <span class='ocrx_word' id='word_1_322' title='bbox 1018 3637 1051 3700; x_wconf 87' lang='lat' dir='ltr'><strong>in</strong></span> <span class='ocrx_word' id='word_1_323' title='bbox 1070 3636 1198 3704; x_wconf 88' lang='lat' dir='ltr'><strong>id&#39;tem-</strong></span> 
     </span>
    </p>

    <p class='ocr_par' dir='ltr' id='par_1_17' title="bbox 136 3659 1314 3886">
     <span class='ocr_line' id='line_1_40' title="bbox 136 3659 1199 3812; baseline 0.004 -28"><span class='ocrx_word' id='word_1_324' title='bbox 136 3744 194 3806; x_wconf 90' lang='lat' dir='ltr'><strong>pus</strong></span> <span class='ocrx_word' id='word_1_325' title='bbox 216 3735 294 3798; x_wconf 77' lang='lat' dir='ltr'><strong>erat,</strong></span> <span class='ocrx_word' id='word_1_326' title='bbox 321 3659 397 3799; x_wconf 73' lang='lat' dir='ltr'><strong>lde,</strong></span> <span class='ocrx_word' id='word_1_327' title='bbox 421 3722 734 3810; x_wconf 87' lang='lat' dir='ltr'><strong>comprehenduntur</strong></span> <span class='ocrx_word' id='word_1_328' title='bbox 741 3747 750 3800; x_wconf 91' lang='lat'>;</span> <span class='ocrx_word' id='word_1_329' title='bbox 780 3723 970 3812; x_wconf 87' lang='lat' dir='ltr'><strong>negantibus</strong></span> <span class='ocrx_word' id='word_1_330' title='bbox 996 3723 1109 3803; x_wconf 89' lang='lat' dir='ltr'><strong>Gallis,</strong></span> <span class='ocrx_word' id='word_1_331' title='bbox 1137 3725 1199 3788; x_wconf 91' lang='lat' dir='ltr'><strong>nisi</strong></span> 
     </span>
     <span class='ocr_line' id='line_1_41' title="bbox 137 3807 1314 3886; baseline 0.003 -15"><span class='ocrx_word' id='word_1_332' title='bbox 137 3807 262 3874; x_wconf 87' lang='lat' dir='ltr'><strong>obsides</strong></span> <span class='ocrx_word' id='word_1_333' title='bbox 277 3808 336 3874; x_wconf 89' lang='lat' dir='ltr'><strong>sibi</strong></span> <span class='ocrx_word' id='word_1_334' title='bbox 351 3808 570 3886; x_wconf 86' lang='lat' dir='ltr'><strong>redderentur,</strong></span> <span class='ocrx_word' id='word_1_335' title='bbox 585 3809 675 3874; x_wconf 69' lang='grc' dir='ltr'><strong>98εοε</strong></span> <span class='ocrx_word' id='word_1_336' title='bbox 691 3810 888 3876; x_wconf 88' lang='lat' dir='ltr'><strong>dimissuros.</strong></span> <span class='ocrx_word' id='word_1_337' title='bbox 933 3809 1044 3886; x_wconf 87' lang='lat' dir='ltr'><strong>Quum</strong></span> <span class='ocrx_word' id='word_1_338' title='bbox 1066 3810 1138 3876; x_wconf 85' lang='lat' dir='ltr'><strong>baec</strong></span> <span class='ocrx_word' id='word_1_339' title='bbox 1160 3811 1201 3875; x_wconf 88' lang='lat' dir='ltr'><strong>de</strong></span> <span class='ocrx_word' id='word_1_340' title='bbox 1310 3851 1314 3857; x_wconf 95' lang='lat'>-</span> 
     </span>
    </p>
   </div>
   <div class='ocr_carea' id='block_1_7' title="bbox 318 3925 1046 4014">
    <p class='ocr_par' dir='ltr' id='par_1_18' title="bbox 318 3925 1046 4014">
     <span class='ocr_line' id='line_1_42' title="bbox 318 3925 1046 4014; baseline 0.001 -4"><span class='ocrx_word' id='word_1_341' title='bbox 318 3964 539 4014; x_wconf 73' lang='lat' dir='ltr'><strong>erlrmrtmcrev.</strong></span> <span class='ocrx_word' id='word_1_342' title='bbox 636 3925 1046 4014; x_wconf 58' lang='grc' dir='ltr'><strong>ιιιιιιιςοεωήιῑωεαιοιιέεην.7</strong></span> 
     </span>
    </p>
   </div>
   <div class='ocr_carea' id='block_1_8' title="bbox 141 4084 1310 4420">
    <p class='ocr_par' dir='ltr' id='par_1_19' title="bbox 141 4084 1310 4420">
     <span class='ocr_line' id='line_1_43' title="bbox 172 4084 1310 4160; baseline 0.004 -19"><span class='ocrx_word' id='word_1_343' title='bbox 172 4094 351 4154; x_wconf 58' lang='lat' dir='ltr'><strong>semema</strong></span> <span class='ocrx_word' id='word_1_344' title='bbox 362 4095 513 4160; x_wconf 64' lang='lat' dir='ltr'><strong>mearam]</strong></span> <span class='ocrx_word' id='word_1_345' title='bbox 533 4097 653 4144; x_wconf 80' lang='lat' dir='ltr'><strong>concam</strong></span> <span class='ocrx_word' id='word_1_346' title='bbox 685 4098 783 4158; x_wconf 71' lang='lat' dir='ltr'><strong>eicitur,</strong></span> <span class='ocrx_word' id='word_1_347' title='bbox 795 4111 870 4158; x_wconf 77' lang='lat' dir='ltr'><strong>quam</strong></span> <span class='ocrx_word' id='word_1_348' title='bbox 883 4099 913 4146; x_wconf 73' lang='lat' dir='ltr'><strong>ce</strong></span> <span class='ocrx_word' id='word_1_349' title='bbox 925 4111 1020 4160; x_wconf 74' lang='lat' dir='ltr'><strong>pavore.</strong></span> <span class='ocrx_word' id='word_1_350' title='bbox 1034 4098 1073 4144; x_wconf 75' lang='lat' dir='ltr'><strong>sic</strong></span> <span class='ocrx_word' id='word_1_351' title='bbox 1080 4098 1151 4153; x_wconf 89' lang='lat' dir='ltr'><strong>v111.</strong></span> <span class='ocrx_word' id='word_1_352' title='bbox 1162 4095 1201 4146; x_wconf 82' lang='lat' dir='ltr'><strong>et.</strong></span> <span class='ocrx_word' id='word_1_353' title='bbox 1305 4084 1310 4094; x_wconf 81' lang='lat'><em>&#39;</em></span> 
     </span>
     <span class='ocr_line' id='line_1_44' title="bbox 141 4159 1202 4224; baseline 0.003 -20"><span class='ocrx_word' id='word_1_354' title='bbox 141 4159 383 4222; x_wconf 80' lang='lat' dir='ltr'><strong>adarmecapienda.</strong></span> <span class='ocrx_word' id='word_1_355' title='bbox 416 4160 509 4208; x_wconf 82' lang='lat' dir='ltr'><strong>Eodem</strong></span> <span class='ocrx_word' id='word_1_356' title='bbox 527 4163 601 4208; x_wconf 88' lang='lat' dir='ltr'><strong>modo</strong></span> <span class='ocrx_word' id='word_1_357' title='bbox 618 4163 653 4209; x_wconf 93' lang='lat' dir='ltr'><strong>lo-</strong></span> <span class='ocrx_word' id='word_1_358' title='bbox 685 4161 786 4224; x_wconf 68' lang='lat' dir='ltr'><strong>tumultu</strong></span> <span class='ocrx_word' id='word_1_359' title='bbox 805 4165 876 4210; x_wconf 77' lang='lat' dir='ltr'><strong>ettam</strong></span> <span class='ocrx_word' id='word_1_360' title='bbox 891 4177 959 4210; x_wconf 77' lang='lat' dir='ltr'><strong>aanor</strong></span> <span class='ocrx_word' id='word_1_361' title='bbox 979 4166 1137 4210; x_wconf 75' lang='lat' dir='ltr'><strong>consternante</strong></span> <span class='ocrx_word' id='word_1_362' title='bbox 1150 4163 1202 4208; x_wconf 80' lang='lat' dir='ltr'><strong>aei-</strong></span> 
     </span>
     <span class='ocr_line' id='line_1_45' title="bbox 143 4223 1202 4286; baseline 0.004 -18"><span class='ocrx_word' id='word_1_363' title='bbox 143 4230 210 4282; x_wconf 80' lang='lat' dir='ltr'><strong>cutua</strong></span> <span class='ocrx_word' id='word_1_364' title='bbox 229 4232 265 4272; x_wconf 88' lang='lat' dir='ltr'><strong>est</strong></span> <span class='ocrx_word' id='word_1_365' title='bbox 284 4225 371 4284; x_wconf 74' lang='lat' dir='ltr'><strong>Livius</strong></span> <span class='ocrx_word' id='word_1_366' title='bbox 394 4223 455 4270; x_wconf 88' lang='lat' dir='ltr'><strong>Vll.</strong></span> <span class='ocrx_word' id='word_1_367' title='bbox 475 4225 514 4272; x_wconf 78' lang='lat' dir='ltr'><strong>m.</strong></span> <span class='ocrx_word' id='word_1_368' title='bbox 536 4225 568 4272; x_wconf 79' lang='lat' dir='ltr'><strong>ml</strong></span> <span class='ocrx_word' id='word_1_369' title='bbox 585 4240 654 4272; x_wconf 78' lang='lat' dir='ltr'><strong>arara</strong></span> <span class='ocrx_word' id='word_1_370' title='bbox 685 4239 749 4272; x_wconf 79' lang='lat' dir='ltr'><strong>mars</strong></span> <span class='ocrx_word' id='word_1_371' title='bbox 766 4234 791 4273; x_wconf 88' lang='lat' dir='ltr'><strong>at</strong></span> <span class='ocrx_word' id='word_1_372' title='bbox 802 4225 925 4274; x_wconf 85' lang='lat' dir='ltr'><strong>XXXIV.</strong></span> <span class='ocrx_word' id='word_1_373' title='bbox 936 4228 958 4276; x_wconf 82' lang='lat'><strong>2.</strong></span> <span class='ocrx_word' id='word_1_374' title='bbox 970 4228 1122 4286; x_wconf 70' lang='lat' dir='ltr'><strong>comteraalio</strong></span> <span class='ocrx_word' id='word_1_375' title='bbox 1130 4227 1202 4272; x_wconf 84' lang='lat' dir='ltr'><strong>muli·</strong></span> 
     </span>
     <span class='ocr_line' id='line_1_46' title="bbox 143 4289 960 4350; baseline 0.011 -20"><span class='ocrx_word' id='word_1_376' title='bbox 143 4292 314 4338; x_wconf 64' lang='lat' dir='ltr'><strong>menecratum.</strong></span> <span class='ocrx_word' id='word_1_377' title='bbox 347 4289 382 4336; x_wconf 82' lang='lat' dir='ltr'><strong>m</strong></span> <span class='ocrx_word' id='word_1_378' title='bbox 405 4290 494 4348; x_wconf 77' lang='lat' dir='ltr'><strong>sapius</strong></span> <span class='ocrx_word' id='word_1_379' title='bbox 514 4291 579 4350; x_wconf 84' lang='lat' dir='ltr'><strong>apud</strong></span> <span class='ocrx_word' id='word_1_380' title='bbox 598 4304 653 4338; x_wconf 89' lang='lat' dir='ltr'><strong>nos·</strong></span> <span class='ocrx_word' id='word_1_381' title='bbox 686 4291 752 4342; x_wconf 74' lang='lat' dir='ltr'><strong>arte.</strong></span> <span class='ocrx_word' id='word_1_382' title='bbox 957 4343 960 4348; x_wconf 66' lang='grc'>,</span> 
     </span>
     <span class='ocr_line' id='line_1_47' title="bbox 144 4353 1202 4420; baseline 0.006 -24"><span class='ocrx_word' id='word_1_383' title='bbox 144 4353 205 4398; x_wconf 79' lang='lat' dir='ltr'><strong>trum</strong></span> <span class='ocrx_word' id='word_1_384' title='bbox 227 4357 328 4402; x_wconf 88' lang='lat' dir='ltr'><strong>verbum</strong></span> <span class='ocrx_word' id='word_1_385' title='bbox 356 4356 500 4402; x_wconf 67' lang='lat' dir='ltr'><strong>conuenere</strong></span> <span class='ocrx_word' id='word_1_386' title='bbox 521 4357 551 4400; x_wconf 87' lang='lat' dir='ltr'><strong>de</strong></span> <span class='ocrx_word' id='word_1_387' title='bbox 572 4356 653 4402; x_wconf 82' lang='lat' dir='ltr'><strong>lurore</strong></span> <span class='ocrx_word' id='word_1_388' title='bbox 694 4407 698 4416; x_wconf 57' lang='grc'><strong>,</strong></span> <span class='ocrx_word' id='word_1_389' title='bbox 718 4354 750 4402; x_wconf 85' lang='grc'><strong>98</strong></span> <span class='ocrx_word' id='word_1_390' title='bbox 766 4357 814 4404; x_wconf 81' lang='lat' dir='ltr'><strong>Eos</strong></span> <span class='ocrx_word' id='word_1_391' title='bbox 830 4355 980 4420; x_wconf 66' lang='lat' dir='ltr'><strong>demutaret]</strong></span> <span class='ocrx_word' id='word_1_392' title='bbox 997 4357 1202 4414; x_wconf 78' lang='lat' dir='ltr'><strong>Auctioressunt,</strong></span> 
     </span>
    </p>
   </div>
   <div class='ocr_carea' id='block_1_9' title="bbox 0 0 1547 4976">
    <p class='ocr_par' dir='ltr' id='par_1_20' title="bbox 0 0 1547 4976">
     <span class='ocr_line' id='line_1_48' title="bbox 0 0 1547 4976; baseline 0 0"><span class='ocrx_word' id='word_1_393' title='bbox 0 0 1547 4976; x_wconf 95' lang='lat' dir='ltr'><strong> </strong></span> 
     </span>
    </p>
   </div>
  </div>
 </body>
</html>
