3036 4972
299 177 386 274 '1se
661 184 831 259 mam
860 195 1016 262 mvn
1050 207 1089 262 1.
1129 288 1132 302 Ι

172 377 308 429 naseu

177 437 311 520 nans.

173 512 257 557 otono

168 574 303 634 ¹Httstnonis

175 639 205 685 de
217 637 314 686 Hanni·

176 698 237 751 bale.¹

334 353 519 429 Romame?
540 357 620 425 Jabe
634 358 707 422 dedi
721 350 949 424 Hannibalem:
962 369 1040 447 ,oeta
1051 360 1089 427 in
1101 368 1164 424 tom
1183 361 1337 448 prospuis
1346 381 1400 423 re·

338 452 391 533 bas
402 457 507 534 grates
525 445 597 510 Diis
609 445 816 509 inmortalibus
830 447 898 530 agi.
922 445 1083 511 audiamus
1093 447 1268 513 Romanam
1281 455 1401 512 seriola·¹

337 557 402 602 rem
422 535 454 598 in
472 525 784 616 Karthaginiensium
798 533 897 596 cariat
938 531 1024 596 Tam
1051 531 1198 597 Hanno:¹
1228 531 1402 599 Tacuissem

337 622 436 696 bodie,
455 621 566 684 Patres
580 617 751 701 conscripti,
766 640 803 682 ne
817 621 892 702 quid
909 618 942 682 in
956 621 1103 688 communi
1123 618 1254 696 omnium
1273 619 1402 703 gaudio,

339 709 436 772 minsis
451 705 552 768 latum
566 706 646 788 quod
660 714 736 768 esset
750 706 839 781 uobis,
854 705 993 789 macerem
1014 727 1090 778 nunc
1099 705 1300 790 interroganti
1313 725 1403 768 sena-

340 795 409 870 tori,
423 791 604 874 paeniteatne
624 812 672 852 me
693 789 793 854 adbuc
814 791 938 871 suscepti
959 794 1099 856 adversus
1112 792 1269 856 &nsanos
1282 790 1405 865 belli,si
1507 831 1510 870 3

340 879 490 957 reticeam,
512 875 565 940 aut
585 877 738 958 superbus,
762 887 814 942 aut
833 873 1014 942 ⁵⁴obnoecius
1034 879 1158 942 ridear:
1179 876 1404 962 quornmalte7
1499 882 1502 893 '

341 986 408 1030 ram
422 973 466 1028 est
478 963 603 1027 bominis
617 963 723 1040 alienoe
737 963 881 1026 libertatis
895 963 999 1036 obliti,·
1024 964 1229 1034 alteramenta
1267 963 1405 1044 Respon-
1509 959 1510 1008 ἶ

343 1054 433 1116 deaut
446 1049 539 1136 igitar
554 1049 732 1126 Himilconi,
747 1070 807 1114 non
822 1051 933 1112 desisse
944 1050 1087 1131 paenitere
1097 1038 1144 1114 nte
1153 1050 1233 1127 belli,
1245 1071 1338 1133 neusse
1351 1051 1406 1114 de-

241 1169 252 1182 ·
343 1137 468 1202 situram
482 1145 554 1200 ante
567 1133 742 1198 ⁵5inoictum
763 1145 909 1200 aestrum¹¹
922 1136 1131 1216 imperatorem
1151 1136 1296 1213 inclmare,
1312 1155 1406 1219 mam

334 1203 460 1306 pinsitum
480 1221 584 1304 aliqua
606 1220 754 1284 tolerabili
771 1222 936 1286 conditione
962 1221 1070 1294 bellum
1098 1222 1220 1286 nidero.-
1254 1241 1308 1285 nec
1332 1221 1408 1284 milti

341 1311 428 1393 pacis
441 1308 567 1391 antiqua
581 1308 758 1370 desiderium
779 1307 842 1371 nlla
863 1309 926 1372 alia
948 1329 1005 1386 res,
1021 1329 1111 1394 quam
1124 1329 1190 1389 poa
1204 1328 1293 1384 noua,
1301 1307 1407 1396 finiet.

346 1399 455 1479 Itaque
479 1395 549 1469 ista,
572 1413 638 1477 quse
658 1395 745 1457 modo
768 1394 870 1478 Mago
885 1391 1032 1478 jactavit,
1058 1394 1224 1460 Himilconi
1248 1395 1409 1478 ceterisque

348 1479 534 1546 Hannibalis
548 1479 726 1542 satellitibus
734 1479 807 1563 jam
822 1481 891 1543 lceta
911 1489 987 1545 sant.
1010 1481 1083 1544 nimi
1101 1490 1223 1562 poseant
1246 1481 1317 1544 lata
1332 1501 1407 1557 esse,
1509 1465 1510 1520 ἶ

346 1567 483 1652 quiores
497 1565 574 1628 bello
589 1567 659 1630 bene
678 1575 784 1650 gesta,
800 1567 825 1630 si
839 1566 972 1630 uolumus
985 1563 1181 1646 fanunculi,
1196 1588 1301 1648 pacem
1323 1567 1410 1630 nobis
1509 1589 1510 1596 ¹

347 1652 505 1738 nquiorem
519 1653 643 1716 dabunt.
665 1653 773 1716 namsi
793 1653 1113 1734 pretermittimus-boc
1134 1663 1257 1734 te'mpus,
1267 1674 1327 1737 ¹qum
1341 1674 1411 1716 ma-

346 1739 395 1824 gis
409 1739 495 1816 dare,
512 1759 603 1820 quam
617 1739 760 1820 accipere,
772 1759 927 1820 possumus
940 1740 1034 1804 videri
1047 1761 1158 1820 pacem,
1172 1761 1282 1815 vereor,
1293 1761 1331 1808 ne
1347 1740 1411 1804 lucc
1509 1743 1510 1770 ¹

347 1847 460 1910 qaoque
476 1825 581 1890 latitia
590 1823 621 1876 -⁵⁶
630 1825 759 1888 luxuriet
779 1825 871 1900 nobis,
889 1846 925 1903 ac
944 1845 1024 1890 uana
1045 1829 1167 1890 euadat.
1214 1825 1292 1900 Quae
1308 1835 1410 1888 tamen

242 1962 253 1982 t
346 1933 426 1986 nunc
439 1932 551 1996 qaoque
565 1909 665 1994 qualis
683 1917 747 1974 est?
774 1911 878 1976 Occidi
896 1911 1041 1984 concitus
1055 1913 1202 1976 bostium:
1224 1912 1332 1975 mittite
1347 1912 1410 1980 ‚mi-
1451 1965 1457 1992 ,

352 1999 420 2061 lites
440 1997 526 2062 mibi.
549 1998 624 2081 quid
646 1997 730 2060 aliud
744 2018 882 2082 rogares,
897 1998 927 2060 si·
947 2019 1024 2062 esses
1044 1995 1164 2064 motus?
1187 1998 1333 2068 Hostium
1347 1997 1412 2080 cepi

350 2084 421 2149 bina
435 2093 549 2160 castra,
560 2085 672 2165 prcedae
686 2084 819 2148 uidelicet
829 2085 922 2166 plena
934 2095 962 2147 et
974 2079 1189 2149 'commeatuum
1195 2108 1209 2159 ,·
1224 2082 1410 2165 fiantentnm
1509 2073 1510 2092 ¹

313 2233 316 2239 .
350 2181 380 2234 et
392 2171 548 2252 pecuniam
564 2172 645 2234 date.
668 2170 740 2254 qaid
755 2169 856 2250 alind,
867 2172 894 2232 si
908 2171 1062 2252 spoliatus,
1078 2171 1105 2232 si
1119 2181 1224 2234 euutus
1242 2172 1350 2234 castris
1363 2191 1411 2235 esu

228 2416 233 2428 ι
348 2345 432 2408 niam
446 2343 586 2426 respondi
600 2343 777 2419 Himilconi,
792 2343 978 2428 interrogare
989 2342 1046 2428 jas
1058 2340 1173 2428 sasque
1186 2343 1244 2424 est)
1260 2343 1348 2408 velim
1362 2365 1414 2406 sea
1509 2357 1510 2362 ’

349 2431 500 2506 Himilco,
517 2451 569 2493 sen
584 2429 688 2513 Mago
709 2431 886 2511 repondeat
892 2453 906 2505 ,·
930 2451 1022 2514 quum
1044 2433 1086 2494 ad
1107 2430 1333 2494 internecionem
1349 2430 1415 2494 Ro·
1509 2447 1510 2500 ξ

349 2517 434 2579 mani
446 2515 565 2596 imperii
581 2525 749 2602 pugnatum
773 2517 815 2578 ad
831 2517 1017 2593 Concussit,
1034 2525 1204 2598 constetque
1225 2518 1257 2580 in
1271 2513 1417 2597 defectio·
1509 2515 1510 2586 J

350 2623 388 2664 ne
410 2611 505 2665 totam
519 2601 647 2674 Italiam
669 2621 753 2674 esse,·
775 2602 904 2682 primum
926 2605 1027 2686 ecquis
1041 2603 1150 2666 Latini
1170 2603 1299 2666 nominis
1315 2616 1416 2684 popa·
1509 2617 1510 2674 ἴ

347 2279 405 2335 ses,
418 2254 563 2342 peteres?
583 2259 639 2332 Et,
655 2278 692 2318 ne
705 2256 807 2320 omnia
820 2257 884 2338 ipse
898 2254 998 2334 mirer,
1013 2257 1099 2341 (milti
1112 2269 1227 2343 quoque
1237 2258 1413 2344 euim,'quo·
1509 2271 1510 2306 l

355 2687 399 2752 lus
413 2685 554 2768 defecerit
569 2690 610 2750 ad
625 2685 702 2750 uos?
723 2686 828 2750 deinde
850 2688 948 2771 ecquis
963 2689 1058 2766 bomo,
1075 2711 1113 2752 en
1126 2689 1251 2774 quinque
1266 2699 1294 2755 et
1310 2689 1417 2774 trigin-

188 2795 338 2856 Dncepntto
354 2783 388 2838 ta
410 2775 546 2851 tribubus,
571 2774 612 2837 ad
633 2773 839 2837 Hannibalem
861 2772 1086 2860 transfugerit?
1110 2773 1219 2850 Quum
1244 2785 1417 2860 utrumque

189 2941 228 2974 ne·

331 3206 429 3282 ‚scitu
444 3215 498 3281 est,
510 3203 622 3290 inquit.
667 3205 788 3288 Ecqnos
799 3206 914 3290 legatos
928 3227 947 3269 a

188 2875 247 2910 eum
258 2861 344 2920 ’Μεδο-
353 2861 454 2946 Mago
476 2872 633 2946 negasset:
658 2859 801 2926 Hostium
818 2860 934 2944 quidem
957 2883 1040 2944 ergo,
1061 2860 1173 2946 inquit,
1201 2863 1301 2926 adbuc
1326 2863 1419 2926 nimis

354 2948 486 3010 multura
495 2955 636 3028 superest.
658 2948 720 3022 sed,
736 2946 892 3026 multitudo
904 2969 940 3010 ea
955 2947 1027 3031 quid
1041 2947 1216 3024 animorum,
1231 2949 1337 3032 qnare
1351 2951 1419 3030 spei

354 3026 472 3108 lrabeat,
486 3029 565 3094 scire
577 3032 673 3095 aelim.

398 3116 646 3194 X111.Quum‚
673 3117 705 3181 id
734 3119 863 3195 nescire,
892 3119 995 3268 Mafio
1022 3119 1156 3197 diceret3
1183 3121 1273 3184 Nihil
1287 3118 1420 3202 facilius

985 3208 1192 3271 Hannibalern
1208 3208 1344 3271 Romani
1357 3210 1419 3271 rni-

353 3301 453 3356 seraut
466 3292 505 3354 de
516 3296 619 3372 pace?
643 3312 767 3374 ecquam
777 3291 907 3375 'denique
926 3294 1100 3357 mentionem
1118 3295 1204 3376 pacis
1218 3295 1328 3358 Romae
1342 3293 1420 3375 sac·
1509 3327 1510 3330 ¹

356 3388 420 3443 tam
446 3399 519 3455 esse,
536 3377 675 3440 adlatum
697 3381 738 3440 ad
762 3399 814 3442 oos
835 3377 904 3441 est?
937 3377 1046 3454 Quum
1061 3379 1095 3443 id
1117 3402 1242 3466 quoque
1263 3395 1418 3466 negasset,

354 3465 476 3530 Bellum
502 3465 604 3549 igitur,
629 3463 742 3549 inquit,
760 3473 823 3527 tam
848 3465 997 3548 integram
1023 3467 1174 3544 habemas,
1198 3488 1291 3552 quam
1312 3468 1421 3531 babui-

355 3573 430 3629 mus,
453 3571 512 3636 qiua
535 3551 584 3614 die
607 3549 768 3614 Hannibal
788 3551 820 3612 in
843 3551 967 3613 Italiam
991 3561 1034 3614 est
1059 3563 1271 3636 transgressas.
1318 3553 1421 3629 Quam

248 3669 254 3679 ·
352 3639 445 3704 naria
468 3638 591 3702 uictoria
604 3634 736 3718 ⁵⁷priore
763 3636 880 3714 Punico
900 3638 975 3700 bello
993 3636 1102 3719 suerit,
1123 3640 1267 3724 plerique,
1287 3641 1338 3725 qai
1351 3637 1421 3704 *me-

777 3779 790 3806 ¹¹
806 3779 910 3846 nostrum
925 3776 998 3824 Gran.

390 3901 874 3966 54⁸Obnoalus]lgnobiliterpavensffn
907 3909 979 3954 trum.
1354 3949 1359 3958 .

358 3980 442 4014 servus
462 3972 550 4012 nutum
570 3968 662 4012 domini
681 3969 770 4017 horret.
803 3971 874 4017 stet.
940 3971 1117 4020 bb'Luuariet
1136 3974 1213 4036 nabis]
1230 3975 1282 4022 Nos
1300 3989 1363 4024 vana
1379 3989 1422 4037 spe

359 4031 407 4078 111.
418 4045 441 4076 c.
452 4031 491 4077 39.
510 4029 611 4077 Obnouie
621 4031 696 4078 dietas
707 4035 838 4084 ennuntiat.
908 4037 1009 4084 laetatos
1020 4039 1143 4084 destituat.

391 4092 559 4141 ostentorum
579 4100 679 4142 vestrum
698 4097 871 4162 imperatorem]
937 4098 969 4146 57
985 4103 1072 4150 Priore
1097 4103 1190 4150 Punico
1217 4101 1283 4166 bello]
1324 4106 1350 4151 Si
1368 4107 1421 4152 haec

358 4159 389 4205 In
402 4173 460 4206 voce
471 4163 572 4205 uestrum
584 4173 635 4204 sese
650 4161 729 4220 prodit
741 4163 876 4226 indignatio
908 4173 966 4212 sunt
985 4181 1000 4212 a
1016 4181 1090 4214 manu
1107 4168 1179 4223 Livii,
1194 4169 1337 4229 imprudens
1356 4184 1424 4216 more

359 4229 384 4270 et
405 4229 567 4284 contemptas.
605 4225 664 4271 Ideo
689 4225 756 4272 illam
778 4234 876 4275 auctore
910 4229 1133 4279 RomanoPoenum
1144 4233 1270 4282 hominem
1283 4237 1423 4295 loquentem

360 4287 416 4336 Pus.
439 4289 501 4336 libro
528 4289 678 4337 admisimus.
719 4291 802 4352 Vulgo
826 4307 876 4340 nas·
909 4294 974 4342 fucit.
1008 4297 1155 4344 Caeneus.
1270 4345 1274 4354 ,
