<?xml version="1.0" encoding="UTF-8"?>
<!DOCTYPE html PUBLIC "-//W3C//DTD XHTML 1.0 Transitional//EN"
    "http://www.w3.org/TR/xhtml1/DTD/xhtml1-transitional.dtd">
<html xmlns="http://www.w3.org/1999/xhtml" xml:lang="en" lang="en">
 <head>
  <title>
</title>
<meta http-equiv="Content-Type" content="text/html;charset=utf-8" />
  <meta name='ocr-system' content='tesseract 3.04.00' />
  <meta name='ocr-capabilities' content='ocr_page ocr_carea ocr_par ocr_line ocrx_word'/>
</head>
<body>
  <div class='ocr_page' id='page_1' title='image "./tliviipatavinih00crevgoog/tliviipatavinih00crevgoog_0232.png"; bbox 0 0 3140 4972; ppageno 0'>
   <div class='ocr_carea' id='block_1_1' title="bbox 14 3213 20 3334">
    <p class='ocr_par' dir='ltr' id='par_1_1' title="bbox 14 3213 20 3334">
     <span class='ocr_line' id='line_1_1' title="bbox 14 3213 20 3334; baseline 0 0"><span class='ocrx_word' id='word_1_1' title='bbox 14 3213 20 3334; x_wconf 78' lang='lat' dir='ltr'>l</span> 
     </span>
    </p>
   </div>
   <div class='ocr_carea' id='block_1_2' title="bbox 423 102 1225 221">
    <p class='ocr_par' dir='ltr' id='par_1_2' title="bbox 423 102 1225 221">
     <span class='ocr_line' id='line_1_2' title="bbox 423 102 1225 221; baseline 0.006 -7"><span class='ocrx_word' id='word_1_2' title='bbox 423 102 537 214; x_wconf 14' lang='grc' dir='ltr'>ΔΗΒ.</span> <span class='ocrx_word' id='word_1_3' title='bbox 558 153 673 221; x_wconf 82' lang='lat' dir='ltr'>XXIV.</span> <span class='ocrx_word' id='word_1_4' title='bbox 701 154 956 216; x_wconf 68' lang='lat' dir='ltr'>ent-mxvn.</span> <span class='ocrx_word' id='word_1_5' title='bbox 1150 161 1225 219; x_wconf 60' lang='grc' dir='ltr'>’Μ</span> 
     </span>
    </p>
   </div>
   <div class='ocr_carea' id='block_1_3' title="bbox 162 317 1386 2656">
    <p class='ocr_par' dir='ltr' id='par_1_3' title="bbox 162 317 1383 1357">
     <span class='ocr_line' id='line_1_3' title="bbox 162 317 1383 408; baseline -0.008 -20"><span class='ocrx_word' id='word_1_6' title='bbox 162 319 249 388; x_wconf 87' lang='lat' dir='ltr'>inter</span> <span class='ocrx_word' id='word_1_7' title='bbox 266 317 392 392; x_wconf 83' lang='lat' dir='ltr'>medios</span> <span class='ocrx_word' id='word_1_8' title='bbox 413 329 461 388; x_wconf 87' lang='lat' dir='ltr'>tot</span> <span class='ocrx_word' id='word_1_9' title='bbox 481 329 630 397; x_wconf 80' lang='lat' dir='ltr'>muratos,</span> <span class='ocrx_word' id='word_1_10' title='bbox 644 317 810 406; x_wconf 71' lang='lat' dir='ltr'><strong>aliquoties</strong></span> <span class='ocrx_word' id='word_1_11' title='bbox 826 318 958 408; x_wconf 80' lang='lat' dir='ltr'>¹integro</span> <span class='ocrx_word' id='word_1_12' title='bbox 969 339 1105 406; x_wconf 72' lang='lat' dir='ltr'>corpore</span> <span class='ocrx_word' id='word_1_13' title='bbox 1115 331 1299 387; x_wconf 77' lang='lat' dir='ltr'>eume-uc</span> <span class='ocrx_word' id='word_1_14' title='bbox 1310 335 1383 387; x_wconf 80' lang='lat' dir='ltr'>ssa.</span> 
     </span>
     <span class='ocr_line' id='line_1_4' title="bbox 164 399 1382 492; baseline 0.005 -22"><span class='ocrx_word' id='word_1_15' title='bbox 164 418 259 472; x_wconf 84' lang='lat' dir='ltr'>runt:</span> <span class='ocrx_word' id='word_1_16' title='bbox 281 402 536 491; x_wconf 65' lang='lat' dir='ltr'><strong>mentibusque,</strong></span> <span class='ocrx_word' id='word_1_17' title='bbox 559 427 658 492; x_wconf 85' lang='lat' dir='ltr'>quum</span> <span class='ocrx_word' id='word_1_18' title='bbox 685 418 733 472; x_wconf 91' lang='lat' dir='ltr'>tot</span> <span class='ocrx_word' id='word_1_19' title='bbox 756 429 796 483; x_wconf 88' lang='lat' dir='ltr'>ac</span> <span class='ocrx_word' id='word_1_20' title='bbox 820 417 885 472; x_wconf 82' lang='lat' dir='ltr'>tam</span> <span class='ocrx_word' id='word_1_21' title='bbox 902 403 1023 480; x_wconf 64' lang='lat' dir='ltr'>relide</span> <span class='ocrx_word' id='word_1_22' title='bbox 1045 399 1382 490; x_wconf 33' lang='lat' dir='ltr'>donandae-ucdlt.</span> 
     </span>
     <span class='ocr_line' id='line_1_5' title="bbox 164 491 1222 577; baseline 0 -17"><span class='ocrx_word' id='word_1_23' title='bbox 164 514 279 560; x_wconf 85' lang='lat' dir='ltr'>marrus</span> <span class='ocrx_word' id='word_1_24' title='bbox 290 504 405 568; x_wconf 81' lang='lat' dir='ltr'>essent,</span> <span class='ocrx_word' id='word_1_25' title='bbox 417 515 483 558; x_wconf 89' lang='lat' dir='ltr'>sese</span> <span class='ocrx_word' id='word_1_26' title='bbox 493 491 692 577; x_wconf 84' lang='lat' dir='ltr'>eripuerunt:</span> <span class='ocrx_word' id='word_1_27' title='bbox 711 491 1044 575; x_wconf 81' lang='lat' dir='ltr'>tandem,rulneribus</span> <span class='ocrx_word' id='word_1_28' title='bbox 1057 491 1222 576; x_wconf 83' lang='lat' dir='ltr'>confectae,</span> 
     </span>
     <span class='ocr_line' id='line_1_6' title="bbox 164 577 1321 666; baseline 0 -22"><span class='ocrx_word' id='word_1_29' title='bbox 164 601 265 665; x_wconf 88' lang='lat' dir='ltr'>quum</span> <span class='ocrx_word' id='word_1_30' title='bbox 292 579 403 648; x_wconf 86' lang='lat' dir='ltr'>omnia</span> <span class='ocrx_word' id='word_1_31' title='bbox 429 577 601 664; x_wconf 78' lang='lat' dir='ltr'>replessent</span> <span class='ocrx_word' id='word_1_32' title='bbox 625 579 794 666; x_wconf 83' lang='lat' dir='ltr'>sangnine,</span> <span class='ocrx_word' id='word_1_33' title='bbox 821 581 984 646; x_wconf 84' lang='lat' dir='ltr'>exanimes</span> <span class='ocrx_word' id='word_1_34' title='bbox 1012 592 1222 666; x_wconf 78' lang='lat' dir='ltr'>oomuerunt3</span> <span class='ocrx_word' id='word_1_35' title='bbox 1313 609 1321 628; x_wconf 86' lang='lat'>.</span> 
     </span>
     <span class='ocr_line' id='line_1_7' title="bbox 164 662 1306 752; baseline -0.002 -20"><span class='ocrx_word' id='word_1_36' title='bbox 164 665 349 752; x_wconf 81' lang='lat' dir='ltr'>caedemque</span> <span class='ocrx_word' id='word_1_37' title='bbox 370 687 428 750; x_wconf 88' lang='lat' dir='ltr'>per</span> <span class='ocrx_word' id='word_1_38' title='bbox 452 688 485 731; x_wconf 91' lang='lat' dir='ltr'>se</span> <span class='ocrx_word' id='word_1_39' title='bbox 507 663 717 749; x_wconf 70' lang='lat' dir='ltr'>miserabilem</span> <span class='ocrx_word' id='word_1_40' title='bbox 740 664 1000 733; x_wconf 70' lang='lat' dir='ltr'>miserabiliorem</span> <span class='ocrx_word' id='word_1_41' title='bbox 1020 662 1223 748; x_wconf 86' lang='lat' dir='ltr'>casus-feeit,</span> <span class='ocrx_word' id='word_1_42' title='bbox 1303 721 1306 730; x_wconf 85' lang='grc'>,</span> 
     </span>
     <span class='ocr_line' id='line_1_8' title="bbox 163 750 1224 839; baseline 0.002 -21"><span class='ocrx_word' id='word_1_43' title='bbox 163 751 251 839; x_wconf 89' lang='lat' dir='ltr'>quod</span> <span class='ocrx_word' id='word_1_44' title='bbox 264 751 375 838; x_wconf 83' lang='lat' dir='ltr'>paullo</span> <span class='ocrx_word' id='word_1_45' title='bbox 395 763 467 837; x_wconf 88' lang='lat' dir='ltr'>post</span> <span class='ocrx_word' id='word_1_46' title='bbox 488 751 623 818; x_wconf 88' lang='lat' dir='ltr'>nuncius</span> <span class='ocrx_word' id='word_1_47' title='bbox 637 750 734 828; x_wconf 77' lang='lat' dir='ltr'>uenit,</span> <span class='ocrx_word' id='word_1_48' title='bbox 749 751 881 819; x_wconf 87' lang='lat' dir='ltr'>mutatis</span> <span class='ocrx_word' id='word_1_49' title='bbox 901 765 1032 838; x_wconf 80' lang='lat' dir='ltr'>repente</span> <span class='ocrx_word' id='word_1_50' title='bbox 1043 751 1087 820; x_wconf 89' lang='lat' dir='ltr'>ad</span> <span class='ocrx_word' id='word_1_51' title='bbox 1099 753 1224 820; x_wconf 87' lang='lat' dir='ltr'>miseri·</span> 
     </span>
     <span class='ocr_line' id='line_1_9' title="bbox 163 835 1223 916; baseline -0.001 -12"><span class='ocrx_word' id='word_1_52' title='bbox 163 837 306 904; x_wconf 84' lang='lat' dir='ltr'>oordiam</span> <span class='ocrx_word' id='word_1_53' title='bbox 328 837 513 916; x_wconf 64' lang='lat' dir='ltr'>suintilane</span> <span class='ocrx_word' id='word_1_54' title='bbox 533 836 796 915; x_wconf 84' lang='lat' dir='ltr'>interficerentur.</span> <span class='ocrx_word' id='word_1_55' title='bbox 840 837 895 905; x_wconf 88' lang='lat' dir='ltr'>Ira</span> <span class='ocrx_word' id='word_1_56' title='bbox 915 835 1030 906; x_wconf 90' lang='lat' dir='ltr'>deinde</span> <span class='ocrx_word' id='word_1_57' title='bbox 1043 861 1085 906; x_wconf 83' lang='lat' dir='ltr'>ex</span> <span class='ocrx_word' id='word_1_58' title='bbox 1102 839 1223 906; x_wconf 89' lang='lat' dir='ltr'>miseri-</span> 
     </span>
     <span class='ocr_line' id='line_1_10' title="bbox 164 921 1224 1012; baseline 0.002 -22"><span class='ocrx_word' id='word_1_59' title='bbox 164 924 276 990; x_wconf 87' lang='lat' dir='ltr'>cordia</span> <span class='ocrx_word' id='word_1_60' title='bbox 288 938 370 1003; x_wconf 86' lang='lat' dir='ltr'>orta,</span> <span class='ocrx_word' id='word_1_61' title='bbox 429 923 473 991; x_wconf 90' lang='lat' dir='ltr'>od</span> <span class='ocrx_word' id='word_1_62' title='bbox 493 923 574 990; x_wconf 86' lang='lat' dir='ltr'>adeo</span> <span class='ocrx_word' id='word_1_63' title='bbox 592 923 769 998; x_wconf 86' lang='lat' dir='ltr'>festinatum</span> <span class='ocrx_word' id='word_1_64' title='bbox 785 921 827 989; x_wconf 87' lang='lat' dir='ltr'>ad</span> <span class='ocrx_word' id='word_1_65' title='bbox 841 947 877 992; x_wconf 83' lang='lat' dir='ltr'>su</span> <span class='ocrx_word' id='word_1_66' title='bbox 902 923 1043 1008; x_wconf 86' lang='lat' dir='ltr'>plicium,</span> <span class='ocrx_word' id='word_1_67' title='bbox 1058 947 1162 1012; x_wconf 87' lang='lat' dir='ltr'>neque</span> <span class='ocrx_word' id='word_1_68' title='bbox 1176 926 1224 992; x_wconf 89' lang='lat' dir='ltr'>lo·</span> 
     </span>
     <span class='ocr_line' id='line_1_11' title="bbox 164 946 1225 1114; baseline 0.004 -38"><span class='ocrx_word' id='word_1_69' title='bbox 164 1033 220 1076; x_wconf 89' lang='lat' dir='ltr'>cus</span> <span class='ocrx_word' id='word_1_70' title='bbox 244 947 433 1096; x_wconf 68' lang='lat' dir='ltr'>penitendi,</span> <span class='ocrx_word' id='word_1_71' title='bbox 458 1024 514 1076; x_wconf 89' lang='lat' dir='ltr'>aut</span> <span class='ocrx_word' id='word_1_72' title='bbox 536 1031 696 1112; x_wconf 72' lang='lat' dir='ltr'>regressus</span> <span class='ocrx_word' id='word_1_73' title='bbox 717 1011 759 1080; x_wconf 83' lang='lat' dir='ltr'>ab</span> <span class='ocrx_word' id='word_1_74' title='bbox 781 1009 830 1076; x_wconf 85' lang='lat' dir='ltr'>ira</span> <span class='ocrx_word' id='word_1_75' title='bbox 850 946 978 1086; x_wconf 75' lang='lat' dir='ltr'>relictus</span> <span class='ocrx_word' id='word_1_76' title='bbox 999 1023 1091 1078; x_wconf 89' lang='lat' dir='ltr'>esset.</span> <span class='ocrx_word' id='word_1_77' title='bbox 1117 1013 1225 1114; x_wconf 84' lang='lat' dir='ltr'>itaque</span> 
     </span>
     <span class='ocr_line' id='line_1_12' title="bbox 163 1093 1223 1184; baseline 0.001 -21"><span class='ocrx_word' id='word_1_78' title='bbox 163 1093 298 1163; x_wconf 84' lang='lat' dir='ltr'>fremere</span> <span class='ocrx_word' id='word_1_79' title='bbox 321 1095 502 1176; x_wconf 87' lang='lat' dir='ltr'>multitudo,</span> <span class='ocrx_word' id='word_1_80' title='bbox 515 1111 548 1162; x_wconf 90' lang='lat' dir='ltr'>et</span> <span class='ocrx_word' id='word_1_81' title='bbox 571 1119 604 1162; x_wconf 85' lang='lat' dir='ltr'>rn</span> <span class='ocrx_word' id='word_1_82' title='bbox 631 1095 736 1166; x_wconf 90' lang='lat' dir='ltr'>locum</span> <span class='ocrx_word' id='word_1_83' title='bbox 760 1095 985 1164; x_wconf 84' lang='lat' dir='ltr'>Andraoodori</span> <span class='ocrx_word' id='word_1_84' title='bbox 1004 1119 1044 1164; x_wconf 84' lang='lat' dir='ltr'>ac</span> <span class='ocrx_word' id='word_1_85' title='bbox 1064 1096 1223 1184; x_wconf 68' lang='lat' dir='ltr'>Themisti</span> 
     </span>
     <span class='ocr_line' id='line_1_13' title="bbox 167 1181 1327 1271; baseline 0.002 -23"><span class='ocrx_word' id='word_1_86' title='bbox 167 1189 254 1264; x_wconf 83' lang='lat' dir='ltr'>(narn</span> <span class='ocrx_word' id='word_1_87' title='bbox 268 1184 365 1248; x_wconf 88' lang='lat' dir='ltr'>ambo</span> <span class='ocrx_word' id='word_1_88' title='bbox 379 1196 531 1270; x_wconf 85' lang='lat' dir='ltr'>praetores</span> <span class='ocrx_word' id='word_1_89' title='bbox 544 1181 682 1265; x_wconf 75' lang='lat' dir='ltr'>fuerant)</span> <span class='ocrx_word' id='word_1_90' title='bbox 698 1183 826 1250; x_wconf 87' lang='lat' dir='ltr'>comitia</span> <span class='ocrx_word' id='word_1_91' title='bbox 835 1204 992 1268; x_wconf 82' lang='lat' dir='ltr'>poscere:</span> <span class='ocrx_word' id='word_1_92' title='bbox 1017 1205 1090 1269; x_wconf 83' lang='lat' dir='ltr'>quae</span> <span class='ocrx_word' id='word_1_93' title='bbox 1104 1205 1224 1271; x_wconf 59' lang='lat' dir='ltr'>nequa»-</span> <span class='ocrx_word' id='word_1_94' title='bbox 1325 1223 1327 1230; x_wconf 94' lang='lat'>·</span> 
     </span>
     <span class='ocr_line' id='line_1_14' title="bbox 165 1268 924 1357; baseline 0.001 -23"><span class='ocrx_word' id='word_1_95' title='bbox 165 1291 261 1357; x_wconf 87' lang='lat' dir='ltr'>quarn</span> <span class='ocrx_word' id='word_1_96' title='bbox 276 1292 317 1334; x_wconf 85' lang='lat' dir='ltr'>ex</span> <span class='ocrx_word' id='word_1_97' title='bbox 326 1270 487 1350; x_wconf 53' lang='lat' dir='ltr'>,renuntia</span> <span class='ocrx_word' id='word_1_98' title='bbox 500 1282 673 1354; x_wconf 84' lang='lat' dir='ltr'>praetorum</span> <span class='ocrx_word' id='word_1_99' title='bbox 688 1268 796 1336; x_wconf 79' lang='lat' dir='ltr'>futuro</span> <span class='ocrx_word' id='word_1_100' title='bbox 809 1281 924 1336; x_wconf 87' lang='lat' dir='ltr'>essent.</span> 
     </span>
    </p>

    <p class='ocr_par' dir='ltr' id='par_1_4' title="bbox 163 1355 1386 2656">
     <span class='ocr_line' id='line_1_15' title="bbox 209 1355 1224 1442; baseline 0.002 -22"><span class='ocrx_word' id='word_1_101' title='bbox 209 1355 364 1429; x_wconf 84' lang='lat' dir='ltr'>XXVII.</span> <span class='ocrx_word' id='word_1_102' title='bbox 388 1357 530 1434; x_wconf 71' lang='lat' dir='ltr'>statutus</span> <span class='ocrx_word' id='word_1_103' title='bbox 550 1368 598 1422; x_wconf 88' lang='lat' dir='ltr'>cst</span> <span class='ocrx_word' id='word_1_104' title='bbox 619 1355 755 1434; x_wconf 85' lang='lat' dir='ltr'>comitiis</span> <span class='ocrx_word' id='word_1_105' title='bbox 782 1355 869 1422; x_wconf 87' lang='lat' dir='ltr'>dies:</span> <span class='ocrx_word' id='word_1_106' title='bbox 899 1377 976 1441; x_wconf 88' lang='lat' dir='ltr'>quo,</span> <span class='ocrx_word' id='word_1_107' title='bbox 1005 1356 1224 1442; x_wconf 81' lang='lat' dir='ltr'>necopinanti-</span> 
     </span>
     <span class='ocr_line' id='line_1_16' title="bbox 165 1441 1386 1530; baseline 0.005 -22"><span class='ocrx_word' id='word_1_108' title='bbox 165 1441 225 1524; x_wconf 84' lang='lat' dir='ltr'>bus</span> <span class='ocrx_word' id='word_1_109' title='bbox 246 1441 405 1520; x_wconf 87' lang='lat' dir='ltr'>omnibus,</span> <span class='ocrx_word' id='word_1_110' title='bbox 420 1464 503 1508; x_wconf 89' lang='lat' dir='ltr'>unus</span> <span class='ocrx_word' id='word_1_111' title='bbox 524 1464 565 1509; x_wconf 86' lang='lat' dir='ltr'>ex</span> <span class='ocrx_word' id='word_1_112' title='bbox 589 1441 702 1512; x_wconf 83' lang='lat' dir='ltr'>ultima</span> <span class='ocrx_word' id='word_1_113' title='bbox 722 1441 815 1510; x_wconf 86' lang='lat' dir='ltr'>turbe</span> <span class='ocrx_word' id='word_1_114' title='bbox 838 1441 1013 1530; x_wconf 86' lang='lat' dir='ltr'>Epicydem</span> <span class='ocrx_word' id='word_1_115' title='bbox 1035 1443 1386 1529; x_wconf 58' lang='lat' dir='ltr'>murmurmurmur</span> 
     </span>
     <span class='ocr_line' id='line_1_17' title="bbox 165 1517 1367 1628; baseline -0.002 -33"><span class='ocrx_word' id='word_1_116' title='bbox 165 1540 232 1595; x_wconf 88' lang='lat' dir='ltr'>tum</span> <span class='ocrx_word' id='word_1_117' title='bbox 254 1529 330 1594; x_wconf 91' lang='lat' dir='ltr'>inde</span> <span class='ocrx_word' id='word_1_118' title='bbox 352 1527 431 1594; x_wconf 87' lang='lat' dir='ltr'>alius</span> <span class='ocrx_word' id='word_1_119' title='bbox 455 1529 694 1614; x_wconf 87' lang='lat' dir='ltr'>Hippocratem.</span> <span class='ocrx_word' id='word_1_120' title='bbox 717 1529 891 1596; x_wconf 86' lang='lat' dir='ltr'>crebriores</span> <span class='ocrx_word' id='word_1_121' title='bbox 916 1527 1031 1595; x_wconf 89' lang='lat' dir='ltr'>deinde</span> <span class='ocrx_word' id='word_1_122' title='bbox 1052 1552 1099 1596; x_wconf 83' lang='lat' dir='ltr'>eae</span> <span class='ocrx_word' id='word_1_123' title='bbox 1120 1553 1222 1608; x_wconf 81' lang='lat' dir='ltr'>voces,</span> <span class='ocrx_word' id='word_1_124' title='bbox 1231 1517 1367 1628; x_wconf 43' lang='lat' dir='ltr'>lilim?</span> 
     </span>
     <span class='ocr_line' id='line_1_18' title="bbox 164 1595 1367 1702; baseline 0 -20"><span class='ocrx_word' id='word_1_125' title='bbox 164 1629 196 1682; x_wconf 85' lang='lat' dir='ltr'>ct</span> <span class='ocrx_word' id='word_1_126' title='bbox 210 1637 282 1692; x_wconf 85' lang='lat' dir='ltr'>cum</span> <span class='ocrx_word' id='word_1_127' title='bbox 296 1613 382 1684; x_wconf 87' lang='lat' dir='ltr'>haud</span> <span class='ocrx_word' id='word_1_128' title='bbox 395 1615 494 1683; x_wconf 87' lang='lat' dir='ltr'>dubio</span> <span class='ocrx_word' id='word_1_129' title='bbox 508 1615 643 1702; x_wconf 68' lang='lat' dir='ltr'>adrem</span> <span class='ocrx_word' id='word_1_130' title='bbox 657 1614 871 1683; x_wconf 78' lang='lat' dir='ltr'>multitudinis</span> <span class='ocrx_word' id='word_1_131' title='bbox 885 1637 964 1681; x_wconf 85' lang='lat' dir='ltr'>csse.</span> <span class='ocrx_word' id='word_1_132' title='bbox 1009 1615 1133 1682; x_wconf 81' lang='lat' dir='ltr'>Eterat</span> <span class='ocrx_word' id='word_1_133' title='bbox 1147 1638 1223 1682; x_wconf 89' lang='lat' dir='ltr'>con·</span> <span class='ocrx_word' id='word_1_134' title='bbox 1232 1595 1270 1693; x_wconf 60' lang='grc' dir='ltr'>,ἓξ</span> <span class='ocrx_word' id='word_1_135' title='bbox 1279 1596 1367 1695; x_wconf 54' lang='lat' dir='ltr'>ffit‘ff&#39;</span> 
     </span>
     <span class='ocr_line' id='line_1_19' title="bbox 164 1696 1224 1790; baseline 0.005 -26"><span class='ocrx_word' id='word_1_136' title='bbox 164 1699 236 1768; x_wconf 79' lang='lat' dir='ltr'>fusa</span> <span class='ocrx_word' id='word_1_137' title='bbox 249 1702 373 1781; x_wconf 87' lang='lat' dir='ltr'>concio,</span> <span class='ocrx_word' id='word_1_138' title='bbox 389 1723 453 1768; x_wconf 91' lang='lat' dir='ltr'>non</span> <span class='ocrx_word' id='word_1_139' title='bbox 474 1696 622 1786; x_wconf 81' lang='lat' dir='ltr'>pbpulari</span> <span class='ocrx_word' id='word_1_140' title='bbox 636 1701 744 1782; x_wconf 90' lang='lat' dir='ltr'>modo,</span> <span class='ocrx_word' id='word_1_141' title='bbox 757 1701 812 1766; x_wconf 87' lang='lat' dir='ltr'>sed</span> <span class='ocrx_word' id='word_1_142' title='bbox 836 1701 964 1768; x_wconf 85' lang='lat' dir='ltr'>militari</span> <span class='ocrx_word' id='word_1_143' title='bbox 978 1723 1104 1790; x_wconf 88' lang='lat' dir='ltr'>quoque</span> <span class='ocrx_word' id='word_1_144' title='bbox 1119 1704 1224 1788; x_wconf 87' lang='lat' dir='ltr'>turba,</span> 
     </span>
     <span class='ocr_line' id='line_1_20' title="bbox 167 1787 1226 1876; baseline 0.001 -23"><span class='ocrx_word' id='word_1_145' title='bbox 167 1809 282 1873; x_wconf 82' lang='lat' dir='ltr'>magua</span> <span class='ocrx_word' id='word_1_146' title='bbox 302 1810 344 1852; x_wconf 82' lang='lat' dir='ltr'>ex</span> <span class='ocrx_word' id='word_1_147' title='bbox 366 1801 456 1871; x_wconf 82' lang='lat' dir='ltr'>parte</span> <span class='ocrx_word' id='word_1_148' title='bbox 477 1789 572 1852; x_wconf 85' lang='lat' dir='ltr'>etiarn</span> <span class='ocrx_word' id='word_1_149' title='bbox 595 1787 744 1876; x_wconf 85' lang='lat' dir='ltr'>perfugia,</span> <span class='ocrx_word' id='word_1_150' title='bbox 792 1787 827 1852; x_wconf 93' lang='lat' dir='ltr'>ui</span> <span class='ocrx_word' id='word_1_151' title='bbox 847 1788 957 1854; x_wconf 88' lang='lat' dir='ltr'>omnia</span> <span class='ocrx_word' id='word_1_152' title='bbox 977 1810 1099 1863; x_wconf 82' lang='lat' dir='ltr'>novare¹</span> <span class='ocrx_word' id='word_1_153' title='bbox 1115 1791 1226 1876; x_wconf 85' lang='lat' dir='ltr'>cupie-</span> 
     </span>
     <span class='ocr_line' id='line_1_21' title="bbox 165 1810 1226 1960; baseline 0.004 -22"><span class='ocrx_word' id='word_1_154' title='bbox 165 1873 254 1952; x_wconf 84' lang='lat' dir='ltr'>bant,</span> <span class='ocrx_word' id='word_1_155' title='bbox 270 1873 447 1960; x_wconf 84' lang='lat' dir='ltr'>permixtis.</span> <span class='ocrx_word' id='word_1_156' title='bbox 471 1873 629 1940; x_wconf 76' lang='lat' dir='ltr'>Praetores</span> <span class='ocrx_word' id='word_1_157' title='bbox 644 1810 841 1946; x_wconf 74' lang='lat' dir='ltr'>dissimulare</span> <span class='ocrx_word' id='word_1_158' title='bbox 862 1874 978 1959; x_wconf 89' lang='lat' dir='ltr'>primo,</span> <span class='ocrx_word' id='word_1_159' title='bbox 992 1873 1058 1941; x_wconf 80' lang='lat' dir='ltr'>¹⁰et</span> <span class='ocrx_word' id='word_1_160' title='bbox 1072 1875 1226 1942; x_wconf 88' lang='lat' dir='ltr'>trahenda</span> 
     </span>
     <span class='ocr_line' id='line_1_22' title="bbox 165 1960 1225 2045; baseline 0.004 -21"><span class='ocrx_word' id='word_1_161' title='bbox 165 1981 201 2024; x_wconf 86' lang='lat' dir='ltr'>re</span> <span class='ocrx_word' id='word_1_162' title='bbox 221 1983 304 2034; x_wconf 78' lang='lat' dir='ltr'>esse:</span> <span class='ocrx_word' id='word_1_163' title='bbox 327 1974 487 2045; x_wconf 88' lang='lat' dir='ltr'>postremo</span> <span class='ocrx_word' id='word_1_164' title='bbox 501 1960 576 2036; x_wconf 84' lang='lat' dir='ltr'>victi</span> <span class='ocrx_word' id='word_1_165' title='bbox 597 1983 763 2042; x_wconf 82' lang='lat' dir='ltr'>consensu,</span> <span class='ocrx_word' id='word_1_166' title='bbox 778 1973 810 2026; x_wconf 91' lang='lat' dir='ltr'>et</span> <span class='ocrx_word' id='word_1_167' title='bbox 830 1961 1015 2027; x_wconf 84' lang='lat' dir='ltr'>seditionem</span> <span class='ocrx_word' id='word_1_168' title='bbox 1038 1974 1225 2042; x_wconf 82' lang='lat' dir='ltr'>metuentes,</span> 
     </span>
     <span class='ocr_line' id='line_1_23' title="bbox 164 2045 1226 2132; baseline 0.004 -22"><span class='ocrx_word' id='word_1_169' title='bbox 164 2046 379 2132; x_wconf 85' lang='lat' dir='ltr'>pronunciant</span> <span class='ocrx_word' id='word_1_170' title='bbox 392 2070 446 2114; x_wconf 89' lang='lat' dir='ltr'>eos</span> <span class='ocrx_word' id='word_1_171' title='bbox 461 2059 623 2132; x_wconf 69' lang='lat' dir='ltr'>pretores</span> <span class='ocrx_word' id='word_1_172' title='bbox 667 2045 736 2126; x_wconf 85' lang='lat' dir='ltr'>Nec</span> <span class='ocrx_word' id='word_1_173' title='bbox 751 2046 796 2112; x_wconf 93' lang='lat' dir='ltr'>illi</span> <span class='ocrx_word' id='word_1_174' title='bbox 813 2047 918 2132; x_wconf 86' lang='lat' dir='ltr'>primo</span> <span class='ocrx_word' id='word_1_175' title='bbox 932 2047 1038 2113; x_wconf 81' lang='lat' dir='ltr'>statim</span> <span class='ocrx_word' id='word_1_176' title='bbox 1053 2051 1150 2114; x_wconf 91' lang='lat' dir='ltr'>creati</span> <span class='ocrx_word' id='word_1_177' title='bbox 1165 2071 1226 2114; x_wconf 92' lang='lat' dir='ltr'>nu·</span> 
     </span>
     <span class='ocr_line' id='line_1_24' title="bbox 164 2128 1225 2220; baseline 0.004 -22"><span class='ocrx_word' id='word_1_178' title='bbox 164 2133 345 2220; x_wconf 70' lang='lat' dir='ltr'>dareque</span> <span class='ocrx_word' id='word_1_179' title='bbox 362 2128 494 2203; x_wconf 80' lang='lat' dir='ltr'>vellent:</span> <span class='ocrx_word' id='word_1_180' title='bbox 539 2155 709 2220; x_wconf 86' lang='lat' dir='ltr'>uamquam</span> <span class='ocrx_word' id='word_1_181' title='bbox 800 2133 992 2214; x_wconf 83' lang='lat' dir='ltr'>eferebant,</span> <span class='ocrx_word' id='word_1_182' title='bbox 1014 2133 1108 2200; x_wconf 89' lang='lat' dir='ltr'>etde</span> <span class='ocrx_word' id='word_1_183' title='bbox 1130 2135 1225 2202; x_wconf 87' lang='lat' dir='ltr'>indu·</span> 
     </span>
     <span class='ocr_line' id='line_1_25' title="bbox 166 2157 1359 2306; baseline 0.002 -22"><span class='ocrx_word' id='word_1_184' title='bbox 166 2217 223 2284; x_wconf 88' lang='lat' dir='ltr'>ciis</span> <span class='ocrx_word' id='word_1_185' title='bbox 244 2220 370 2298; x_wconf 76' lang='lat' dir='ltr'>dierum</span> <span class='ocrx_word' id='word_1_186' title='bbox 393 2219 503 2289; x_wconf 84' lang='lat' dir='ltr'>decem</span> <span class='ocrx_word' id='word_1_187' title='bbox 516 2157 645 2305; x_wconf 63' lang='lat' dir='ltr'>leuatos</span> <span class='ocrx_word' id='word_1_188' title='bbox 658 2220 718 2286; x_wconf 86' lang='lat' dir='ltr'>isse</span> <span class='ocrx_word' id='word_1_189' title='bbox 788 2223 850 2306; x_wconf 83' lang='lat' dir='ltr'>Ap.</span> <span class='ocrx_word' id='word_1_190' title='bbox 867 2219 1049 2299; x_wconf 73' lang='lat' dir='ltr'>Claudium,</span> <span class='ocrx_word' id='word_1_191' title='bbox 1065 2234 1107 2299; x_wconf 80' lang='lat' dir='ltr'>et,</span> <span class='ocrx_word' id='word_1_192' title='bbox 1123 2222 1224 2306; x_wconf 81' lang='lat' dir='ltr'>impe·</span> <span class='ocrx_word' id='word_1_193' title='bbox 1232 2227 1317 2300; x_wconf 74' lang='lat' dir='ltr'>Legati</span> <span class='ocrx_word' id='word_1_194' title='bbox 1329 2241 1359 2286; x_wconf 73' lang='lat' dir='ltr'>aa</span> 
     </span>
     <span class='ocr_line' id='line_1_26' title="bbox 163 2305 1341 2396; baseline 0 -24"><span class='ocrx_word' id='word_1_195' title='bbox 163 2309 255 2374; x_wconf 86' lang='lat' dir='ltr'>tratis</span> <span class='ocrx_word' id='word_1_196' title='bbox 276 2307 333 2385; x_wconf 89' lang='lat' dir='ltr'>eia,</span> <span class='ocrx_word' id='word_1_197' title='bbox 353 2306 443 2387; x_wconf 87' lang='lat' dir='ltr'>alios,</span> <span class='ocrx_word' id='word_1_198' title='bbox 458 2307 514 2392; x_wconf 91' lang='lat' dir='ltr'>qni</span> <span class='ocrx_word' id='word_1_199' title='bbox 527 2307 568 2372; x_wconf 91' lang='lat' dir='ltr'>de</span> <span class='ocrx_word' id='word_1_200' title='bbox 582 2305 703 2382; x_wconf 86' lang='lat' dir='ltr'>foedere</span> <span class='ocrx_word' id='word_1_201' title='bbox 723 2307 855 2393; x_wconf 86' lang='lat' dir='ltr'>antiquo</span> <span class='ocrx_word' id='word_1_202' title='bbox 876 2306 1060 2380; x_wconf 70' lang='lat' dir='ltr'>renouando</span> <span class='ocrx_word' id='word_1_203' title='bbox 1081 2319 1224 2396; x_wconf 81' lang='lat' dir='ltr'>agerent,</span> <span class='ocrx_word' id='word_1_204' title='bbox 1232 2306 1341 2380; x_wconf 59' lang='lat' dir='ltr'>Appium</span> 
     </span>
     <span class='ocr_line' id='line_1_27' title="bbox 165 2383 1382 2480; baseline 0.003 -22"><span class='ocrx_word' id='word_1_205' title='bbox 165 2393 289 2463; x_wconf 83' lang='lat' dir='ltr'>missos.</span> <span class='ocrx_word' id='word_1_206' title='bbox 333 2392 387 2461; x_wconf 83' lang='lat' dir='ltr'>Ad</span> <span class='ocrx_word' id='word_1_207' title='bbox 403 2393 622 2480; x_wconf 76' lang='lat' dir='ltr'>Murgentiam</span> <span class='ocrx_word' id='word_1_208' title='bbox 636 2405 704 2458; x_wconf 89' lang='lat' dir='ltr'>tum</span> <span class='ocrx_word' id='word_1_209' title='bbox 717 2391 848 2460; x_wconf 77' lang='lat' dir='ltr'>classem</span> <span class='ocrx_word' id='word_1_210' title='bbox 862 2392 992 2464; x_wconf 77' lang='lat' dir='ltr'>navium</span> <span class='ocrx_word' id='word_1_211' title='bbox 1011 2405 1138 2463; x_wconf 85' lang='lat' dir='ltr'>centum</span> <span class='ocrx_word' id='word_1_212' title='bbox 1157 2383 1309 2462; x_wconf 71' lang='lat' dir='ltr'>Rom¹⁸⁵¹&#39;</span> <span class='ocrx_word' id='word_1_213' title='bbox 1378 2445 1382 2479; x_wconf 37' lang='grc' dir='ltr'><em>ἶ</em></span> 
     </span>
     <span class='ocr_line' id='line_1_28' title="bbox 165 2478 1226 2568; baseline 0.004 -24"><span class='ocrx_word' id='word_1_214' title='bbox 165 2499 280 2556; x_wconf 83' lang='lat' dir='ltr'>manus</span> <span class='ocrx_word' id='word_1_215' title='bbox 301 2478 450 2556; x_wconf 80' lang='lat' dir='ltr'>habebat,</span> <span class='ocrx_word' id='word_1_216' title='bbox 474 2499 612 2566; x_wconf 88' lang='lat' dir='ltr'>quonam</span> <span class='ocrx_word' id='word_1_217' title='bbox 636 2478 805 2558; x_wconf 69' lang='lat' dir='ltr'>eruderant</span> <span class='ocrx_word' id='word_1_218' title='bbox 826 2491 932 2562; x_wconf 86' lang='lat' dir='ltr'>motus</span> <span class='ocrx_word' id='word_1_219' title='bbox 951 2503 993 2544; x_wconf 83' lang='lat' dir='ltr'>ax</span> <span class='ocrx_word' id='word_1_220' title='bbox 1014 2480 1154 2548; x_wconf 88' lang='lat' dir='ltr'>caedibus</span> <span class='ocrx_word' id='word_1_221' title='bbox 1176 2493 1226 2568; x_wconf 65' lang='lat' dir='ltr'>ty÷</span> 
     </span>
     <span class='ocr_line' id='line_1_29' title="bbox 164 2565 1226 2656; baseline 0.005 -27"><span class='ocrx_word' id='word_1_222' title='bbox 164 2586 339 2630; x_wconf 89' lang='lat' dir='ltr'>rannorum</span> <span class='ocrx_word' id='word_1_223' title='bbox 355 2566 418 2635; x_wconf 87' lang='lat' dir='ltr'>orti</span> <span class='ocrx_word' id='word_1_224' title='bbox 434 2565 608 2652; x_wconf 75' lang='lat' dir='ltr'>Syracusis,</span> <span class='ocrx_word' id='word_1_225' title='bbox 622 2587 726 2652; x_wconf 85' lang='lat' dir='ltr'>quove</span> <span class='ocrx_word' id='word_1_226' title='bbox 740 2587 793 2630; x_wconf 88' lang='lat' dir='ltr'>eos</span> <span class='ocrx_word' id='word_1_227' title='bbox 867 2578 915 2630; x_wconf 89' lang='lat' dir='ltr'>ret</span> <span class='ocrx_word' id='word_1_228' title='bbox 935 2587 1017 2632; x_wconf 85' lang='lat' dir='ltr'>nora</span> <span class='ocrx_word' id='word_1_229' title='bbox 1030 2581 1126 2656; x_wconf 86' lang='lat' dir='ltr'>atque</span> <span class='ocrx_word' id='word_1_230' title='bbox 1140 2568 1226 2634; x_wconf 90' lang='lat' dir='ltr'>inso-</span> 
     </span>
    </p>
   </div>
   <div class='ocr_carea' id='block_1_4' title="bbox 164 2587 1325 2739">
    <p class='ocr_par' dir='ltr' id='par_1_5' title="bbox 164 2587 1325 2739">
     <span class='ocr_line' id='line_1_30' title="bbox 164 2587 1325 2739; baseline 0 -21"><span class='ocrx_word' id='word_1_231' title='bbox 164 2651 222 2719; x_wconf 86' lang='lat' dir='ltr'>lita</span> <span class='ocrx_word' id='word_1_232' title='bbox 235 2651 373 2730; x_wconf 85' lang='lat' dir='ltr'>libertas,</span> <span class='ocrx_word' id='word_1_233' title='bbox 389 2651 567 2737; x_wconf 84' lang='lat' dir='ltr'>opperiens.</span> <span class='ocrx_word' id='word_1_234' title='bbox 612 2650 675 2717; x_wconf 88' lang='lat' dir='ltr'>Per</span> <span class='ocrx_word' id='word_1_235' title='bbox 688 2587 897 2720; x_wconf 48' lang='lat' dir='ltr'>eosdemfliies</span> <span class='ocrx_word' id='word_1_236' title='bbox 910 2674 1009 2739; x_wconf 89' lang='lat' dir='ltr'>quum</span> <span class='ocrx_word' id='word_1_237' title='bbox 1029 2655 1069 2720; x_wconf 91' lang='lat' dir='ltr'>ad</span> <span class='ocrx_word' id='word_1_238' title='bbox 1085 2653 1225 2722; x_wconf 84' lang='lat' dir='ltr'>Marcel·</span> <span class='ocrx_word' id='word_1_239' title='bbox 1323 2699 1325 2718; x_wconf 83' lang='grc'><strong>.</strong></span> 
     </span>
    </p>
   </div>
   <div class='ocr_carea' id='block_1_5' title="bbox 137 2737 1226 2828">
    <p class='ocr_par' dir='ltr' id='par_1_6' title="bbox 137 2737 1226 2828">
     <span class='ocr_line' id='line_1_31' title="bbox 137 2737 1226 2828; baseline 0.006 -26"><span class='ocrx_word' id='word_1_240' title='bbox 137 2741 145 2750; x_wconf 92' lang='grc'><strong>’</strong></span> <span class='ocrx_word' id='word_1_241' title='bbox 164 2737 243 2818; x_wconf 79' lang='lat' dir='ltr'>lum,</span> <span class='ocrx_word' id='word_1_242' title='bbox 258 2737 434 2814; x_wconf 79' lang='lat' dir='ltr'>venientem</span> <span class='ocrx_word' id='word_1_243' title='bbox 455 2740 489 2802; x_wconf 92' lang='lat' dir='ltr'>in</span> <span class='ocrx_word' id='word_1_244' title='bbox 506 2737 656 2815; x_wconf 87' lang='lat' dir='ltr'>Siciliam,</span> <span class='ocrx_word' id='word_1_245' title='bbox 671 2738 767 2824; x_wconf 80' lang='lat' dir='ltr'>legati</span> <span class='ocrx_word' id='word_1_246' title='bbox 790 2740 980 2824; x_wconf 78' lang='lat' dir='ltr'>Syracusani</span> <span class='ocrx_word' id='word_1_247' title='bbox 1001 2741 1088 2808; x_wconf 88' lang='lat' dir='ltr'>missi</span> <span class='ocrx_word' id='word_1_248' title='bbox 1100 2742 1141 2807; x_wconf 83' lang='lat' dir='ltr'>ab</span> <span class='ocrx_word' id='word_1_249' title='bbox 1155 2742 1226 2828; x_wconf 86' lang='lat' dir='ltr'>Ap·</span> 
     </span>
    </p>
   </div>
   <div class='ocr_carea' id='block_1_6' title="bbox 164 2823 1252 2930">
    <p class='ocr_par' dir='ltr' id='par_1_7' title="bbox 164 2823 1252 2930">
     <span class='ocr_line' id='line_1_32' title="bbox 164 2823 1252 2930; baseline 0.009 -42"><span class='ocrx_word' id='word_1_250' title='bbox 164 2825 220 2909; x_wconf 84' lang='lat' dir='ltr'>pio</span> <span class='ocrx_word' id='word_1_251' title='bbox 243 2835 359 2902; x_wconf 65' lang='lat' dir='ltr'>essem,</span> <span class='ocrx_word' id='word_1_252' title='bbox 385 2824 501 2900; x_wconf 75' lang='lat' dir='ltr'>auditis</span> <span class='ocrx_word' id='word_1_253' title='bbox 525 2823 761 2892; x_wconf 86' lang='lat' dir='ltr'>conditionibus</span> <span class='ocrx_word' id='word_1_254' title='bbox 790 2825 888 2912; x_wconf 88' lang='lat' dir='ltr'>pacis,</span> <span class='ocrx_word' id='word_1_255' title='bbox 919 2825 1105 2930; x_wconf 72' lang='lat' dir='ltr'>Marcellus,</span> <span class='ocrx_word' id='word_1_256' title='bbox 1133 2849 1252 2913; x_wconf 81' lang='lat' dir='ltr'>posse.</span> 
     </span>
    </p>
   </div>
   <div class='ocr_carea' id='block_1_7' title="bbox 45 2911 1224 3002">
    <p class='ocr_par' dir='ltr' id='par_1_8' title="bbox 45 2911 1224 3002">
     <span class='ocr_line' id='line_1_33' title="bbox 45 2911 1224 3002; baseline 0.005 -28"><span class='ocrx_word' id='word_1_257' title='bbox 45 2963 55 2974; x_wconf 92' lang='lat'>.</span> <span class='ocrx_word' id='word_1_258' title='bbox 165 2929 238 2990; x_wconf 63' lang='lat' dir='ltr'>‚rent¹</span> <span class='ocrx_word' id='word_1_259' title='bbox 253 2911 425 2978; x_wconf 81' lang='lat' dir='ltr'>convenire</span> <span class='ocrx_word' id='word_1_260' title='bbox 447 2923 544 2992; x_wconf 87' lang='lat' dir='ltr'>ratus,</span> <span class='ocrx_word' id='word_1_261' title='bbox 558 2923 594 2976; x_wconf 91' lang='lat' dir='ltr'>et·</span> <span class='ocrx_word' id='word_1_262' title='bbox 611 2914 678 2996; x_wconf 84' lang='lat' dir='ltr'>ipse</span> <span class='ocrx_word' id='word_1_263' title='bbox 699 2911 820 3000; x_wconf 77' lang='lat' dir='ltr'>legatos</span> <span class='ocrx_word' id='word_1_264' title='bbox 844 2913 1024 3002; x_wconf 77' lang='lat' dir='ltr'>Syracusas,</span> <span class='ocrx_word' id='word_1_265' title='bbox 1039 2937 1094 3001; x_wconf 90' lang='lat' dir='ltr'>qm</span> <span class='ocrx_word' id='word_1_266' title='bbox 1115 2933 1224 2982; x_wconf 88' lang='lat' dir='ltr'>coram</span> 
     </span>
    </p>
   </div>
   <div class='ocr_carea' id='block_1_8' title="bbox 159 2997 1375 3863">
    <p class='ocr_par' dir='ltr' id='par_1_9' title="bbox 159 2997 1226 3186">
     <span class='ocr_line' id='line_1_34' title="bbox 165 2997 1226 3087; baseline 0.004 -23"><span class='ocrx_word' id='word_1_267' title='bbox 165 3019 240 3078; x_wconf 77' lang='lat' dir='ltr'>uum</span> <span class='ocrx_word' id='word_1_268' title='bbox 263 2997 454 3083; x_wconf 65' lang='lat' dir='ltr'>praetoribus</span> <span class='ocrx_word' id='word_1_269' title='bbox 468 2997 509 3062; x_wconf 92' lang='lat' dir='ltr'>de</span> <span class='ocrx_word' id='word_1_270' title='bbox 524 2997 709 3065; x_wconf 87' lang='lat' dir='ltr'>renovando</span> <span class='ocrx_word' id='word_1_271' title='bbox 731 2997 852 3064; x_wconf 82' lang='lat' dir='ltr'>ioedere</span> <span class='ocrx_word' id='word_1_272' title='bbox 876 3001 1136 3087; x_wconf 68' lang='lat' dir='ltr'>agerentmisit.</span> <span class='ocrx_word' id='word_1_273' title='bbox 1183 3002 1226 3068; x_wconf 88' lang='lat' dir='ltr'>Et</span> 
     </span>
     <span class='ocr_line' id='line_1_35' title="bbox 159 3083 1225 3186; baseline 0.004 -36"><span class='ocrx_word' id='word_1_274' title='bbox 159 3085 227 3171; x_wconf 87' lang='lat' dir='ltr'>jam</span> <span class='ocrx_word' id='word_1_275' title='bbox 245 3083 290 3151; x_wconf 92' lang='lat' dir='ltr'>ibi</span> <span class='ocrx_word' id='word_1_276' title='bbox 304 3105 504 3186; x_wconf 79' lang='lat' dir='ltr'>nequaquam</span> <span class='ocrx_word' id='word_1_277' title='bbox 523 3084 636 3162; x_wconf 86' lang='lat' dir='ltr'>eadem</span> <span class='ocrx_word' id='word_1_278' title='bbox 658 3085 747 3171; x_wconf 91' lang='lat' dir='ltr'>quies</span> <span class='ocrx_word' id='word_1_279' title='bbox 760 3097 792 3151; x_wconf 90' lang='lat' dir='ltr'>et</span> <span class='ocrx_word' id='word_1_280' title='bbox 805 3085 1016 3172; x_wconf 85' lang='lat' dir='ltr'>tranquillitas</span> <span class='ocrx_word' id='word_1_281' title='bbox 1037 3100 1116 3172; x_wconf 80' lang='lat' dir='ltr'>erat.</span> <span class='ocrx_word' id='word_1_282' title='bbox 1137 3100 1225 3174; x_wconf 88' lang='lat' dir='ltr'>post·</span> 
     </span>
    </p>

    <p class='ocr_par' dir='ltr' id='par_1_10' title="bbox 185 3170 1224 3259">
     <span class='ocr_line' id='line_1_36' title="bbox 185 3170 1224 3259; baseline 0.004 -23"><span class='ocrx_word' id='word_1_283' title='bbox 185 3193 260 3236; x_wconf 88' lang='lat' dir='ltr'>nam</span> <span class='ocrx_word' id='word_1_284' title='bbox 284 3171 439 3236; x_wconf 81' lang='lat' dir='ltr'>Punicam</span> <span class='ocrx_word' id='word_1_285' title='bbox 462 3171 590 3236; x_wconf 87' lang='lat' dir='ltr'>classem</span> <span class='ocrx_word' id='word_1_286' title='bbox 613 3172 775 3236; x_wconf 80' lang='lat' dir='ltr'>accessisse</span> <span class='ocrx_word' id='word_1_287' title='bbox 798 3170 986 3259; x_wconf 87' lang='lat' dir='ltr'>Pachynum</span> <span class='ocrx_word' id='word_1_288' title='bbox 1008 3173 1150 3240; x_wconf 89' lang='lat' dir='ltr'>adlatum</span> <span class='ocrx_word' id='word_1_289' title='bbox 1167 3187 1224 3254; x_wconf 88' lang='lat' dir='ltr'>est,</span> 
     </span>
    </p>

    <p class='ocr_par' dir='ltr' id='par_1_11' title="bbox 163 3195 1225 3345">
     <span class='ocr_line' id='line_1_37' title="bbox 163 3195 1225 3345; baseline 0.005 -23"><span class='ocrx_word' id='word_1_290' title='bbox 163 3195 272 3323; x_wconf 55' lang='lat' dir='ltr'>demto</span> <span class='ocrx_word' id='word_1_291' title='bbox 293 3257 409 3322; x_wconf 90' lang='lat' dir='ltr'>timore</span> <span class='ocrx_word' id='word_1_292' title='bbox 432 3257 648 3344; x_wconf 81' lang='lat' dir='ltr'>Hippocrates</span> <span class='ocrx_word' id='word_1_293' title='bbox 662 3270 694 3322; x_wconf 93' lang='lat' dir='ltr'>et</span> <span class='ocrx_word' id='word_1_294' title='bbox 760 3258 875 3345; x_wconf 86' lang='lat' dir='ltr'>icydee,</span> <span class='ocrx_word' id='word_1_295' title='bbox 890 3281 977 3324; x_wconf 91' lang='lat' dir='ltr'>nunc</span> <span class='ocrx_word' id='word_1_296' title='bbox 999 3260 1083 3345; x_wconf 89' lang='lat' dir='ltr'>apud</span> <span class='ocrx_word' id='word_1_297' title='bbox 1105 3281 1225 3327; x_wconf 86' lang='lat' dir='ltr'>merce·</span> 
     </span>
    </p>

    <p class='ocr_par' dir='ltr' id='par_1_12' title="bbox 162 3343 1375 3863">
     <span class='ocr_line' id='line_1_38' title="bbox 163 3343 1375 3434; baseline 0.003 -26"><span class='ocrx_word' id='word_1_298' title='bbox 163 3345 271 3410; x_wconf 85' lang='lat' dir='ltr'>uarios</span> <span class='ocrx_word' id='word_1_299' title='bbox 291 3344 415 3422; x_wconf 87' lang='lat' dir='ltr'>milites,</span> <span class='ocrx_word' id='word_1_300' title='bbox 432 3365 518 3409; x_wconf 92' lang='lat' dir='ltr'>nunc</span> <span class='ocrx_word' id='word_1_301' title='bbox 538 3343 624 3431; x_wconf 87' lang='lat' dir='ltr'>apud</span> <span class='ocrx_word' id='word_1_302' title='bbox 646 3357 676 3410; x_wconf 88' lang='lat' dir='ltr'>tr</span> <span class='ocrx_word' id='word_1_303' title='bbox 767 3365 832 3428; x_wconf 81' lang='lat' dir='ltr'>gas,</span> <span class='ocrx_word' id='word_1_304' title='bbox 846 3346 940 3430; x_wconf 92' lang='lat' dir='ltr'>prodi</span> <span class='ocrx_word' id='word_1_305' title='bbox 964 3346 1113 3412; x_wconf 90' lang='lat' dir='ltr'>Romano</span> <span class='ocrx_word' id='word_1_306' title='bbox 1128 3347 1375 3434; x_wconf 70' lang='lat' dir='ltr'>Syro-&#39;rurans5-</span> 
     </span>
     <span class='ocr_line' id='line_1_39' title="bbox 162 3427 1329 3516; baseline 0.003 -20"><span class='ocrx_word' id='word_1_307' title='bbox 162 3451 263 3509; x_wconf 86' lang='lat' dir='ltr'>cusas,</span> <span class='ocrx_word' id='word_1_308' title='bbox 289 3427 551 3496; x_wconf 87' lang='lat' dir='ltr'>criminabantur.</span> <span class='ocrx_word' id='word_1_309' title='bbox 596 3429 644 3496; x_wconf 94' lang='lat' dir='ltr'>Ut</span> <span class='ocrx_word' id='word_1_310' title='bbox 668 3452 744 3496; x_wconf 89' lang='lat' dir='ltr'>vero</span> <span class='ocrx_word' id='word_1_311' title='bbox 769 3433 895 3516; x_wconf 85' lang='lat' dir='ltr'>Appius</span> <span class='ocrx_word' id='word_1_312' title='bbox 920 3453 1016 3497; x_wconf 82' lang='lat' dir='ltr'>nares</span> <span class='ocrx_word' id='word_1_313' title='bbox 1040 3433 1081 3497; x_wconf 86' lang='lat' dir='ltr'>ad</span> <span class='ocrx_word' id='word_1_314' title='bbox 1106 3431 1329 3499; x_wconf 68' lang='lat' dir='ltr'>ortiumwir·</span> 
     </span>
     <span class='ocr_line' id='line_1_40' title="bbox 162 3515 1223 3602; baseline 0.001 -18"><span class='ocrx_word' id='word_1_315' title='bbox 162 3529 285 3602; x_wconf 82' lang='lat' dir='ltr'>portua,</span> <span class='ocrx_word' id='word_1_316' title='bbox 330 3540 374 3582; x_wconf 92' lang='lat' dir='ltr'>uo</span> <span class='ocrx_word' id='word_1_317' title='bbox 396 3515 500 3584; x_wconf 82' lang='lat' dir='ltr'>⁴¹aliae</span> <span class='ocrx_word' id='word_1_318' title='bbox 526 3518 623 3602; x_wconf 87' lang='lat' dir='ltr'>partis</span> <span class='ocrx_word' id='word_1_319' title='bbox 644 3515 825 3586; x_wconf 90' lang='lat' dir='ltr'>hominibus</span> <span class='ocrx_word' id='word_1_320' title='bbox 847 3517 970 3584; x_wconf 89' lang='lat' dir='ltr'>animus</span> <span class='ocrx_word' id='word_1_321' title='bbox 991 3519 1170 3598; x_wconf 57' lang='lat' dir='ltr'>accederet&gt;</span> <span class='ocrx_word' id='word_1_322' title='bbox 1188 3521 1223 3585; x_wconf 91' lang='lat' dir='ltr'>in</span> 
     </span>
     <span class='ocr_line' id='line_1_41' title="bbox 163 3602 1224 3692; baseline 0.006 -25"><span class='ocrx_word' id='word_1_323' title='bbox 163 3603 299 3686; x_wconf 82' lang='lat' dir='ltr'>statione</span> <span class='ocrx_word' id='word_1_324' title='bbox 385 3625 438 3668; x_wconf 90' lang='lat' dir='ltr'>ere</span> <span class='ocrx_word' id='word_1_325' title='bbox 458 3604 566 3689; x_wconf 73' lang='lat' dir='ltr'>coepit,</span> <span class='ocrx_word' id='word_1_326' title='bbox 588 3602 700 3692; x_wconf 84' lang='lat' dir='ltr'>ingens</span> <span class='ocrx_word' id='word_1_327' title='bbox 720 3603 753 3666; x_wconf 94' lang='lat' dir='ltr'>in</span> <span class='ocrx_word' id='word_1_328' title='bbox 776 3604 911 3688; x_wconf 87' lang='lat' dir='ltr'>speciem</span> <span class='ocrx_word' id='word_1_329' title='bbox 933 3605 1119 3672; x_wconf 90' lang='lat' dir='ltr'>criminibus</span> <span class='ocrx_word' id='word_1_330' title='bbox 1133 3610 1224 3673; x_wconf 86' lang='lat' dir='ltr'>vanis</span> 
     </span>
     <span class='ocr_line' id='line_1_42' title="bbox 162 3689 1224 3775; baseline 0.005 -21"><span class='ocrx_word' id='word_1_331' title='bbox 162 3702 338 3775; x_wconf 77' lang='lat' dir='ltr'>accesserat</span> <span class='ocrx_word' id='word_1_332' title='bbox 351 3689 439 3774; x_wconf 80' lang='lat' dir='ltr'>fider.</span> <span class='ocrx_word' id='word_1_333' title='bbox 456 3711 493 3755; x_wconf 92' lang='lat' dir='ltr'>ac</span> <span class='ocrx_word' id='word_1_334' title='bbox 530 3691 612 3754; x_wconf 92' lang='lat' dir='ltr'>rimo</span> <span class='ocrx_word' id='word_1_335' title='bbox 628 3689 721 3754; x_wconf 86' lang='lat' dir='ltr'>etiam</span> <span class='ocrx_word' id='word_1_336' title='bbox 738 3689 931 3756; x_wconf 91' lang='lat' dir='ltr'>tumultuose</span> <span class='ocrx_word' id='word_1_337' title='bbox 945 3691 1128 3759; x_wconf 86' lang='lat' dir='ltr'>decurrerat</span> <span class='ocrx_word' id='word_1_338' title='bbox 1143 3694 1224 3759; x_wconf 91' lang='lat' dir='ltr'>mul-</span> 
     </span>
     <span class='ocr_line' id='line_1_43' title="bbox 162 3712 1036 3863; baseline 0.001 -19"><span class='ocrx_word' id='word_1_339' title='bbox 162 3773 323 3850; x_wconf 79' lang='lat' dir='ltr'>titudoad</span> <span class='ocrx_word' id='word_1_340' title='bbox 337 3712 563 3862; x_wconf 72' lang='lat' dir='ltr'>prohibcnibs,</span> <span class='ocrx_word' id='word_1_341' title='bbox 579 3775 606 3840; x_wconf 93' lang='lat' dir='ltr'>si</span> <span class='ocrx_word' id='word_1_342' title='bbox 620 3775 653 3840; x_wconf 92' lang='lat' dir='ltr'>in</span> <span class='ocrx_word' id='word_1_343' title='bbox 668 3789 786 3844; x_wconf 86' lang='lat' dir='ltr'>terram</span> <span class='ocrx_word' id='word_1_344' title='bbox 800 3777 1036 3863; x_wconf 85' lang='lat' dir='ltr'>egrederentur.</span> 
     </span>
    </p>
   </div>
   <div class='ocr_carea' id='block_1_9' title="bbox 160 3978 1274 4383">
    <p class='ocr_par' dir='ltr' id='par_1_13' title="bbox 160 3978 1274 4110">
     <span class='ocr_line' id='line_1_44' title="bbox 194 3978 1274 4044; baseline -0.007 -12"><span class='ocrx_word' id='word_1_345' title='bbox 194 3983 228 4040; x_wconf 74' lang='lat'>40</span> <span class='ocrx_word' id='word_1_346' title='bbox 242 3984 278 4032; x_wconf 79' lang='lat' dir='ltr'>Et</span> <span class='ocrx_word' id='word_1_347' title='bbox 294 3983 409 4041; x_wconf 71' lang='lat' dir='ltr'>truluada</span> <span class='ocrx_word' id='word_1_348' title='bbox 425 3996 450 4032; x_wconf 77' lang='lat' dir='ltr'>re</span> <span class='ocrx_word' id='word_1_349' title='bbox 460 3981 518 4044; x_wconf 82' lang='lat' dir='ltr'>erre]</span> <span class='ocrx_word' id='word_1_350' title='bbox 536 3981 678 4038; x_wconf 81' lang='lat' dir='ltr'>luccesse,</span> <span class='ocrx_word' id='word_1_351' title='bbox 710 3993 839 4027; x_wconf 86' lang='lat' dir='ltr'>manorum</span> <span class='ocrx_word' id='word_1_352' title='bbox 859 3985 946 4026; x_wconf 86' lang='lat' dir='ltr'>essent.</span> <span class='ocrx_word' id='word_1_353' title='bbox 979 3978 1043 4029; x_wconf 70' lang='lat' dir='ltr'>Atta</span> <span class='ocrx_word' id='word_1_354' title='bbox 1062 3982 1161 4044; x_wconf 81' lang='lat' dir='ltr'>antique</span> <span class='ocrx_word' id='word_1_355' title='bbox 1180 3995 1224 4042; x_wconf 87' lang='lat' dir='ltr'>pro</span> <span class='ocrx_word' id='word_1_356' title='bbox 1271 4017 1274 4024; x_wconf 26' lang='lat' dir='ltr'>r</span> 
     </span>
     <span class='ocr_line' id='line_1_45' title="bbox 160 4043 1223 4110; baseline -0.007 -11"><span class='ocrx_word' id='word_1_357' title='bbox 160 4049 527 4110; x_wconf 58' lang='lat' dir='ltr'>idwsutremtrahereut.</span> <span class='ocrx_word' id='word_1_358' title='bbox 711 4043 782 4092; x_wconf 78' lang='lat' dir='ltr'>altus.</span> <span class='ocrx_word' id='word_1_359' title='bbox 815 4045 852 4092; x_wconf 85' lang='lat' dir='ltr'>Ea</span> <span class='ocrx_word' id='word_1_360' title='bbox 864 4057 921 4092; x_wconf 84' lang='lat' dir='ltr'>voce</span> <span class='ocrx_word' id='word_1_361' title='bbox 933 4044 970 4092; x_wconf 87' lang='lat' dir='ltr'>bis</span> <span class='ocrx_word' id='word_1_362' title='bbox 981 4059 1040 4094; x_wconf 84' lang='lat' dir='ltr'>usus</span> <span class='ocrx_word' id='word_1_363' title='bbox 1051 4051 1087 4093; x_wconf 90' lang='lat' dir='ltr'>est</span> <span class='ocrx_word' id='word_1_364' title='bbox 1097 4045 1147 4094; x_wconf 84' lang='lat' dir='ltr'>Cic.</span> <span class='ocrx_word' id='word_1_365' title='bbox 1159 4047 1176 4095; x_wconf 88' lang='lat'>1.</span> <span class='ocrx_word' id='word_1_366' title='bbox 1188 4045 1223 4094; x_wconf 88' lang='lat'>11.</span> 
     </span>
    </p>

    <p class='ocr_par' dir='ltr' id='par_1_14' title="bbox 163 4107 1223 4304">
     <span class='ocr_line' id='line_1_46' title="bbox 195 4107 1223 4176; baseline -0.002 -14"><span class='ocrx_word' id='word_1_367' title='bbox 195 4113 226 4168; x_wconf 72' lang='lat'>41</span> <span class='ocrx_word' id='word_1_368' title='bbox 243 4111 403 4174; x_wconf 53' lang='lat' dir='ltr'>Aliam-tia</span> <span class='ocrx_word' id='word_1_369' title='bbox 419 4109 560 4176; x_wconf 76' lang='lat' dir='ltr'>homiuibus]</span> <span class='ocrx_word' id='word_1_370' title='bbox 585 4111 619 4158; x_wconf 88' lang='lat' dir='ltr'>lis</span> <span class='ocrx_word' id='word_1_371' title='bbox 636 4109 679 4170; x_wconf 90' lang='lat' dir='ltr'>qui</span> <span class='ocrx_word' id='word_1_372' title='bbox 711 4111 741 4156; x_wconf 87' lang='lat' dir='ltr'>de</span> <span class='ocrx_word' id='word_1_373' title='bbox 749 4107 835 4158; x_wconf 87' lang='lat' dir='ltr'>Divin.</span> <span class='ocrx_word' id='word_1_374' title='bbox 848 4122 873 4157; x_wconf 86' lang='lat' dir='ltr'>n.</span> <span class='ocrx_word' id='word_1_375' title='bbox 883 4109 923 4156; x_wconf 81' lang='lat'>30.</span> <span class='ocrx_word' id='word_1_376' title='bbox 940 4107 981 4157; x_wconf 76' lang='lat' dir='ltr'>sio</span> <span class='ocrx_word' id='word_1_377' title='bbox 999 4115 1083 4158; x_wconf 80' lang='lat' dir='ltr'>ettam</span> <span class='ocrx_word' id='word_1_378' title='bbox 1099 4111 1159 4174; x_wconf 72' lang='lat' dir='ltr'>nulli</span> <span class='ocrx_word' id='word_1_379' title='bbox 1170 4125 1223 4160; x_wconf 82' lang='lat' dir='ltr'>con·</span> 
     </span>
     <span class='ocr_line' id='line_1_47' title="bbox 164 4163 953 4236; baseline -0.001 -12"><span class='ocrx_word' id='word_1_380' title='bbox 164 4179 211 4226; x_wconf 86' lang='lat' dir='ltr'>alia</span> <span class='ocrx_word' id='word_1_381' title='bbox 221 4180 339 4228; x_wconf 80' lang='lat' dir='ltr'>sentirent</span> <span class='ocrx_word' id='word_1_382' title='bbox 349 4167 387 4236; x_wconf 78' lang='lat' dir='ltr'>&#39;ac</span> <span class='ocrx_word' id='word_1_383' title='bbox 404 4163 505 4234; x_wconf 83' lang='lat' dir='ltr'>vellent,</span> <span class='ocrx_word' id='word_1_384' title='bbox 523 4190 598 4236; x_wconf 88' lang='lat' dir='ltr'>quam</span> <span class='ocrx_word' id='word_1_385' title='bbox 615 4174 678 4235; x_wconf 85' lang='lat' dir='ltr'>Hip·</span> <span class='ocrx_word' id='word_1_386' title='bbox 709 4173 767 4234; x_wconf 78' lang='lat' dir='ltr'>ar&#39;lii,</span> <span class='ocrx_word' id='word_1_387' title='bbox 778 4175 843 4234; x_wconf 83' lang='lat' dir='ltr'>apud</span> <span class='ocrx_word' id='word_1_388' title='bbox 854 4173 953 4223; x_wconf 88' lang='lat' dir='ltr'>Terent.</span> 
     </span>
     <span class='ocr_line' id='line_1_48' title="bbox 163 4239 678 4304; baseline -0.01 -16"><span class='ocrx_word' id='word_1_389' title='bbox 163 4248 271 4302; x_wconf 85' lang='lat' dir='ltr'>pocrates</span> <span class='ocrx_word' id='word_1_390' title='bbox 282 4249 307 4290; x_wconf 88' lang='lat' dir='ltr'>et</span> <span class='ocrx_word' id='word_1_391' title='bbox 318 4242 454 4304; x_wconf 71' lang='lat' dir='ltr'>Epicydasr</span> <span class='ocrx_word' id='word_1_392' title='bbox 472 4241 514 4302; x_wconf 90' lang='lat' dir='ltr'>qui</span> <span class='ocrx_word' id='word_1_393' title='bbox 535 4242 609 4302; x_wconf 83' lang='lat' dir='ltr'>partis</span> <span class='ocrx_word' id='word_1_394' title='bbox 630 4239 678 4286; x_wconf 81' lang='lat' dir='ltr'>llo·</span> 
     </span>
    </p>

    <p class='ocr_par' dir='ltr' id='par_1_15' title="bbox 208 4323 790 4383">
     <span class='ocr_line' id='line_1_49' title="bbox 208 4323 790 4383; baseline -0.002 -17"><span class='ocrx_word' id='word_1_395' title='bbox 208 4323 280 4369; x_wconf 82' lang='lat' dir='ltr'>vor..</span> <span class='ocrx_word' id='word_1_396' title='bbox 296 4327 336 4369; x_wconf 87' lang='lat'>11.</span> <span class='ocrx_word' id='word_1_397' title='bbox 770 4323 790 4383; x_wconf 77' lang='grc' dir='ltr'>ρ</span> 
     </span>
    </p>
   </div>
   <div class='ocr_carea' id='block_1_10' title="bbox 0 0 1574 4972">
    <p class='ocr_par' dir='ltr' id='par_1_16' title="bbox 0 0 1574 4972">
     <span class='ocr_line' id='line_1_50' title="bbox 0 0 1574 4972; baseline 0 0"><span class='ocrx_word' id='word_1_398' title='bbox 0 0 1574 4972; x_wconf 95' lang='lat' dir='ltr'> </span> 
     </span>
    </p>
   </div>
  </div>
 </body>
</html>
