<?xml version="1.0" encoding="UTF-8"?>
<!DOCTYPE html PUBLIC "-//W3C//DTD XHTML 1.0 Transitional//EN"
    "http://www.w3.org/TR/xhtml1/DTD/xhtml1-transitional.dtd">
<html xmlns="http://www.w3.org/1999/xhtml" xml:lang="en" lang="en">
 <head>
  <title>
</title>
<meta http-equiv="Content-Type" content="text/html;charset=utf-8" />
  <meta name='ocr-system' content='tesseract 3.04.00' />
  <meta name='ocr-capabilities' content='ocr_page ocr_carea ocr_par ocr_line ocrx_word'/>
</head>
<body>
  <div class='ocr_page' id='page_1' title='image "./tliviipatavinih00crevgoog/tliviipatavinih00crevgoog_0551.png"; bbox 0 0 3060 4960; ppageno 0'>
   <div class='ocr_carea' id='block_1_1' title="bbox 531 559 1282 888">
    <p class='ocr_par' dir='ltr' id='par_1_1' title="bbox 531 559 1282 888">
     <span class='ocr_line' id='line_1_1' title="bbox 531 559 1282 696; baseline 0 -30"><span class='ocrx_word' id='word_1_1' title='bbox 531 564 590 666; x_wconf 82' lang='lat' dir='ltr'><strong>r.</strong></span> <span class='ocrx_word' id='word_1_2' title='bbox 641 559 842 664; x_wconf 76' lang='lat' dir='ltr'><strong>mvn</strong></span> <span class='ocrx_word' id='word_1_3' title='bbox 892 559 1282 696; x_wconf 80' lang='lat' dir='ltr'><strong>PATAVINI</strong></span> 
     </span>
     <span class='ocr_line' id='line_1_2' title="bbox 695 711 1079 888; baseline -0.005 0"><span class='ocrx_word' id='word_1_4' title='bbox 695 711 899 888; x_wconf 72' lang='lat' dir='ltr'><strong>LIBEn</strong></span> <span class='ocrx_word' id='word_1_5' title='bbox 935 803 1079 886; x_wconf 86' lang='lat' dir='ltr'>XXX.</span> 
     </span>
    </p>
   </div>
   <div class='ocr_carea' id='block_1_2' title="bbox 796 1053 988 1097">
    <p class='ocr_par' dir='ltr' id='par_1_2' title="bbox 796 1053 988 1097">
     <span class='ocr_line' id='line_1_3' title="bbox 796 1053 988 1097; baseline 0 0"><span class='ocrx_word' id='word_1_6' title='bbox 796 1053 988 1097; x_wconf 52' lang='lat' dir='ltr'>..Q-.-</span> 
     </span>
    </p>
   </div>
   <div class='ocr_carea' id='block_1_3' title="bbox 198 1190 1487 2854">
    <p class='ocr_par' dir='ltr' id='par_1_3' title="bbox 199 1190 1417 1556">
     <span class='ocr_line' id='line_1_4' title="bbox 199 1190 1413 1314; baseline -0.002 -40"><span class='ocrx_word' id='word_1_7' title='bbox 199 1200 342 1314; x_wconf 52' lang='lat' dir='ltr'><strong>ffigg·</strong></span> <span class='ocrx_word' id='word_1_8' title='bbox 364 1190 445 1273; x_wconf 74' lang='grc' dir='ltr'><strong>ΟΝ.</strong></span> <span class='ocrx_word' id='word_1_9' title='bbox 470 1207 622 1274; x_wconf 86' lang='lat' dir='ltr'><strong>Servilius</strong></span> <span class='ocrx_word' id='word_1_10' title='bbox 649 1207 762 1293; x_wconf 83' lang='lat' dir='ltr'><strong>Coepio</strong></span> <span class='ocrx_word' id='word_1_11' title='bbox 786 1223 818 1275; x_wconf 86' lang='lat' dir='ltr'><strong>et</strong></span> <span class='ocrx_word' id='word_1_12' title='bbox 845 1210 883 1276; x_wconf 90' lang='lat' dir='ltr'><strong>C.</strong></span> <span class='ocrx_word' id='word_1_13' title='bbox 909 1211 1058 1276; x_wconf 87' lang='lat' dir='ltr'><strong>Servilius</strong></span> <span class='ocrx_word' id='word_1_14' title='bbox 1082 1207 1241 1275; x_wconf 86' lang='lat' dir='ltr'><strong>Geminus</strong></span> <span class='ocrx_word' id='word_1_15' title='bbox 1270 1206 1413 1284; x_wconf 85' lang='lat' dir='ltr'><strong>consules,</strong></span> 
     </span>
     <span class='ocr_line' id='line_1_5' title="bbox 332 1293 1416 1382; baseline -0.003 -22"><span class='ocrx_word' id='word_1_16' title='bbox 332 1296 339 1312; x_wconf 86' lang='lat'>&#39;</span> <span class='ocrx_word' id='word_1_17' title='bbox 364 1299 484 1380; x_wconf 86' lang='lat' dir='ltr'><strong>(sextus</strong></span> <span class='ocrx_word' id='word_1_18' title='bbox 498 1295 640 1360; x_wconf 80' lang='lat' dir='ltr'><strong>decimus</strong></span> <span class='ocrx_word' id='word_1_19' title='bbox 654 1293 681 1358; x_wconf 81' lang='lat' dir='ltr'><strong>is</strong></span> <span class='ocrx_word' id='word_1_20' title='bbox 696 1317 797 1360; x_wconf 86' lang='lat' dir='ltr'><strong>annus</strong></span> <span class='ocrx_word' id='word_1_21' title='bbox 812 1296 888 1362; x_wconf 86' lang='lat' dir='ltr'><strong>belli</strong></span> <span class='ocrx_word' id='word_1_22' title='bbox 910 1299 1020 1364; x_wconf 87' lang='lat' dir='ltr'><strong>Punici</strong></span> <span class='ocrx_word' id='word_1_23' title='bbox 1035 1299 1114 1379; x_wconf 86' lang='lat' dir='ltr'><strong>erat)</strong></span> <span class='ocrx_word' id='word_1_24' title='bbox 1130 1317 1229 1382; x_wconf 90' lang='lat' dir='ltr'><strong>quum</strong></span> <span class='ocrx_word' id='word_1_25' title='bbox 1249 1294 1291 1359; x_wconf 93' lang='lat' dir='ltr'><strong>de</strong></span> <span class='ocrx_word' id='word_1_26' title='bbox 1310 1293 1416 1379; x_wconf 87' lang='lat' dir='ltr'><strong>repub-</strong></span> 
     </span>
     <span class='ocr_line' id='line_1_6' title="bbox 199 1379 1417 1466; baseline -0.004 -18"><span class='ocrx_word' id='word_1_27' title='bbox 199 1397 338 1448; x_wconf 64' lang='lat' dir='ltr'><strong>rmteeie</strong></span> <span class='ocrx_word' id='word_1_28' title='bbox 362 1379 425 1446; x_wconf 85' lang='lat' dir='ltr'><strong>lica</strong></span> <span class='ocrx_word' id='word_1_29' title='bbox 448 1381 594 1466; x_wconf 90' lang='lat' dir='ltr'><strong>belloque</strong></span> <span class='ocrx_word' id='word_1_30' title='bbox 614 1393 645 1445; x_wconf 88' lang='lat' dir='ltr'><strong>et</strong></span> <span class='ocrx_word' id='word_1_31' title='bbox 666 1383 836 1466; x_wconf 87' lang='lat' dir='ltr'><strong>provinciis</strong></span> <span class='ocrx_word' id='word_1_32' title='bbox 853 1383 892 1448; x_wconf 84' lang='lat' dir='ltr'><strong>ad</strong></span> <span class='ocrx_word' id='word_1_33' title='bbox 917 1393 1061 1449; x_wconf 85' lang='lat' dir='ltr'><strong>senatum</strong></span> <span class='ocrx_word' id='word_1_34' title='bbox 1084 1383 1278 1459; x_wconf 88' lang='lat' dir='ltr'><strong>retulissent,</strong></span> <span class='ocrx_word' id='word_1_35' title='bbox 1300 1402 1417 1445; x_wconf 83' lang='lat' dir='ltr'><strong>censue·</strong></span> 
     </span>
     <span class='ocr_line' id='line_1_7' title="bbox 363 1467 1414 1556; baseline -0.004 -23"><span class='ocrx_word' id='word_1_36' title='bbox 363 1479 440 1533; x_wconf 86' lang='lat' dir='ltr'><strong>runt</strong></span> <span class='ocrx_word' id='word_1_37' title='bbox 455 1468 577 1544; x_wconf 83' lang='lat' dir='ltr'><strong>Patres,</strong></span> <span class='ocrx_word' id='word_1_38' title='bbox 593 1480 628 1531; x_wconf 92' lang='lat' dir='ltr'><strong>ut</strong></span> <span class='ocrx_word' id='word_1_39' title='bbox 643 1467 785 1534; x_wconf 88' lang='lat' dir='ltr'><strong>consules</strong></span> <span class='ocrx_word' id='word_1_40' title='bbox 799 1470 882 1534; x_wconf 87' lang='lat' dir='ltr'><strong>inter</strong></span> <span class='ocrx_word' id='word_1_41' title='bbox 897 1493 931 1536; x_wconf 89' lang='lat' dir='ltr'><strong>se</strong></span> <span class='ocrx_word' id='word_1_42' title='bbox 942 1482 1173 1556; x_wconf 78' lang='lat' dir='ltr'><strong>compararent,</strong></span> <span class='ocrx_word' id='word_1_43' title='bbox 1186 1469 1414 1540; x_wconf 85' lang='lat' dir='ltr'><strong>sortirenturve,</strong></span> 
     </span>
    </p>

    <p class='ocr_par' dir='ltr' id='par_1_4' title="bbox 363 1553 1417 1639">
     <span class='ocr_line' id='line_1_8' title="bbox 363 1553 1417 1639; baseline -0.004 -19"><span class='ocrx_word' id='word_1_44' title='bbox 363 1567 434 1620; x_wconf 90' lang='lat' dir='ltr'><strong>uter</strong></span> <span class='ocrx_word' id='word_1_45' title='bbox 452 1553 593 1620; x_wconf 86' lang='lat' dir='ltr'><strong>Bruttios</strong></span> <span class='ocrx_word' id='word_1_46' title='bbox 607 1553 755 1620; x_wconf 74' lang='lat' dir='ltr'><strong>adverms</strong></span> <span class='ocrx_word' id='word_1_47' title='bbox 771 1555 999 1634; x_wconf 86' lang='lat' dir='ltr'><strong>Hannibalern,</strong></span> <span class='ocrx_word' id='word_1_48' title='bbox 1010 1569 1079 1623; x_wconf 91' lang='lat' dir='ltr'><strong>uter</strong></span> <span class='ocrx_word' id='word_1_49' title='bbox 1094 1555 1257 1620; x_wconf 81' lang='lat' dir='ltr'><strong>Etruriam</strong></span> <span class='ocrx_word' id='word_1_50' title='bbox 1274 1577 1311 1619; x_wconf 88' lang='lat' dir='ltr'><strong>ac</strong></span> <span class='ocrx_word' id='word_1_51' title='bbox 1326 1553 1417 1639; x_wconf 86' lang='lat' dir='ltr'><strong>Ligu-</strong></span> 
     </span>
    </p>

    <p class='ocr_par' dir='ltr' id='par_1_5' title="bbox 362 1640 1413 1726">
     <span class='ocr_line' id='line_1_9' title="bbox 362 1640 1413 1726; baseline -0.003 -21"><span class='ocrx_word' id='word_1_52' title='bbox 362 1663 414 1706; x_wconf 84' lang='lat' dir='ltr'><strong>res</strong></span> <span class='ocrx_word' id='word_1_53' title='bbox 438 1641 635 1726; x_wconf 85' lang='lat' dir='ltr'><strong>provinciam</strong></span> <span class='ocrx_word' id='word_1_54' title='bbox 660 1640 798 1707; x_wconf 82' lang='lat' dir='ltr'><strong>haberet</strong></span> <span class='ocrx_word' id='word_1_55' title='bbox 826 1643 877 1706; x_wconf 83' lang='lat' dir='ltr'><strong>tui</strong></span> <span class='ocrx_word' id='word_1_56' title='bbox 903 1643 1020 1708; x_wconf 87' lang='lat' dir='ltr'><strong>Bruttii</strong></span> <span class='ocrx_word' id='word_1_57' title='bbox 1042 1643 1227 1719; x_wconf 86' lang='lat' dir='ltr'><strong>evenissent,</strong></span> <span class='ocrx_word' id='word_1_58' title='bbox 1250 1640 1413 1706; x_wconf 85' lang='lat' dir='ltr'><strong>exercitum</strong></span> 
     </span>
    </p>

    <p class='ocr_par' dir='ltr' id='par_1_6' title="bbox 198 1725 1417 1988">
     <span class='ocr_line' id='line_1_10' title="bbox 201 1725 1415 1828; baseline -0.004 -35"><span class='ocrx_word' id='word_1_59' title='bbox 201 1733 264 1811; x_wconf 56' lang='lat'><strong>¹3⁸9</strong></span> <span class='ocrx_word' id='word_1_60' title='bbox 275 1731 301 1793; x_wconf 55' lang='lat' dir='ltr'><strong>l’s</strong></span> <span class='ocrx_word' id='word_1_61' title='bbox 312 1729 354 1780; x_wconf 63' lang='lat'><strong>¹⁴5·</strong></span> <span class='ocrx_word' id='word_1_62' title='bbox 363 1725 404 1792; x_wconf 88' lang='lat' dir='ltr'><strong>¹a</strong></span> <span class='ocrx_word' id='word_1_63' title='bbox 416 1726 454 1794; x_wconf 87' lang='lat' dir='ltr'><strong>P.</strong></span> <span class='ocrx_word' id='word_1_64' title='bbox 466 1727 679 1811; x_wconf 83' lang='lat' dir='ltr'><strong>Sempronio·</strong></span> <span class='ocrx_word' id='word_1_65' title='bbox 692 1730 859 1815; x_wconf 86' lang='lat' dir='ltr'><strong>acciperet.</strong></span> <span class='ocrx_word' id='word_1_66' title='bbox 883 1729 920 1794; x_wconf 93' lang='lat' dir='ltr'><strong>P.</strong></span> <span class='ocrx_word' id='word_1_67' title='bbox 935 1729 1140 1816; x_wconf 80' lang='lat' dir='ltr'>Sempronius</span> <span class='ocrx_word' id='word_1_68' title='bbox 1153 1728 1193 1812; x_wconf 85' lang='lat' dir='ltr'><strong>(ei</strong></span> <span class='ocrx_word' id='word_1_69' title='bbox 1226 1725 1415 1828; x_wconf 80' lang='lat' dir='ltr'><strong>unqueenim</strong></span> 
     </span>
     <span class='ocr_line' id='line_1_11' title="bbox 198 1811 1415 1901; baseline -0.003 -22"><span class='ocrx_word' id='word_1_70' title='bbox 198 1811 265 1846; x_wconf 62' lang='lat'>“¹¹¹²</span> <span class='ocrx_word' id='word_1_71' title='bbox 362 1813 547 1900; x_wconf 82' lang='lat' dir='ltr'><strong>proconsuli</strong></span> <span class='ocrx_word' id='word_1_72' title='bbox 557 1814 723 1900; x_wconf 86' lang='lat' dir='ltr'><strong>imperium</strong></span> <span class='ocrx_word' id='word_1_73' title='bbox 734 1815 766 1880; x_wconf 90' lang='lat' dir='ltr'><strong>in</strong></span> <span class='ocrx_word' id='word_1_74' title='bbox 777 1837 893 1880; x_wconf 88' lang='lat' dir='ltr'><strong>annum</strong></span> <span class='ocrx_word' id='word_1_75' title='bbox 904 1837 1000 1901; x_wconf 87' lang='lat' dir='ltr'><strong>proro</strong></span> <span class='ocrx_word' id='word_1_76' title='bbox 1043 1817 1150 1896; x_wconf 87' lang='lat' dir='ltr'><strong>batur)</strong></span> <span class='ocrx_word' id='word_1_77' title='bbox 1164 1814 1203 1879; x_wconf 91' lang='lat' dir='ltr'><strong>P.</strong></span> <span class='ocrx_word' id='word_1_78' title='bbox 1245 1811 1415 1880; x_wconf 84' lang='lat' dir='ltr'><strong>iorniosub·</strong></span> 
     </span>
     <span class='ocr_line' id='line_1_12' title="bbox 362 1897 1417 1988; baseline -0.004 -22"><span class='ocrx_word' id='word_1_79' title='bbox 362 1900 507 1966; x_wconf 78' lang='lat' dir='ltr'><strong>cederet:</strong></span> <span class='ocrx_word' id='word_1_80' title='bbox 531 1901 557 1966; x_wconf 92' lang='lat' dir='ltr'><strong>is</strong></span> <span class='ocrx_word' id='word_1_81' title='bbox 575 1901 712 1968; x_wconf 83' lang='lat' dir='ltr'><strong>Romam</strong></span> <span class='ocrx_word' id='word_1_82' title='bbox 724 1915 942 1979; x_wconf 82' lang='lat' dir='ltr'>reverteretur,</span> <span class='ocrx_word' id='word_1_83' title='bbox 953 1902 1004 1966; x_wconf 87' lang='lat' dir='ltr'><strong>bel</strong></span> <span class='ocrx_word' id='word_1_84' title='bbox 1016 1925 1036 1967; x_wconf 94' lang='lat' dir='ltr'><strong>o</strong></span> <span class='ocrx_word' id='word_1_85' title='bbox 1047 1900 1289 1988; x_wconf 89' lang='lat' dir='ltr'><strong>quoquebonus</strong></span> <span class='ocrx_word' id='word_1_86' title='bbox 1304 1897 1417 1964; x_wconf 88' lang='lat' dir='ltr'><strong>habitus</strong></span> 
     </span>
    </p>

    <p class='ocr_par' dir='ltr' id='par_1_7' title="bbox 362 1985 1417 2075">
     <span class='ocr_line' id='line_1_13' title="bbox 362 1985 1417 2075; baseline -0.004 -23"><span class='ocrx_word' id='word_1_87' title='bbox 362 1987 429 2068; x_wconf 77' lang='lat' dir='ltr'><strong>’ad</strong></span> <span class='ocrx_word' id='word_1_88' title='bbox 443 2000 556 2064; x_wconf 83' lang='lat' dir='ltr'><strong>cetera,</strong></span> <span class='ocrx_word' id='word_1_89' title='bbox 571 1987 686 2074; x_wconf 89' lang='lat' dir='ltr'><strong>quibus</strong></span> <span class='ocrx_word' id='word_1_90' title='bbox 701 2010 795 2054; x_wconf 88' lang='lat' dir='ltr'><strong>nemo</strong></span> <span class='ocrx_word' id='word_1_91' title='bbox 808 2013 848 2054; x_wconf 85' lang='lat' dir='ltr'><strong>ea</strong></span> <span class='ocrx_word' id='word_1_92' title='bbox 856 2000 1041 2075; x_wconf 84' lang='lat' dir='ltr'><strong>tempestate</strong></span> <span class='ocrx_word' id='word_1_93' title='bbox 1051 1988 1237 2053; x_wconf 80' lang='lat' dir='ltr'>instructior</span> <span class='ocrx_word' id='word_1_94' title='bbox 1246 1985 1324 2052; x_wconf 84' lang='lat' dir='ltr'><strong>civis</strong></span> <span class='ocrx_word' id='word_1_95' title='bbox 1332 1985 1417 2049; x_wconf 84' lang='lat' dir='ltr'><strong>babe-</strong></span> 
     </span>
    </p>

    <p class='ocr_par' dir='ltr' id='par_1_8' title="bbox 364 2071 1417 2162">
     <span class='ocr_line' id='line_1_14' title="bbox 364 2071 1417 2162; baseline -0.006 -24"><span class='ocrx_word' id='word_1_96' title='bbox 364 2076 470 2152; x_wconf 87' lang='lat' dir='ltr'><strong>batur,</strong></span> <span class='ocrx_word' id='word_1_97' title='bbox 486 2075 643 2162; x_wconf 78' lang='lat' dir='ltr'><strong>congestis</strong></span> <span class='ocrx_word' id='word_1_98' title='bbox 654 2075 800 2140; x_wconf 89' lang='lat' dir='ltr'><strong>omnibus</strong></span> <span class='ocrx_word' id='word_1_99' title='bbox 810 2075 986 2141; x_wconf 86' lang='lat' dir='ltr'><strong>humanisa</strong></span> <span class='ocrx_word' id='word_1_100' title='bbox 996 2087 1111 2162; x_wconf 86' lang='lat' dir='ltr'><strong>natura</strong></span> <span class='ocrx_word' id='word_1_101' title='bbox 1120 2072 1317 2160; x_wconf 88' lang='lat' dir='ltr'><strong>fortunaque</strong></span> <span class='ocrx_word' id='word_1_102' title='bbox 1328 2071 1417 2137; x_wconf 89' lang='lat' dir='ltr'><strong>bonis.</strong></span> 
     </span>
    </p>

    <p class='ocr_par' dir='ltr' id='par_1_9' title="bbox 282 2159 1487 2521">
     <span class='ocr_line' id='line_1_15' title="bbox 282 2159 1415 2248; baseline -0.006 -20"><span class='ocrx_word' id='word_1_103' title='bbox 282 2167 285 2176; x_wconf 80' lang='grc'><strong>“</strong></span> <span class='ocrx_word' id='word_1_104' title='bbox 365 2160 492 2229; x_wconf 82' lang='lat' dir='ltr'>Nobilis</span> <span class='ocrx_word' id='word_1_105' title='bbox 510 2160 596 2225; x_wconf 88' lang='lat' dir='ltr'><strong>idem</strong></span> <span class='ocrx_word' id='word_1_106' title='bbox 617 2183 653 2226; x_wconf 84' lang='lat' dir='ltr'><strong>aa</strong></span> <span class='ocrx_word' id='word_1_107' title='bbox 672 2161 759 2226; x_wconf 85' lang='lat' dir='ltr'><strong>dives</strong></span> <span class='ocrx_word' id='word_1_108' title='bbox 778 2175 862 2228; x_wconf 84' lang='lat' dir='ltr'><strong>erat:</strong></span> <span class='ocrx_word' id='word_1_109' title='bbox 885 2161 987 2228; x_wconf 84' lang='lat' dir='ltr'><strong>forma</strong></span> <span class='ocrx_word' id='word_1_110' title='bbox 1006 2162 1189 2248; x_wconf 86' lang='lat' dir='ltr'><strong>viribusque</strong></span> <span class='ocrx_word' id='word_1_111' title='bbox 1211 2159 1357 2246; x_wconf 84' lang='lat' dir='ltr'><strong>corporis</strong></span> <span class='ocrx_word' id='word_1_112' title='bbox 1370 2179 1415 2221; x_wconf 81' lang='lat' dir='ltr'><strong>ax·</strong></span> 
     </span>
     <span class='ocr_line' id='line_1_16' title="bbox 363 2243 1487 2326; baseline -0.007 -12"><span class='ocrx_word' id='word_1_113' title='bbox 363 2247 509 2314; x_wconf 87' lang='lat' dir='ltr'><strong>oellebat.</strong></span> <span class='ocrx_word' id='word_1_114' title='bbox 543 2247 797 2313; x_wconf 85' lang='lat' dir='ltr'><strong>Facundissimus</strong></span> <span class='ocrx_word' id='word_1_115' title='bbox 812 2247 999 2326; x_wconf 84' lang='lat' dir='ltr'><strong>habebatur,</strong></span> <span class='ocrx_word' id='word_1_116' title='bbox 1012 2271 1068 2314; x_wconf 87' lang='lat' dir='ltr'><strong>seu</strong></span> <span class='ocrx_word' id='word_1_117' title='bbox 1082 2270 1191 2313; x_wconf 87' lang='lat' dir='ltr'><strong>caussa</strong></span> <span class='ocrx_word' id='word_1_118' title='bbox 1202 2246 1336 2324; x_wconf 89' lang='lat' dir='ltr'><strong>oranda,</strong></span> <span class='ocrx_word' id='word_1_119' title='bbox 1349 2243 1416 2308; x_wconf 68' lang='lat' dir='ltr'><strong>lseu</strong></span> <span class='ocrx_word' id='word_1_120' title='bbox 1486 2243 1487 2266; x_wconf 63' lang='lat'>¹</span> 
     </span>
     <span class='ocr_line' id='line_1_17' title="bbox 361 2332 1413 2420; baseline -0.007 -20"><span class='ocrx_word' id='word_1_121' title='bbox 361 2335 395 2400; x_wconf 90' lang='lat' dir='ltr'><strong>iu</strong></span> <span class='ocrx_word' id='word_1_122' title='bbox 410 2349 521 2402; x_wconf 89' lang='lat' dir='ltr'><strong>senatu</strong></span> <span class='ocrx_word' id='word_1_123' title='bbox 536 2334 597 2400; x_wconf 76' lang='lat' dir='ltr'><strong>udl</strong></span> <span class='ocrx_word' id='word_1_124' title='bbox 612 2334 767 2420; x_wconf 87' lang='lat' dir='ltr'><strong>populum</strong></span> <span class='ocrx_word' id='word_1_125' title='bbox 781 2334 934 2400; x_wconf 86' lang='lat' dir='ltr'><strong>suadendi</strong></span> <span class='ocrx_word' id='word_1_126' title='bbox 949 2357 987 2400; x_wconf 87' lang='lat' dir='ltr'><strong>ac</strong></span> <span class='ocrx_word' id='word_1_127' title='bbox 1007 2334 1210 2400; x_wconf 70' lang='lat' dir='ltr'><strong>dissuadendi</strong></span> <span class='ocrx_word' id='word_1_128' title='bbox 1225 2332 1315 2398; x_wconf 82' lang='lat' dir='ltr'><strong>locus</strong></span> <span class='ocrx_word' id='word_1_129' title='bbox 1328 2341 1413 2396; x_wconf 87' lang='lat' dir='ltr'><strong>esset:</strong></span> 
     </span>
     <span class='ocr_line' id='line_1_18' title="bbox 362 2420 1417 2521; baseline -0.006 -35"><span class='ocrx_word' id='word_1_130' title='bbox 362 2420 376 2460; x_wconf 85' lang='lat'><strong>⁴</strong></span> <span class='ocrx_word' id='word_1_131' title='bbox 382 2421 465 2508; x_wconf 86' lang='lat' dir='ltr'><strong>juris</strong></span> <span class='ocrx_word' id='word_1_132' title='bbox 479 2422 634 2509; x_wconf 87' lang='lat' dir='ltr'><strong>pontificii</strong></span> <span class='ocrx_word' id='word_1_133' title='bbox 649 2421 869 2507; x_wconf 86' lang='lat' dir='ltr'><strong>peritissimus.</strong></span> <span class='ocrx_word' id='word_1_134' title='bbox 915 2422 1019 2508; x_wconf 84' lang='lat' dir='ltr'><strong>Super</strong></span> <span class='ocrx_word' id='word_1_135' title='bbox 1038 2423 1117 2499; x_wconf 83' lang='lat' dir='ltr'><strong>boec,</strong></span> <span class='ocrx_word' id='word_1_136' title='bbox 1133 2420 1282 2486; x_wconf 80' lang='lat' dir='ltr'><strong>⁶bellieae</strong></span> <span class='ocrx_word' id='word_1_137' title='bbox 1304 2437 1417 2521; x_wconf 88' lang='lat' dir='ltr'><strong>qnoque</strong></span> 
     </span>
    </p>

    <p class='ocr_par' dir='ltr' id='par_1_10' title="bbox 271 2505 1486 2854">
     <span class='ocr_line' id='line_1_19' title="bbox 271 2505 1416 2594; baseline -0.005 -22"><span class='ocrx_word' id='word_1_138' title='bbox 271 2581 274 2592; x_wconf 33' lang='grc' dir='ltr'>Ι</span> <span class='ocrx_word' id='word_1_139' title='bbox 363 2505 490 2572; x_wconf 79' lang='lat' dir='ltr'><strong>laudis·</strong></span> <span class='ocrx_word' id='word_1_140' title='bbox 504 2509 685 2574; x_wconf 87' lang='lat' dir='ltr'><strong>consulatus</strong></span> <span class='ocrx_word' id='word_1_141' title='bbox 701 2523 881 2594; x_wconf 86' lang='lat' dir='ltr'><strong>compotem</strong></span> <span class='ocrx_word' id='word_1_142' title='bbox 896 2507 1022 2572; x_wconf 85' lang='lat' dir='ltr'><strong>lecerat.</strong></span> <span class='ocrx_word' id='word_1_143' title='bbox 1045 2508 1144 2586; x_wconf 90' lang='lat' dir='ltr'><strong>Quod</strong></span> <span class='ocrx_word' id='word_1_144' title='bbox 1157 2508 1190 2572; x_wconf 90' lang='lat' dir='ltr'><strong>in</strong></span> <span class='ocrx_word' id='word_1_145' title='bbox 1204 2505 1340 2572; x_wconf 85' lang='lat' dir='ltr'><strong>Bruttits</strong></span> <span class='ocrx_word' id='word_1_146' title='bbox 1354 2525 1416 2590; x_wconf 88' lang='lat' dir='ltr'><strong>pro·</strong></span> 
     </span>
     <span class='ocr_line' id='line_1_20' title="bbox 363 2591 1415 2682; baseline -0.004 -23"><span class='ocrx_word' id='word_1_147' title='bbox 363 2593 479 2674; x_wconf 81' lang='lat' dir='ltr'><strong>vincia,</strong></span> <span class='ocrx_word' id='word_1_148' title='bbox 491 2594 575 2659; x_wconf 86' lang='lat' dir='ltr'><strong>idem</strong></span> <span class='ocrx_word' id='word_1_149' title='bbox 591 2596 623 2659; x_wconf 91' lang='lat' dir='ltr'><strong>in</strong></span> <span class='ocrx_word' id='word_1_150' title='bbox 640 2597 768 2660; x_wconf 87' lang='lat' dir='ltr'><strong>Etruria</strong></span> <span class='ocrx_word' id='word_1_151' title='bbox 780 2618 818 2660; x_wconf 91' lang='lat' dir='ltr'><strong>ac</strong></span> <span class='ocrx_word' id='word_1_152' title='bbox 834 2594 1006 2682; x_wconf 88' lang='lat' dir='ltr'><strong>Liguribus</strong></span> <span class='ocrx_word' id='word_1_153' title='bbox 1017 2594 1190 2660; x_wconf 85' lang='lat' dir='ltr'><strong>decretum.</strong></span> <span class='ocrx_word' id='word_1_154' title='bbox 1238 2593 1290 2658; x_wconf 89' lang='lat' dir='ltr'><strong>M.</strong></span> <span class='ocrx_word' id='word_1_155' title='bbox 1308 2591 1415 2659; x_wconf 83' lang='lat' dir='ltr'><strong>Corne·</strong></span> 
     </span>
     <span class='ocr_line' id='line_1_21' title="bbox 363 2679 1486 2768; baseline -0.005 -23"><span class='ocrx_word' id='word_1_156' title='bbox 363 2679 425 2746; x_wconf 83' lang='lat' dir='ltr'><strong>line</strong></span> <span class='ocrx_word' id='word_1_157' title='bbox 438 2703 523 2746; x_wconf 87' lang='lat' dir='ltr'><strong>novo</strong></span> <span class='ocrx_word' id='word_1_158' title='bbox 537 2681 659 2747; x_wconf 88' lang='lat' dir='ltr'><strong>consuli</strong></span> <span class='ocrx_word' id='word_1_159' title='bbox 678 2682 803 2748; x_wconf 85' lang='lat' dir='ltr'><strong>tradere</strong></span> <span class='ocrx_word' id='word_1_160' title='bbox 825 2681 997 2746; x_wconf 84' lang='lat' dir='ltr'><strong>exercitum</strong></span> <span class='ocrx_word' id='word_1_161' title='bbox 1015 2683 1138 2768; x_wconf 87' lang='lat' dir='ltr'><strong>jussus:</strong></span> <span class='ocrx_word' id='word_1_162' title='bbox 1161 2681 1240 2766; x_wconf 89' lang='lat' dir='ltr'><strong>ipse,</strong></span> <span class='ocrx_word' id='word_1_163' title='bbox 1257 2687 1416 2766; x_wconf 79' lang='lat' dir='ltr'><strong>prorogato</strong></span> <span class='ocrx_word' id='word_1_164' title='bbox 1485 2723 1486 2752; x_wconf 49' lang='lat'><strong>,</strong></span> 
     </span>
     <span class='ocr_line' id='line_1_22' title="bbox 365 2754 1486 2854; baseline -0.006 -22"><span class='ocrx_word' id='word_1_165' title='bbox 365 2767 510 2854; x_wconf 87' lang='lat' dir='ltr'><strong>irnperio,</strong></span> <span class='ocrx_word' id='word_1_166' title='bbox 536 2768 675 2834; x_wconf 87' lang='lat' dir='ltr'><strong>Galliam</strong></span> <span class='ocrx_word' id='word_1_167' title='bbox 697 2769 894 2854; x_wconf 84' lang='lat' dir='ltr'><strong>provinciam</strong></span> <span class='ocrx_word' id='word_1_168' title='bbox 919 2768 1063 2834; x_wconf 86' lang='lat' dir='ltr'><strong>obtinere</strong></span> <span class='ocrx_word' id='word_1_169' title='bbox 1084 2789 1156 2832; x_wconf 86' lang='lat' dir='ltr'><strong>oum</strong></span> <span class='ocrx_word' id='word_1_170' title='bbox 1177 2765 1354 2854; x_wconf 81' lang='lat' dir='ltr'><strong>legionibus</strong></span> <span class='ocrx_word' id='word_1_171' title='bbox 1378 2763 1415 2835; x_wconf 86' lang='lat' dir='ltr'><strong>iis,</strong></span> <span class='ocrx_word' id='word_1_172' title='bbox 1485 2754 1486 2782; x_wconf 63' lang='lat'>¹</span> 
     </span>
    </p>
   </div>
   <div class='ocr_carea' id='block_1_4' title="bbox 284 2849 1415 3114">
    <p class='ocr_par' dir='ltr' id='par_1_11' title="bbox 284 2849 1415 3114">
     <span class='ocr_line' id='line_1_23' title="bbox 361 2849 1415 3004; baseline -0.007 -84"><span class='ocrx_word' id='word_1_173' title='bbox 361 2877 442 3004; x_wconf 58' lang='lat' dir='ltr'><strong>dms</strong></span> <span class='ocrx_word' id='word_1_174' title='bbox 458 2868 579 2941; x_wconf 79' lang='lat' dir='ltr'><strong>praetor</strong></span> <span class='ocrx_word' id='word_1_175' title='bbox 602 2855 642 2920; x_wconf 92' lang='lat' dir='ltr'><strong>L.</strong></span> <span class='ocrx_word' id='word_1_176' title='bbox 659 2855 843 2926; x_wconf 83' lang='lat' dir='ltr'><strong>Scribonius</strong></span> <span class='ocrx_word' id='word_1_177' title='bbox 861 2855 970 2940; x_wconf 87' lang='lat' dir='ltr'><strong>priore</strong></span> <span class='ocrx_word' id='word_1_178' title='bbox 994 2876 1081 2919; x_wconf 90' lang='lat' dir='ltr'><strong>anno</strong></span> <span class='ocrx_word' id='word_1_179' title='bbox 1099 2852 1272 2920; x_wconf 83' lang='lat' dir='ltr'><strong>habuisset.</strong></span> <span class='ocrx_word' id='word_1_180' title='bbox 1319 2849 1415 2917; x_wconf 83' lang='lat' dir='ltr'><strong>Sortiti</strong></span> 
     </span>
     <span class='ocr_line' id='line_1_24' title="bbox 284 2937 1415 3026; baseline -0.005 -21"><span class='ocrx_word' id='word_1_181' title='bbox 284 2947 285 2952; x_wconf 75' lang='grc'>’</span> <span class='ocrx_word' id='word_1_182' title='bbox 386 2940 479 3004; x_wconf 89' lang='lat' dir='ltr'><strong>einde</strong></span> <span class='ocrx_word' id='word_1_183' title='bbox 492 2941 691 3026; x_wconf 86' lang='lat' dir='ltr'><strong>provincias:</strong></span> <span class='ocrx_word' id='word_1_184' title='bbox 716 2941 860 3026; x_wconf 74' lang='lat' dir='ltr'><strong>Caepioni</strong></span> <span class='ocrx_word' id='word_1_185' title='bbox 881 2940 1011 3018; x_wconf 91' lang='lat' dir='ltr'><strong>Bruttii,</strong></span> <span class='ocrx_word' id='word_1_186' title='bbox 1025 2939 1158 3006; x_wconf 86' lang='lat' dir='ltr'><strong>Servilio</strong></span> <span class='ocrx_word' id='word_1_187' title='bbox 1174 2939 1316 3004; x_wconf 89' lang='lat' dir='ltr'><strong>Gemino</strong></span> <span class='ocrx_word' id='word_1_188' title='bbox 1330 2937 1415 3002; x_wconf 89' lang='lat' dir='ltr'><strong>Etru-</strong></span> 
     </span>
     <span class='ocr_line' id='line_1_25' title="bbox 362 3027 1415 3114; baseline -0.005 -23"><span class='ocrx_word' id='word_1_189' title='bbox 362 3028 412 3092; x_wconf 86' lang='lat' dir='ltr'><strong>ria</strong></span> <span class='ocrx_word' id='word_1_190' title='bbox 425 3028 540 3095; x_wconf 86' lang='lat' dir='ltr'><strong>evenit.</strong></span> <span class='ocrx_word' id='word_1_191' title='bbox 585 3027 671 3094; x_wconf 88' lang='lat' dir='ltr'><strong>Tum</strong></span> <span class='ocrx_word' id='word_1_192' title='bbox 693 3040 866 3114; x_wconf 68' lang='lat' dir='ltr'><strong>praetorum</strong></span> <span class='ocrx_word' id='word_1_193' title='bbox 885 3027 1057 3113; x_wconf 75' lang='lat' dir='ltr'><strong>provinciae</strong></span> <span class='ocrx_word' id='word_1_194' title='bbox 1078 3028 1113 3092; x_wconf 83' lang='lat' dir='ltr'><strong>iu</strong></span> <span class='ocrx_word' id='word_1_195' title='bbox 1132 3027 1415 3113; x_wconf 86' lang='lat' dir='ltr'><strong>sortem&#39;conjectae.</strong></span> 
     </span>
    </p>
   </div>
   <div class='ocr_carea' id='block_1_5' title="bbox 458 3182 1333 3237">
    <p class='ocr_par' dir='ltr' id='par_1_12' title="bbox 458 3182 1333 3237">
     <span class='ocr_line' id='line_1_26' title="bbox 458 3182 1333 3237; baseline -0.001 -4"><span class='ocrx_word' id='word_1_196' title='bbox 458 3185 539 3233; x_wconf 66' lang='lat' dir='ltr'><strong>uda</strong></span> <span class='ocrx_word' id='word_1_197' title='bbox 553 3185 741 3237; x_wconf 61' lang='lat' dir='ltr'><strong>moron.</strong></span> <span class='ocrx_word' id='word_1_198' title='bbox 873 3182 1029 3234; x_wconf 68' lang='lat' dir='ltr'><strong>beredune.</strong></span> <span class='ocrx_word' id='word_1_199' title='bbox 1156 3183 1333 3233; x_wconf 53' lang='grc' dir='ltr'><strong>(ΜΝ.</strong></span> 
     </span>
    </p>
   </div>
   <div class='ocr_carea' id='block_1_6' title="bbox 358 3311 1484 4364">
    <p class='ocr_par' dir='ltr' id='par_1_13' title="bbox 359 3311 1484 3698">
     <span class='ocr_line' id='line_1_27' title="bbox 397 3311 1414 3382; baseline -0.003 -15"><span class='ocrx_word' id='word_1_200' title='bbox 397 3327 407 3367; x_wconf 83' lang='grc'>1</span> <span class='ocrx_word' id='word_1_201' title='bbox 426 3319 453 3366; x_wconf 83' lang='grc' dir='ltr'><em>Α</em></span> <span class='ocrx_word' id='word_1_202' title='bbox 470 3318 501 3365; x_wconf 85' lang='grc' dir='ltr'><strong>Ρ.</strong></span> <span class='ocrx_word' id='word_1_203' title='bbox 514 3317 665 3382; x_wconf 75' lang='lat' dir='ltr'><strong>Sessprosio]</strong></span> <span class='ocrx_word' id='word_1_204' title='bbox 686 3319 798 3382; x_wconf 72' lang='lat' dir='ltr'><strong>Sigonius</strong></span> <span class='ocrx_word' id='word_1_205' title='bbox 814 3319 877 3379; x_wconf 72' lang='lat' dir='ltr'><strong>sille-</strong></span> <span class='ocrx_word' id='word_1_206' title='bbox 911 3319 969 3366; x_wconf 80' lang='lat' dir='ltr'><strong>tiles</strong></span> <span class='ocrx_word' id='word_1_207' title='bbox 982 3318 1098 3368; x_wconf 67' lang='lat' dir='ltr'><strong>nennius</strong></span> <span class='ocrx_word' id='word_1_208' title='bbox 1113 3317 1140 3365; x_wconf 86' lang='lat' dir='ltr'><strong>P.</strong></span> <span class='ocrx_word' id='word_1_209' title='bbox 1156 3317 1263 3366; x_wconf 76' lang='lat' dir='ltr'><strong>Licinius</strong></span> <span class='ocrx_word' id='word_1_210' title='bbox 1282 3319 1340 3366; x_wconf 82' lang='lat' dir='ltr'><strong>erat.</strong></span> <span class='ocrx_word' id='word_1_211' title='bbox 1369 3311 1414 3359; x_wconf 56' lang='lat' dir='ltr'><strong>llo</strong></span> 
     </span>
     <span class='ocr_line' id='line_1_28' title="bbox 361 3377 1484 3448; baseline -0.01 -14"><span class='ocrx_word' id='word_1_212' title='bbox 361 3390 425 3434; x_wconf 84' lang='lat' dir='ltr'><strong>eerst</strong></span> <span class='ocrx_word' id='word_1_213' title='bbox 447 3387 556 3433; x_wconf 74' lang='lat' dir='ltr'><strong>mesic.-</strong></span> <span class='ocrx_word' id='word_1_214' title='bbox 574 3399 645 3448; x_wconf 81' lang='lat' dir='ltr'><strong>qoam</strong></span> <span class='ocrx_word' id='word_1_215' title='bbox 663 3397 744 3432; x_wconf 81' lang='lat' dir='ltr'><strong>reeens</strong></span> <span class='ocrx_word' id='word_1_216' title='bbox 764 3391 879 3447; x_wconf 66' lang='lat' dir='ltr'><strong>manunt</strong></span> <span class='ocrx_word' id='word_1_217' title='bbox 910 3383 1262 3446; x_wconf 79' lang='lat' dir='ltr'><strong>laudeturineoperitisjnris</strong></span> <span class='ocrx_word' id='word_1_218' title='bbox 1273 3377 1389 3445; x_wconf 61' lang='lat' dir='ltr'><strong>matildi.</strong></span> <span class='ocrx_word' id='word_1_219' title='bbox 1483 3429 1484 3442; x_wconf 13' lang='grc' dir='ltr'>ἵ</span> 
     </span>
     <span class='ocr_line' id='line_1_29' title="bbox 360 3445 1415 3512; baseline -0.003 -13"><span class='ocrx_word' id='word_1_220' title='bbox 360 3452 438 3500; x_wconf 82' lang='lat' dir='ltr'><strong>nostri</strong></span> <span class='ocrx_word' id='word_1_221' title='bbox 472 3451 575 3510; x_wconf 77' lang='lat' dir='ltr'><strong>audiens,</strong></span> <span class='ocrx_word' id='word_1_222' title='bbox 600 3457 625 3499; x_wconf 88' lang='lat' dir='ltr'><strong>et</strong></span> <span class='ocrx_word' id='word_1_223' title='bbox 657 3450 742 3498; x_wconf 78' lang='lat' dir='ltr'><strong>nerito</strong></span> <span class='ocrx_word' id='word_1_224' title='bbox 776 3451 879 3511; x_wconf 83' lang='lat' dir='ltr'><strong>quidem.</strong></span> <span class='ocrx_word' id='word_1_225' title='bbox 945 3451 1108 3512; x_wconf 69' lang='lat' dir='ltr'><strong>eliellieaeq</strong></span> <span class='ocrx_word' id='word_1_226' title='bbox 1169 3449 1280 3497; x_wconf 76' lang='lat' dir='ltr'><strong>slossds&#39;s</strong></span> <span class='ocrx_word' id='word_1_227' title='bbox 1295 3445 1415 3496; x_wconf 63' lang='lat' dir='ltr'><strong>mass</strong></span> 
     </span>
     <span class='ocr_line' id='line_1_30' title="bbox 362 3510 1415 3578; baseline -0.006 -13"><span class='ocrx_word' id='word_1_228' title='bbox 362 3517 445 3570; x_wconf 75' lang='lat' dir='ltr'><strong>Quum</strong></span> <span class='ocrx_word' id='word_1_229' title='bbox 462 3517 527 3564; x_wconf 83' lang='lat' dir='ltr'><strong>enirn</strong></span> <span class='ocrx_word' id='word_1_230' title='bbox 546 3518 645 3564; x_wconf 83' lang='lat' dir='ltr'><strong>inierint</strong></span> <span class='ocrx_word' id='word_1_231' title='bbox 664 3516 813 3563; x_wconf 87' lang='lat' dir='ltr'><strong>eonsnlstum</strong></span> <span class='ocrx_word' id='word_1_232' title='bbox 833 3517 878 3563; x_wconf 82' lang='lat' dir='ltr'><strong>cn.</strong></span> <span class='ocrx_word' id='word_1_233' title='bbox 911 3521 1040 3576; x_wconf 69' lang='lat' dir='ltr'><strong>conpetere</strong></span> <span class='ocrx_word' id='word_1_234' title='bbox 1047 3515 1145 3578; x_wconf 80' lang='lat' dir='ltr'><strong>fecerat</strong></span> <span class='ocrx_word' id='word_1_235' title='bbox 1174 3515 1235 3561; x_wconf 79' lang='lat' dir='ltr'><strong>Hae</strong></span> <span class='ocrx_word' id='word_1_236' title='bbox 1255 3518 1292 3561; x_wconf 85' lang='lat' dir='ltr'><strong>est</strong></span> <span class='ocrx_word' id='word_1_237' title='bbox 1305 3510 1371 3560; x_wconf 77' lang='lat' dir='ltr'><strong>lertio</strong></span> <span class='ocrx_word' id='word_1_238' title='bbox 1384 3520 1415 3552; x_wconf 70' lang='lat' dir='ltr'><strong>tt·</strong></span> 
     </span>
     <span class='ocr_line' id='line_1_31' title="bbox 359 3572 1483 3644; baseline -0.011 -13"><span class='ocrx_word' id='word_1_239' title='bbox 359 3589 386 3631; x_wconf 86' lang='lat' dir='ltr'><strong>et</strong></span> <span class='ocrx_word' id='word_1_240' title='bbox 412 3583 440 3630; x_wconf 78' lang='lat' dir='ltr'><strong>c.</strong></span> <span class='ocrx_word' id='word_1_241' title='bbox 469 3582 572 3639; x_wconf 78' lang='lat' dir='ltr'><strong>Servilii,</strong></span> <span class='ocrx_word' id='word_1_242' title='bbox 596 3583 646 3644; x_wconf 79' lang='lat' dir='ltr'><strong>jem</strong></span> <span class='ocrx_word' id='word_1_243' title='bbox 677 3581 704 3629; x_wconf 81' lang='grc' dir='ltr'><strong>Ρ.</strong></span> <span class='ocrx_word' id='word_1_244' title='bbox 727 3580 881 3644; x_wconf 69' lang='lat' dir='ltr'><strong>&amp;nennius</strong></span> <span class='ocrx_word' id='word_1_245' title='bbox 912 3585 990 3628; x_wconf 84' lang='lat' dir='ltr'><strong>teram</strong></span> <span class='ocrx_word' id='word_1_246' title='bbox 1015 3581 1133 3628; x_wconf 77' lang='lat' dir='ltr'><strong>edituram</strong></span> <span class='ocrx_word' id='word_1_247' title='bbox 1160 3585 1185 3628; x_wconf 86' lang='lat' dir='ltr'><strong>et</strong></span> <span class='ocrx_word' id='word_1_248' title='bbox 1212 3581 1352 3642; x_wconf 75' lang='lat' dir='ltr'><strong>scriptorum</strong></span> <span class='ocrx_word' id='word_1_249' title='bbox 1375 3572 1414 3619; x_wconf 78' lang='lat' dir='ltr'><strong>lere</strong></span> <span class='ocrx_word' id='word_1_250' title='bbox 1482 3575 1483 3582; x_wconf 76' lang='grc'>’</span> 
     </span>
     <span class='ocr_line' id='line_1_32' title="bbox 360 3638 1483 3698; baseline -0.006 -1"><span class='ocrx_word' id='word_1_251' title='bbox 360 3649 557 3698; x_wconf 85' lang='lat' dir='ltr'><strong>nonestoonsul.</strong></span> <span class='ocrx_word' id='word_1_252' title='bbox 912 3647 1028 3697; x_wconf 84' lang='lat' dir='ltr'><strong>omnium.</strong></span> <span class='ocrx_word' id='word_1_253' title='bbox 1067 3647 1183 3694; x_wconf 80' lang='lat' dir='ltr'><strong>Gruterus</strong></span> <span class='ocrx_word' id='word_1_254' title='bbox 1210 3645 1307 3692; x_wconf 81' lang='lat' dir='ltr'><strong>dederet</strong></span> <span class='ocrx_word' id='word_1_255' title='bbox 1331 3638 1415 3690; x_wconf 71' lang='lat' dir='ltr'><strong>nuce</strong></span> <span class='ocrx_word' id='word_1_256' title='bbox 1482 3653 1483 3658; x_wconf 74' lang='grc'>’</span> 
     </span>
    </p>

    <p class='ocr_par' dir='ltr' id='par_1_14' title="bbox 358 3703 1482 3958">
     <span class='ocr_line' id='line_1_33' title="bbox 393 3703 1415 3780; baseline -0.004 -18"><span class='ocrx_word' id='word_1_257' title='bbox 393 3721 408 3762; x_wconf 74' lang='lat' dir='ltr'><strong>t</strong></span> <span class='ocrx_word' id='word_1_258' title='bbox 424 3713 468 3762; x_wconf 79' lang='lat' dir='ltr'><strong>Ad</strong></span> <span class='ocrx_word' id='word_1_259' title='bbox 484 3711 574 3777; x_wconf 74' lang='lat' dir='ltr'><strong>cetera]</strong></span> <span class='ocrx_word' id='word_1_260' title='bbox 590 3715 678 3760; x_wconf 76' lang='lat' dir='ltr'><strong>Praeter</strong></span> <span class='ocrx_word' id='word_1_261' title='bbox 695 3716 784 3760; x_wconf 77' lang='lat' dir='ltr'><strong>eeteros</strong></span> <span class='ocrx_word' id='word_1_262' title='bbox 799 3711 880 3758; x_wconf 80' lang='lat' dir='ltr'><strong>laudes</strong></span> <span class='ocrx_word' id='word_1_263' title='bbox 913 3724 1002 3774; x_wconf 71' lang='lat' dir='ltr'><strong>quoque</strong></span> <span class='ocrx_word' id='word_1_264' title='bbox 1011 3713 1094 3759; x_wconf 69' lang='lat' dir='ltr'><strong>hedes</strong></span> <span class='ocrx_word' id='word_1_265' title='bbox 1108 3711 1244 3759; x_wconf 69' lang='lat' dir='ltr'><strong>conum</strong></span> <span class='ocrx_word' id='word_1_266' title='bbox 1259 3703 1415 3780; x_wconf 39' lang='lat' dir='ltr'><strong>mnesteus?-</strong></span> 
     </span>
     <span class='ocr_line' id='line_1_34' title="bbox 358 3770 1413 3840; baseline -0.008 -13"><span class='ocrx_word' id='word_1_267' title='bbox 358 3791 384 3827; x_wconf 87' lang='lat' dir='ltr'><strong>es</strong></span> <span class='ocrx_word' id='word_1_268' title='bbox 403 3786 554 3838; x_wconf 71' lang='lat' dir='ltr'><strong>eramenta,</strong></span> <span class='ocrx_word' id='word_1_269' title='bbox 578 3779 664 3840; x_wconf 84' lang='lat' dir='ltr'><strong>quibos</strong></span> <span class='ocrx_word' id='word_1_270' title='bbox 681 3777 716 3826; x_wconf 87' lang='lat' dir='ltr'><strong>its</strong></span> <span class='ocrx_word' id='word_1_271' title='bbox 734 3777 880 3835; x_wconf 79' lang='lat' dir='ltr'><strong>abundabat,</strong></span> <span class='ocrx_word' id='word_1_272' title='bbox 912 3783 1009 3826; x_wconf 73' lang='lat' dir='ltr'><strong>meets</strong></span> <span class='ocrx_word' id='word_1_273' title='bbox 1026 3777 1094 3838; x_wconf 83' lang='lat' dir='ltr'><strong>eique</strong></span> <span class='ocrx_word' id='word_1_274' title='bbox 1112 3777 1218 3824; x_wconf 76' lang='lat' dir='ltr'><strong>obsecuti</strong></span> <span class='ocrx_word' id='word_1_275' title='bbox 1238 3775 1333 3822; x_wconf 80' lang='lat' dir='ltr'><strong>tuerent</strong></span> <span class='ocrx_word' id='word_1_276' title='bbox 1351 3770 1413 3818; x_wconf 72' lang='lat' dir='ltr'><strong>editt·</strong></span> 
     </span>
     <span class='ocr_line' id='line_1_35' title="bbox 360 3839 1482 3906; baseline -0.008 -14"><span class='ocrx_word' id='word_1_277' title='bbox 360 3848 389 3892; x_wconf 86' lang='lat' dir='ltr'><strong>ut</strong></span> <span class='ocrx_word' id='word_1_278' title='bbox 400 3857 471 3894; x_wconf 79' lang='lat' dir='ltr'><strong>neno</strong></span> <span class='ocrx_word' id='word_1_279' title='bbox 487 3846 517 3893; x_wconf 90' lang='lat' dir='ltr'><strong>iis</strong></span> <span class='ocrx_word' id='word_1_280' title='bbox 527 3845 666 3893; x_wconf 77' lang='lat' dir='ltr'><strong>instructior</strong></span> <span class='ocrx_word' id='word_1_281' title='bbox 676 3858 718 3906; x_wconf 82' lang='lat' dir='ltr'><strong>per</strong></span> <span class='ocrx_word' id='word_1_282' title='bbox 733 3844 776 3891; x_wconf 82' lang='lat' dir='ltr'><strong>ills</strong></span> <span class='ocrx_word' id='word_1_283' title='bbox 788 3847 881 3905; x_wconf 81' lang='lat' dir='ltr'><strong>tempo·</strong></span> <span class='ocrx_word' id='word_1_284' title='bbox 912 3855 958 3890; x_wconf 79' lang='lat' dir='ltr'><strong>res.</strong></span> <span class='ocrx_word' id='word_1_285' title='bbox 998 3843 1107 3890; x_wconf 72' lang='lat' dir='ltr'><strong>Profecto</strong></span> <span class='ocrx_word' id='word_1_286' title='bbox 1128 3846 1214 3889; x_wconf 84' lang='lat' dir='ltr'><strong>oontrs</strong></span> <span class='ocrx_word' id='word_1_287' title='bbox 1235 3840 1297 3888; x_wconf 79' lang='lat' dir='ltr'><strong>bivii</strong></span> <span class='ocrx_word' id='word_1_288' title='bbox 1318 3839 1413 3886; x_wconf 68' lang='lat' dir='ltr'><strong>neonus</strong></span> <span class='ocrx_word' id='word_1_289' title='bbox 1481 3893 1482 3906; x_wconf 13' lang='grc' dir='ltr'>ἵ</span> 
     </span>
     <span class='ocr_line' id='line_1_36' title="bbox 360 3904 1413 3958; baseline -0.009 0"><span class='ocrx_word' id='word_1_290' title='bbox 360 3923 388 3958; x_wconf 89' lang='lat' dir='ltr'><strong>rs</strong></span> <span class='ocrx_word' id='word_1_291' title='bbox 397 3909 457 3957; x_wconf 83' lang='lat' dir='ltr'><strong>siris</strong></span> <span class='ocrx_word' id='word_1_292' title='bbox 468 3911 601 3958; x_wconf 76' lang='lat' dir='ltr'><strong>hebetetur.</strong></span> <span class='ocrx_word' id='word_1_293' title='bbox 912 3907 980 3956; x_wconf 82' lang='lat' dir='ltr'><strong>Nihil</strong></span> <span class='ocrx_word' id='word_1_294' title='bbox 991 3908 1055 3956; x_wconf 83' lang='lat' dir='ltr'><strong>enim</strong></span> <span class='ocrx_word' id='word_1_295' title='bbox 1070 3907 1170 3955; x_wconf 79' lang='lat' dir='ltr'><strong>omniuo</strong></span> <span class='ocrx_word' id='word_1_296' title='bbox 1186 3907 1217 3955; x_wconf 77' lang='lat' dir='ltr'><strong>sb</strong></span> <span class='ocrx_word' id='word_1_297' title='bbox 1233 3920 1263 3954; x_wconf 87' lang='lat' dir='ltr'><strong>eo</strong></span> <span class='ocrx_word' id='word_1_298' title='bbox 1276 3904 1413 3953; x_wconf 70' lang='lat' dir='ltr'><strong>memorem</strong></span> 
     </span>
    </p>

    <p class='ocr_par' dir='ltr' id='par_1_15' title="bbox 358 3963 1481 4293">
     <span class='ocr_line' id='line_1_37' title="bbox 392 3963 1414 4037; baseline -0.007 -15"><span class='ocrx_word' id='word_1_299' title='bbox 392 3981 409 4022; x_wconf 80' lang='lat'><em>8</em></span> <span class='ocrx_word' id='word_1_300' title='bbox 425 3975 475 4022; x_wconf 77' lang='lat' dir='ltr'><strong>Sese</strong></span> <span class='ocrx_word' id='word_1_301' title='bbox 488 3977 516 4023; x_wconf 79' lang='lat' dir='ltr'><strong>ie</strong></span> <span class='ocrx_word' id='word_1_302' title='bbox 531 3982 626 4034; x_wconf 73' lang='lat' dir='ltr'><strong>seem,</strong></span> <span class='ocrx_word' id='word_1_303' title='bbox 637 3974 671 4021; x_wconf 79' lang='lat' dir='ltr'><strong>od</strong></span> <span class='ocrx_word' id='word_1_304' title='bbox 682 3969 807 4037; x_wconf 71' lang='grc' dir='ltr'><strong>ροριιίιιιιι]</strong></span> <span class='ocrx_word' id='word_1_305' title='bbox 822 3972 879 4020; x_wconf 80' lang='lat' dir='ltr'><strong>Ele·</strong></span> <span class='ocrx_word' id='word_1_306' title='bbox 911 3977 950 4021; x_wconf 81' lang='lat' dir='ltr'><strong>est</strong></span> <span class='ocrx_word' id='word_1_307' title='bbox 965 3979 1022 4021; x_wconf 83' lang='lat' dir='ltr'><strong>ente</strong></span> <span class='ocrx_word' id='word_1_308' title='bbox 1037 3973 1194 4021; x_wconf 78' lang='lat' dir='ltr'><strong>eomnlstnor</strong></span> <span class='ocrx_word' id='word_1_309' title='bbox 1208 3971 1298 4032; x_wconf 77' lang='lat' dir='ltr'><strong>Crassi,</strong></span> <span class='ocrx_word' id='word_1_310' title='bbox 1313 3967 1370 4016; x_wconf 80' lang='lat' dir='ltr'><strong>unde</strong></span> <span class='ocrx_word' id='word_1_311' title='bbox 1382 3963 1414 4010; x_wconf 70' lang='lat' dir='ltr'><strong>lllt</strong></span> 
     </span>
     <span class='ocr_line' id='line_1_38' title="bbox 358 4031 1413 4106; baseline -0.006 -20"><span class='ocrx_word' id='word_1_312' title='bbox 358 4051 419 4096; x_wconf 66' lang='lat' dir='ltr'><strong>gans</strong></span> <span class='ocrx_word' id='word_1_313' title='bbox 445 4042 587 4100; x_wconf 75' lang='lat' dir='ltr'><strong>asyndeton,</strong></span> <span class='ocrx_word' id='word_1_314' title='bbox 613 4040 677 4102; x_wconf 86' lang='lat' dir='ltr'><strong>quod</strong></span> <span class='ocrx_word' id='word_1_315' title='bbox 703 4044 804 4087; x_wconf 83' lang='lat' dir='ltr'><strong>tuentur</strong></span> <span class='ocrx_word' id='word_1_316' title='bbox 824 4037 880 4086; x_wconf 87' lang='lat' dir='ltr'><strong>libri</strong></span> <span class='ocrx_word' id='word_1_317' title='bbox 911 4037 1012 4086; x_wconf 81' lang='lat' dir='ltr'><strong>bellator</strong></span> <span class='ocrx_word' id='word_1_318' title='bbox 1039 4038 1174 4088; x_wconf 74' lang='lat' dir='ltr'><strong>baberetur.</strong></span> <span class='ocrx_word' id='word_1_319' title='bbox 1211 4037 1270 4086; x_wconf 85' lang='lat' dir='ltr'><strong>Non</strong></span> <span class='ocrx_word' id='word_1_320' title='bbox 1295 4035 1371 4092; x_wconf 66' lang='lat' dir='ltr'><strong>igitur,</strong></span> <span class='ocrx_word' id='word_1_321' title='bbox 1384 4031 1413 4106; x_wconf 39' lang='lat' dir='ltr'><strong>&#39;ul</strong></span> 
     </span>
     <span class='ocr_line' id='line_1_39' title="bbox 360 4096 1413 4168; baseline -0.013 -16"><span class='ocrx_word' id='word_1_322' title='bbox 360 4104 437 4152; x_wconf 88' lang='lat' dir='ltr'><strong>nestri</strong></span> <span class='ocrx_word' id='word_1_323' title='bbox 453 4119 507 4152; x_wconf 81' lang='lat' dir='ltr'><strong>eun</strong></span> <span class='ocrx_word' id='word_1_324' title='bbox 526 4105 687 4155; x_wconf 83' lang='lat' dir='ltr'><strong>Gronorisnis</strong></span> <span class='ocrx_word' id='word_1_325' title='bbox 703 4104 810 4168; x_wconf 80' lang='lat' dir='ltr'><strong>optimis.</strong></span> <span class='ocrx_word' id='word_1_326' title='bbox 825 4103 879 4151; x_wconf 82' lang='lat' dir='ltr'><strong>lle·</strong></span> <span class='ocrx_word' id='word_1_327' title='bbox 912 4109 976 4152; x_wconf 82' lang='lat' dir='ltr'><strong>reete</strong></span> <span class='ocrx_word' id='word_1_328' title='bbox 991 4104 1101 4152; x_wconf 79' lang='lat' dir='ltr'><strong>observat</strong></span> <span class='ocrx_word' id='word_1_329' title='bbox 1117 4103 1262 4163; x_wconf 64' lang='lat' dir='ltr'><strong>maneum,</strong></span> <span class='ocrx_word' id='word_1_330' title='bbox 1279 4101 1330 4148; x_wconf 84' lang='lat' dir='ltr'><strong>salt</strong></span> <span class='ocrx_word' id='word_1_331' title='bbox 1344 4096 1413 4143; x_wconf 84' lang='lat' dir='ltr'><strong>Linus</strong></span> 
     </span>
     <span class='ocr_line' id='line_1_40' title="bbox 360 4161 1481 4234; baseline -0.004 -17"><span class='ocrx_word' id='word_1_332' title='bbox 360 4169 483 4218; x_wconf 86' lang='lat' dir='ltr'><strong>leinserts</strong></span> <span class='ocrx_word' id='word_1_333' title='bbox 496 4171 574 4218; x_wconf 77' lang='lat' dir='ltr'><strong>luerat</strong></span> <span class='ocrx_word' id='word_1_334' title='bbox 589 4171 706 4234; x_wconf 74' lang='lat' dir='ltr'><strong>partionis</strong></span> <span class='ocrx_word' id='word_1_335' title='bbox 721 4177 745 4218; x_wconf 84' lang='lat' dir='ltr'><strong>et</strong></span> <span class='ocrx_word' id='word_1_336' title='bbox 759 4170 880 4231; x_wconf 76' lang='lat' dir='ltr'><strong>inrulgs·</strong></span> <span class='ocrx_word' id='word_1_337' title='bbox 911 4183 967 4216; x_wconf 82' lang='lat' dir='ltr'><strong>eum</strong></span> <span class='ocrx_word' id='word_1_338' title='bbox 995 4171 1118 4218; x_wconf 86' lang='lat' dir='ltr'><strong>eonsulesn</strong></span> <span class='ocrx_word' id='word_1_339' title='bbox 1143 4169 1233 4218; x_wconf 79' lang='lat' dir='ltr'><strong>festum</strong></span> <span class='ocrx_word' id='word_1_340' title='bbox 1254 4167 1309 4228; x_wconf 85' lang='lat' dir='ltr'><strong>quis</strong></span> <span class='ocrx_word' id='word_1_341' title='bbox 1330 4161 1413 4210; x_wconf 59' lang='lat' dir='ltr'><strong>belm</strong></span> <span class='ocrx_word' id='word_1_342' title='bbox 1480 4201 1481 4208; x_wconf 32' lang='grc' dir='ltr'><strong>ι</strong></span> 
     </span>
     <span class='ocr_line' id='line_1_41' title="bbox 359 4227 1412 4293; baseline -0.002 -11"><span class='ocrx_word' id='word_1_343' title='bbox 359 4235 400 4283; x_wconf 80' lang='lat' dir='ltr'><strong>tis.</strong></span> <span class='ocrx_word' id='word_1_344' title='bbox 912 4240 973 4293; x_wconf 82' lang='lat' dir='ltr'><strong>eret,</strong></span> <span class='ocrx_word' id='word_1_345' title='bbox 997 4237 1038 4282; x_wconf 84' lang='lat' dir='ltr'><strong>sed</strong></span> <span class='ocrx_word' id='word_1_346' title='bbox 1054 4236 1216 4283; x_wconf 84' lang='lat' dir='ltr'><strong>-eonsnlstanr</strong></span> <span class='ocrx_word' id='word_1_347' title='bbox 1241 4235 1264 4282; x_wconf 87' lang='lat' dir='ltr'><strong>ei</strong></span> <span class='ocrx_word' id='word_1_348' title='bbox 1287 4227 1412 4280; x_wconf 64' lang='lat' dir='ltr'><strong>oswium</strong></span> 
     </span>
    </p>

    <p class='ocr_par' dir='ltr' id='par_1_16' title="bbox 391 4293 1368 4364">
     <span class='ocr_line' id='line_1_42' title="bbox 391 4293 1368 4364; baseline -0.01 -16"><span class='ocrx_word' id='word_1_349' title='bbox 391 4299 495 4350; x_wconf 70' lang='lat' dir='ltr'><strong>Moris</strong></span> <span class='ocrx_word' id='word_1_350' title='bbox 501 4302 625 4364; x_wconf 67' lang='lat' dir='ltr'><strong>postiids&#39;</strong></span> <span class='ocrx_word' id='word_1_351' title='bbox 631 4297 806 4364; x_wconf 74' lang='lat' dir='ltr'><strong>peritissimas]</strong></span> <span class='ocrx_word' id='word_1_352' title='bbox 816 4301 878 4350; x_wconf 82' lang='lat' dir='ltr'><strong>Poe·</strong></span> <span class='ocrx_word' id='word_1_353' title='bbox 912 4301 1003 4350; x_wconf 80' lang='lat' dir='ltr'><strong>dedisse</strong></span> <span class='ocrx_word' id='word_1_354' title='bbox 1014 4301 1104 4350; x_wconf 79' lang='lat' dir='ltr'><strong>belline</strong></span> <span class='ocrx_word' id='word_1_355' title='bbox 1115 4300 1161 4349; x_wconf 88' lang='lat' dir='ltr'><strong>sibi</strong></span> <span class='ocrx_word' id='word_1_356' title='bbox 1169 4299 1278 4364; x_wconf 80' lang='lat' dir='ltr'><strong>persndre</strong></span> <span class='ocrx_word' id='word_1_357' title='bbox 1293 4293 1368 4344; x_wconf 79' lang='lat' dir='ltr'><strong>landis.</strong></span> 
     </span>
    </p>
   </div>
   <div class='ocr_carea' id='block_1_7' title="bbox 0 0 1534 4960">
    <p class='ocr_par' dir='ltr' id='par_1_17' title="bbox 0 0 1534 4960">
     <span class='ocr_line' id='line_1_43' title="bbox 0 0 1534 4960; baseline 0 1"><span class='ocrx_word' id='word_1_358' title='bbox 0 0 1534 4960; x_wconf 95' lang='lat' dir='ltr'><strong> </strong></span> 
     </span>
    </p>
   </div>
  </div>
 </body>
</html>
