3122 4962
373 191 445 258 aaa.
671 175 1050 251 *riri-‘mult
1095 175 1135 229 ³³

211 368 241 417 u.
253 365 351 420 cars.
372 347 580 442 deceptusque
593 353 714 441 aliquot
728 353 833 433 urbes,
849 377 922 444 quae
942 353 1137 438 deiecissent,
1152 345 1312 442 nouasque
1330 354 1364 422 in
1387 377 1441 421 so-

211 435 281 484 Μ·
294 433 350 482 ²¹⁰⁸
374 441 520 506 rietatem
542 441 689 524 adscitas,
712 441 865 527 exposuit
911 441 964 506 Ex
986 443 1118 528 captivis
1132 454 1296 529 comperta
1310 439 1440 508 bial'ere

373 529 592 615 congruentia,
616 549 689 613 quoe
712 529 743 592 in
770 526 867 592 literis
892 528 1019 593 fuerant
1045 525 1095 594 M.
1118 529 1238 594 Valerii
1266 528 1438 596 Messallae.

376 611 521 680 Maxime
546 614 644 679 morit
675 615 785 680 Patres
812 613 1026 680 Hasdrubalis
1054 617 1217 681 transitus
1235 617 1267 680 in
1299 613 1458 694 Italiam,

372 699 462 766 ³²vix
478 699 657 766 Hannibali
673 713 768 787 atque
789 703 856 787 ejas
872 703 969 766 armis
982 703 1211 768 subsistentem.
1258 701 1439 773 Productus

369 798 405 850 et
426 787 460 850 in
480 788 666 852 concionem
682 787 810 852 Laelius
823 787 933 852 eadem
956 788 1130 854 edisseruit.
1176 789 1311 854 Senatus
1324 789 1368 852 cb
1389 801 1440 854 res
1535 791 1536 816 ¹

373 870 506 938 feliciter
524 897 543 938 a
560 871 597 938 P.
612 873 761 960 Scipione
781 887 885 964 gestas
906 875 1165 961 supplicationem
1182 873 1216 938 in
1230 894 1330 940 unum
1351 874 1439 940 diem

258 965 270 982 '
371 959 520 1027 ¹decrevit.
567 960 606 1025 (l.
622 961 759 1026 Laelium
785 962 1030 1049 primoquoque
1050 975 1204 1046 tempore,
1227 984 1300 1025 curn
1321 961 1439 1047 quibas

354 1060 501 1111 »venerat
521 1047 665 1124 navibus,
689 1047 792 1112 redire
810 1048 844 1111 i'n
869 1049 1057 1136 Hispaniam
1079 1049 1183 1134 jussit.
1230 1047 1440 1136 Karthaginis

372 1135 643 1221 expugnationem
660 1135 691 1197 in
715 1135 799 1198 bunc
814 1151 933 1198 annum
954 1135 1086 1215 contuli,
1107 1135 1214 1199 multis
1234 1134 1438 1212 auctoribus,

373 1217 458 1284 haud
482 1216 613 1296 nescius,
639 1221 791 1306 quosdam
816 1243 891 1297 esse,
917 1221 970 1308 qui
994 1243 1078 1284 anno
1108 1221 1285 1308 insequenti
1309 1235 1438 1306 captam

374 1303 582 1370 tradiderint:
610 1308 694 1392 quod
720 1306 798 1371 mihi
826 1307 930 1372 minus
955 1307 1055 1372 simile
1079 1307 1144 1372 veri
1166 1312 1267 1372 visum
1292 1321 1349 1384 est,
1372 1329 1437 1372 an-

373 1385 451 1456 num
472 1393 632 1479 integrum
655 1392 836 1478 Scipionem
853 1393 933 1456 nihil
953 1394 1102 1480 gerundo
1121 1395 1154 1456 in
1177 1393 1337 1478 Hispania
1360 1413 1438 1458 con·

213 1497 348 1549 u.u.saa
374 1479 527 1543 sumsisse.
573 1479 616 1555 Q.
641 1479 740 1543 Fabio
759 1477 911 1544 »Maximo
935 1481 1092 1567 quintum,
1118 1482 1157 1550 Q.
1181 1479 1294 1544 Fulvio
1322 1480 1438 1544 Flacco

212 1563 347 1640 A·0·²,⁰⁹·
374 1575 523 1651 quartum
547 1565 739 1643 consulibus,
765 1567 875 1648 Idibus
898 1568 1032 1645 Martiis,
1056 1586 1121 1653 quo
1142 1565 1195 1632 die
1215 1567 1438 1654 magistratum

212 1627 524 1748 ffifflssffov'inierunt,
542 1651 633 1715 Italia
655 1651 810 1717 ambobus
832 1653 995 1738 provincia
1018 1653 1162 1728 decreta;
1185 1653 1369 1740 regionibus
1389 1665 1438 1718 ta-

212 1757 331 1806 mense
375 1759 446 1802 men
470 1737 621 1824 partitum
642 1739 827 1824 imperium:
852 1738 971 1806 Fabius
990 1739 1029 1804 ad
1052 1739 1239 1816 Tarentum,
1258 1739 1388 1804 Fulvius
1402 1739 1437 1804 in

212 1823 346 1898 Provincia
370 1824 514 1888 Lucanis
529 1845 566 1888 au
583 1825 717 1889 Bruttiis
733 1847 799 1890 rem
823 1838 956 1909 gereret.
1002 1825 1052 1890 M.
1067 1825 1203 1890 Claudio
1229 1839 1437 1914 prorogatum

211 1893 338 1998 2¹:¹⁸¹&
374 1913 406 1974 in
420 1933 536 1974 annum
553 1911 732 1998 imperium.
780 1913 936 1984 Praetores
951 1913 1053 1976 sortiti
1074 1913 1269 1997 provincias:
1295 1912 1333 1976 Ο.
1348 1911 1438 1977 Hos·

374 1997 458 2061 tilius
475 1997 622 2062 Tubulus
636 1999 802 2075 urbanam,
820 1999 860 2062 L.
874 1999 1020 2063 Veturius
1038 1998 1132 2062 Philo
1145 1999 1345 2084 peregrinam
1361 2019 1437 2062 curn
1535 2045 1536 2102 p

374 2085 491 2161 Gallia,
515 2084 556 2149 Τ.
577 2084 749 2161 Quinctius
774 2085 940 2170 Crispinus
967 2086 1119 2170 Capuam,
1143 2086 1179 2150 C.
1199 2084 1437 2150 Aurunculeius

375 2171 566 2236 Sardiniam.
620 2171 788 2236 Exercitus
813 2173 857 2235 ita
882 2193 939 2256 per
965 2173 1142 2255 provincias
1167 2171 1267 2236 dirisi.
1322 2169 1439 2236 Fulvio
1535 2189 1536 2192 ’

372 2259 444 2323 duae
459 2257 608 2344 legiones,
625 2259 751 2342 quasin
770 2257 877 2324 Sicilia
893 2257 943 2322 M.
962 2257 1105 2322 Valerius
1122 2258 1270 2322 Laevinus
1285 2257 1436 2323 baberet:

373 2344 417 2421 Q.
436 2345 546 2422 Fabio,
570 2344 685 2429 quibus
707 2345 741 2408 in
763 2343 893 2409 Etruria
912 2344 950 2408 C.
968 2343 1162 2429 Calpurnius
1176 2343 1366 2430 praefuisset,
1381 2345 1438 2409 de·

372 2443 477 2496 crete.
522 2430 694 2496 Exercitus
717 2430 859 2496 urbanus
882 2431 971 2495 utin
995 2430 1157 2495 Etruriam
1173 2430 1371 2497 succederet:
1397 2429 1436 2496 C.
1535 2467 1536 2470 ¹

374 2516 568 2600 Calpurnius
587 2518 691 2581 eidem
711 2530 860 2604 praeesset
880 2518 1052 2602 provinciae
1067 2518 1221 2582 exercitui
1245 2541 1302 2582 ue:
1327 2517 1437 2601 Capu·
1535 2517 1536 2520 ’

371 2625 423 2666 arn
439 2604 685 2688 exercitumque,
724 2626 795 2668 uem
811 2603 853 2680 Q.
871 2604 1003 2668 Fulvius
1020 2604 1192 2682 habuisset,
1242 2603 1438 2680 .Quinetius
1535 2629 1536 2652 .

371 2688 540 2754 obtineret.
583 2687 659 2754 ³³0.
682 2627 841 2756 liostilius
862 2689 904 2756 ab
925 2691 963 2756 C.
986 2689 1124 2755 Laetorio
1138 2705 1338 2776 propraetore
1358 2711 1437 2775 pro·

371 2776 507 2840 vinciam
521 2776 769 2864 exercitumque,
785 2777 840 2863 qui
861 2789 927 2840 tum
939 2778 1006 2864 jam
1023 2777 1162 2842 Arimini
1177 2790 1253 2854 erat,
1267 2777 1435 2862 acciperet.

372 2862 421 2927 M.
436 2859 601 2940 Marcello,
615 2863 731 2948 quibus
752 2863 863 2928 consul
877 2864 958 2928 bene
972 2885 1039 2927 rem
1062 2876 1208 2948 gesserat,
1225 2863 1364 2950 legiones
1379 2862 1437 2928 de-

371 2961 478 3014 cretae.
523 2947 573 3013 M.
594 2948 724 3014 Valerio
745 2972 817 3014 cum
850 2950 888 3013 L.
911 2949 1024 3014 Cincio
1050 2949 1111 3032 (his
1132 2972 1258 3037 quoque
1280 2960 1327 3015 est
1348 2949 1436 3015 enim

370 3047 578 3122 prorogatum
595 3037 628 3098 in
650 3035 757 3102 Sicilia
769 3037 952 3122 imperium)
966 3037 1140 3100 Cannensis
1154 3037 1308 3102 exercitus
1323 3035 1436 3100 datus:

370 3143 508 3209 eumque
529 3125 676 3208 supplere
697 3145 736 3187 ex
753 3123 914 3200 militibus,
928 3123 983 3209 qui
999 3145 1036 3186 ex
1059 3122 1237 3208 legionibus
1254 3124 1315 3188 Cn.
1329 3121 1438 3188 Fulvii

371 3221 577 3294 superessent,
588 3210 679 3294 jussi.
726 3209 929 3297 conquisitos
944 3232 997 3273 eos
1011 3209 1155 3274 consules
1170 3211 1203 3273 in
1221 3207 1359 3276 Siciliam
1377 3209 1438 3272 mi·

371 3309 499 3360 serunt:
521 3295 693 3383 additaque
712 3295 821 3360 eadem
845 3295 966 3359 militiae
982 3296 1166 3383 ignominia,
1190 3296 1327 3383 subque
1348 3295 1438 3362 Can·

335 3425 340 3432 s·
370 3403 484 3448 nenses
498 3382 689 3463 militabant,
702 3384 819 3470 quique
830 3405 868 3446 ex
883 3382 910 3420 ³⁴
919 3382 1065 3466 praetoris
1082 3382 1142 3447 Cn.
1161 3383 1265 3447 Fulvii
1279 3383 1437 3462 exercitu,

370 3471 412 3533 ob
424 3470 536 3534 similis
550 3470 629 3534 iram
645 3469 740 3556 fugae,
754 3461 839 3532 missi
858 3491 896 3531 eo
917 3468 960 3532 ab¹
972 3483 1081 3532 senatu
1094 3467 1229 3534 fuerant.
1254 3469 1292 3534 C.
1305 3471 1437 3534 Aurun-

370 3557 472 3622 culeio
487 3557 607 3622 eaedem
620 3558 652 3620 in
667 3554 812 3620 Sardinia
826 3555 977 3642 legiones,
989 3556 1104 3642 quibus
1123 3557 1158 3625 P.
1177 3555 1320 3619 Manlius
1335 3554 1437 3619 Vulso

370 3666 438 3707 eam
455 3643 650 3727 provinciam
666 3642 857 3720 obtinuerat,
873 3639 1019 3708 decretae.
1063 3641 1089 3681 ⁵⁵
1102 3643 1136 3707 P.
1154 3642 1307 3727 Sulpicio,
1322 3641 1436 3707 eadem

402 3833 434 3882 82
455 3835 502 3881 Via·
521 3835 636 3882 Annibali
715 3835 885 3898 cenetensem]
918 3833 1300 3883 tumexe.10.erc.·22.inns.

371 3900 401 3946 ld
423 3907 469 3953 est,
491 3901 533 3948 vix
554 3915 653 3960 paremz
678 3901 887 3960 quemadmodum
950 3900 984 3948 st
1000 3901 1118 3948 mareu
1138 3899 1296 3962 canam]
1319 3899 1437 3950 Tdeuniu

370 3966 436 4024 apud
448 3965 498 4012 Cic.
516 3965 533 4011 l.
545 3965 592 4011 Xl.
611 3965 657 4026 Ep.
669 3964 738 4010 Fam.
752 3965 789 4012 10.
801 3965 889 4011 aramis·
919 3971 976 4012 ante
998 3966 1062 4012 eirca
1085 3965 1239 4012 Herdoneam
1262 3967 1294 4012 ab
1314 3966 1438 4012 Annibale

371 4033 418 4075 tm
434 4031 548 4088 sumptui,
565 4033 630 4090 quoa
647 4043 677 4076 ex
696 4030 794 4089 opums
806 4029 886 4075 mss
920 4031 986 4076 vien.
1015 4029 1101 4078 viar.
1114 4029 1203 4076 xxv,
1214 4043 1235 4075 c.
1248 4019 1295 4077 21!

370 4101 529 4152 reposuerant
541 4094 664 4141 Victorius
676 4101 700 4140 et
712 4095 863 4140 Gebhardus.
952 4093 1033 4142 351².
1057 4095 1161 4154 Sulpicio
1184 4094 1263 4141 eadem
1289 4095 1378 4155 legione
1400 4109 1438 4142 οι-

402 4158 436 4206 33
454 4159 482 4205 C·
490 4157 680 4206 [sanescente.
692 4151 803 4220 natae]
821 4158 887 4218 Lege
920 4159 1014 4219 &mque
1024 4159 1106 4221 darm]
1124 4159 1210 4219 Supra,
1223 4157 1384 4206 1.xxvr.a
1397 4159 1439 4209 2⁸.

370 4222 399 4270 t.
417 4223 536 4281 Valeriae,
550 4224 592 4283 qui
611 4225 716 4272 Galliam
737 4223 887 4282 provi-nciam
921 4225 1042 4284 Sulpicius
1057 4225 1184 4270 exercitum
1200 4237 1289 4270 manem
1303 4229 1392 4284 preter
1402 4238 1437 4270 ru·
1535 4255 1536 4262 .

370 4289 470 4335 sortitus
488 4289 577 4344 iuerat,
588 4295 617 4334 ut
628 4293 723 4336 constat
740 4295 793 4336 turn
810 4299 840 4332 ex
857 4287 887 4332 iis
920 4289 966 4334 ciat
991 4287 1084 4335 maeres
1103 4289 1185 4349 juraras
1207 4288 1324 4336 dimittere
1345 4295 1389 4346 cat,
1405 4303 1436 4336 ex

369 4354 641 4414 qbaesuprahabentur
660 4353 706 4398 hoc
726 4351 779 4410 ipso
798 4351 886 4410 capite,
920 4355 1041 4402 sententia
1063 4353 1167 4408 Laevini,
1187 4353 1228 4414 qui
1246 4352 1390 4414 exposuerat
1411 4355 1437 4401 in
1535 4375 1536 4396 l
