3136 4970
445 195 545 256 arar
567 169 715 257 icrunt.
738 169 845 256 cnr.
872 195 926 256 vr.
1157 187 1217 265 tat

1401 299 1413 326 l

147 355 361 426 oetrre'haud
374 357 536 428 dissimilis
545 359 813 441 asttchatcids'm
838 353 949 426 mittis
958 351 1070 431 ‘additi
1091 347 1218 447 ”quidf
1227 373 1256 428 u,
1268 357 1294 418 u.
1307 352 1373 423 att*

144 447 241 546 genti
265 447 468 536 Αςιιιιιιιιιιιι,ι
481 460 517 514 ut
541 469 651 513 omues
676 446 820 512 llinsuloe
838 461 950 534 ‘partes
972 435 1363 532 tuen·p0ssant¹.t·0·²⁰⁷·

150 553 221 618 ipae
236 534 418 600 Scotussam
434 545 482 601 est
504 535 679 621 profectus:
702 533 1086 622 eodemque-sh·Larissa
1109 533 1219 597 Mace'-

74 649 79 662 1
153 617 277 686 donum
292 622 399 706 copiae
418 621 544 686 traduci
561 621 666 708 jussit.
708 619 761 686 Eo
775 622 961 686 nunciatum
977 633 1035 698 εει·
1048 614 1218 706 concilium

152 704 274 773 AEtolis
289 706 667 784 Hecsclcamzindictum,
679 727 849 796 regemque
860 703 1021 796 Attalum,
1037 707 1078 772 ad
1093 705 1220 790 consul·

152 795 286 858 tandum
299 793 492 862 decuma
514 793 602 875 belli,·
616 807 796 858 venturum.
824 793 944 859 vHunc
968 805 1160 858 conuentum
1184 807 1221 856 nt
1306 825 1308 836 =
1371 810 1375 824 ·

153 879 298 952 turbaret
311 873 581 957 subitn'adrentu,
592 879 715 966 magnis
728 877 897 946 itineribus
911 881 1101 946 Heracleam
1117 879 1221 966 duxit.
1320 957 1322 964 Ι

152 977 187 1032 et
216 967 353 1032 caucilih
369 968 510 1054 *quidem
537 967 668 1034 dimisso
692 969 757 1054 jam
785 969 888 1038 venit:
914 969 1219 1054 segetibus-tamen,

152 1075 229 1140 ques
250 1075 351 1139 prope
366 1055 578 1120 maturitatem
594 1065 695 1131 erant,
711 1055 850 1118 maxime
865 1053 932 1118 19ἰιι
953 1055 1026 1118 sinu
1043 1053 1220 1118 AEniauum

152 1141 291 1218 vmtstia
312 1142 497 1206 Scotusam
519 1141 627 1225 copias
647 1140 781 1204 reducit.
826 1141 876 1205 lbi
898 1142 1039 1206 exercitu
1061 1141 1149 1204 omni
1172 1155 1222 1202 rs·

152 1227 240 1304 licto,
263 1248 337 1292 cum
359 1213 499 1292 cohorte*
515 1228 602 1315 ragio
624 1227 861 1295 Demetriadem
885 1247 951 1292 sese
972 1227 1095 1312 recipit.
1140 1225 1222 1291 lude

155 1327 192 1380 ut
206 1313 248 1378 ad
262 1335 372 1380 ornnes
387 1313 525 1394 hostium
545 1325 649 1378 motus
669 1325 776 1397 posset
789 1317 970 1393 obcurrere,
985 1316 1016 1376 in
1036 1312 1221 1389 Phocidem,

152 1412 249 1486 atque
271 1400 450 1478 Euboeam3.
465 1415 498 1465 et
513 1398 727 1486 Peparethum
753 1399 860 1480 mittit,
876 1401 931 1488 qui
955 1403 1025 1464 loca
1046 1401 1110 1464 alta
1127 1399 1223 1486 elige·

150 1501 240 1566 rerrt,
254 1486 340 1554 unde
361 1487 440 1553 editi
461 1488 550 1576 ignes
570 1487 768 1573 adparerent.
791 1487 911 1573 ipsein
927 1481 1156 1568 Tisseo'(mons
1178 1499 1224 1550 est

154 1575 188 1640 iu
207 1573 421 1640 altitudinem.
433 1574 594 1662 ingentem
619 1574 790 1638 cacuminis
810 1574 900 1655 editi)
916 1575 1076 1660 speculam
1099 1575 1221 1659 posuit:

154 1661 335 1744 utignlhus
346 1660 462 1746 procul
482 1660 617 1726 sublatis·
627 1661 767 1748 signum,
781 1661 835 1726 ubi
851 1663 932 1747 quid
948 1661 1138 1725 molirentur
1147 1662 1225 1724 hos'-

44 1773 54 1784 ·
155 1761 213 1824 tas,
236 1761 400 1815 momente
423 1747 575 1834 temporis
598 1749 763 1832 acciperet
811 1747 979 1812 Romanus·
997 1741 1173 1832 imperator
1191 1761 1226 1810 ‘et

155 1833 366 1902 Auatusseu
380 1858 399 1898 a
415 1833 592 1918 Peparetho
608 1835 751 1899 Nicaeam
770 1830 976 1919 trajecerunt.
997 1835 1073 1897 inde
1092 1833 1224 1922 classem

155 1921 191 1984 in
207 1919 365 1988 Euboan
376 1920 421 1986 ad
437 1922 547 1986 urbem
562 1920 687 1986 Oreum
703 1922 938 1985 transmittunt:
961 1942 1033 2006 quae
1049 1921 1090 1984 ah
1106 1921 1225 1985 Deme-

155 2007 343 2074 rriaootsinu
360 2005 547 2094 Chalcidem
563 2023 594 2071 et
609 2007 769 2092 Euripum
791 2009 910 2092 petenti
925 2007 966 2071 ad
988 2001 1099 2070 laevarn
1124 2006 1226 2092 prima

157 2093 287 2160 urbium
313 2093 449 2160 Euuoeae
477 2096 581 2178 posita
606 2106 662 2158 est.
707 2094 758 2158 lta
779 2095 863 2158 inter
886 2092 1030 2158 Attalum
1056 2113 1093 2157 ac
1119 2092 1227 2177 Sulpi-

157 2181 245 2246 cium
264 2181 423 2258 convenit,
439 2194 475 2246 ut
490 2182 631 2246 Romani
653 2203 673 2244 a
696 2180 785 2257 mari,
801 2180 879 2268 regii
906 2203 926 2245 a
952 2194 1036 2244 terra
1059 2182 1227 2266 obpugna-

156 2280 243 2334 rent
300 2302 314 2330 ·,
420 2311 422 2318 ›
561 2269 563 2276 “
726 2293 729 2302 ·
1135 2317 1137 2323 .
1214 2268 1221 2298 ’

204 2353 264 2420 Vl.
288 2354 471 2431 Quatriduo
488 2365 569 2441 post,
586 2375 681 2439 quam
703 2351 836 2439 adpulsa
850 2349 956 2422 classis
970 2369 1026 2432 est,
1042 2353 1155 2420 urbem
1171 2351 1228 2418 ad·

157 2441 259 2529 gressi
273 2453 357 2506 stunt.
379 2441 414 2505 id
435 2455 561 2526 tempus
582 2441 713 2506 occultis
727 2463 799 2505 cum
816 2441 956 2521 Platore,
971 2439 1026 2528 qui
1042 2465 1061 2506 a
1077 2439 1228 2528 Philippo

156 2528 353 2614 pmpmitus
366 2528 436 2592 urbi
453 2541 530 2609 erat,
546 2528 723 2612 conloquiis
737 2527 919 2592 absumtum
933 2541 990 2592 est.
1036 2529 1128 2594 Duas
1142 2543 1229 2612 arces

159 2615 239 2682 urba
253 2613 358 2692 habet,
375 2636 469 2679 unam
489 2615 696 2678 inminentem
718 2613 808 2691 mari,
824 2614 925 2680 altera
945 2615 1033 2679 urbis
1054 2615 1158 2678 media
1172 2625 1228 2677 est.

159 2701 310 2766 cuniculo
329 2701 405 2768 inde
426 2702 477 2766 via
490 2701 531 2766 ad
550 2700 751 2778 marodach,
767 2723 862 2787 quam
878 2725 897 2766 a
918 2703 997 2766 mari
1022 2702 1119 2766 turris
1136 2700 1229 2787 quin·

158 2787 465 2875 quetebulauorum,
481 2788 643 2874 egregium
660 2788 946 2875 propugnaculum,
962 2787 1139 2854 claudebat.
1178 2787 1229 2851 lbi

159 2874 266 2961 primo
285 2875 516 2942 atrocissimum
541 2886 738 2938 contractum
762 2888 809 2938 est
828 2888 998 2951 certamen,
1017 2889 1049 2940 et
1070 2891 1159 2940 turre
1179 2875 1229 2938 irr-
1267 2888 1271 2895 “

160 2973 281 3026 structa
303 2962 393 3028 omui
410 2983 527 3050 genere
549 2960 697 3038 telorum,
714 2975 745 3026 et
764 2962 931 3026 tormentis
954 2961 1172 3047 machinisque
1189 2961 1229 3025 ad

158 3045 412 3135 obpugnandam
436 3070 506 3112 earn
526 3069 567 3112 ex
588 3046 721 3112 navibus
745 3048 907 3132 expositis.
952 3048 1063 3125 Quum
1086 3049 1230 3112 omnium

161 3135 286 3199 animos
311 3129 484 3221 oculosque
506 3133 539 3198 id
564 3146 724 3199 certarnen
749 3135 921 3218 avertisset,
944 3149 1037 3220 porta
1061 3134 1230 3199 maritimae

161 3223 245 3286 arcia
267 3219 379 3286 Plator
401 3223 565 3285 Romanos
589 3221 722 3306 accepit,
740 3235 964 3307 momentoque
991 3245 1051 3284 arx
1075 3231 1232 3304 occupata

161 3320 220 3374 est.
266 3306 443 3394 Oppidani,
465 3307 548 3392 pulsi
571 3306 645 3372 iude
671 3309 703 3371 in
728 3307 865 3372 mediam
890 3307 1013 3385 urbem,
1038 3307 1079 3370 ad
1099 3306 1231 3371 alteram

162 3395 294 3459 tendere
307 3417 422 3460 arcem.
468 3393 512 3458 Et
529 3394 573 3460 ihi
595 3394 691 3480 positi
710 3407 808 3471 erant,
825 3394 879 3480 qui
900 3393 984 3458 fores
999 3405 1101 3477 portae
1116 3391 1232 3478 objice-

160 3493 246 3548 rent.
267 3482 312 3546 ita
324 3477 450 3548 exclusi
472 3481 505 3545 in
520 3481 626 3546 medio
643 3481 812 3547 caeduntur
834 3481 1074 3567 capiunturque.
1121 3477 1232 3545 Mace·

160 3735 277 3782 Thraccs.
303 3737 429 3786 Interdum
442 3741 495 3788 hoec
506 3739 605 3786 uomina
616 3741 681 3802 apud
712 3755 761 3788 car.
793 3740 866 3794 Quod
881 3741 1011 3787 einomen
1030 3739 1071 3786 hic
1088 3737 1173 3786 tribuit
1190 3737 1231 3784 Li-

160 3801 291 3861 scriptores
302 3803 438 3862 promiscue
449 3811 605 3864 usurpantur.
621 3805 681 3852 vid.
713 3805 778 3864 vius,
801 3806 827 3852 id
849 3812 931 3854 ortum
951 3806 1026 3852 habet
1047 3806 1078 3850 ab
1100 3803 1233 3869 Baianum

157 3865 231 3936 lips.
242 3865 268 3912 in
283 3865 408 3916 Analectia
421 3871 452 3917 ud
464 3869 580 3916 Militiam
593 3871 682 3918 Roma
712 3875 786 3931 gente
802 3870 891 3920 vicina.
923 3869 1036 3916 Ceterum
1054 3869 1093 3915 hic
1109 3867 1235 3929 legebatur

162 3943 232 3978 nam.
713 3935 739 3981 in
758 3934 831 3982 editis
850 3938 924 3996 vulgo
940 3935 966 3980 iu
985 3935 1039 3980 rina
1055 3933 1167 3981 AEniurro.
1199 3936 1234 3982 At

195 3994 228 4041 l'!
257 3993 386 4062 Quingenti
417 3996 564 4062 Agrianum]
614 3997 681 4046 Olim
712 4003 778 4046 recte
797 4001 908 4046 observat
928 3999 1065 4046 Gronovius
1084 3999 1125 4046 vix
1147 3999 1235 4045 Latine

160 4057 303 4106 AEaiaaum.
353 4060 463 4110 Correxit
501 4062 614 4124 Sigonius
650 4076 682 4110 ex
714 4064 762 4110 dici
781 4076 851 4122 posse
867 4064 986 4110 AEninnar
1001 4063 1075 4110 dnus.
1109 4064 1179 4110 Unde
1197 4077 1235 4110 re-

159 4125 247 4186 Polyb.
258 4125 275 4170 1.
286 4125 321 4172 Χ.
333 4125 406 4176 css.
714 4127 841 4189 posuimus
862 4135 890 4174 ιιι
911 4127 996 4186 scripti
1015 4128 1115 4186 habent,
1133 4129 1161 4172 in
1180 4129 1236 4174 rina

196 4187 357 4260 lS'Iamlae]
388 4191 497 4253 Euboeae,
524 4189 596 4255 cujus
625 4193 684 4238 urbs
716 4192 855 4240 AEniarrum.
888 4193 961 4240 Sinus
982 4197 1066 4240 autem
1087 4193 1236 4248 utcxuicitur

159 4251 258 4300 Chalcis
270 4255 308 4301 est
318 4263 399 4317 caput.
716 4271 761 4315 pro
776 4255 846 4301 terris
859 4259 922 4305 circa
937 4258 1034 4304 sinum:
1052 4264 1080 4304 ut
1096 4265 1120 4306 et
1136 4269 1208 4318 supra
1218 4257 1236 4304 l.

195 4318 227 4367 la
243 4317 275 4364 In
290 4320 486 4370 rinuAEnunum
517 4323 543 4368 Is
562 4327 599 4369 eat
615 4323 684 4370 dnus
716 4321 914 4370 xxv11.e,30.
1294 4321 1308 4332 '

159 4381 293 4444 Maliacus,
313 4385 357 4448 qul
378 4388 452 4436 etiam
494 4388 564 4438 'itur
586 4387 683 4436 Lamia·
838 4408 841 4413 ·

766 4447 847 4516 ast
