3122 4962
371 151 526 241 tis.
547 171 679 238 nxvn.
704 173 809 240 cnr.
831 169 904 236 vn.
1049 261 1050 264 Ν
1144 183 1204 248 m

132 341 422 430 ptmpuepecmvin
442 339 1047 419 rea-renataeweetnlaPostmut
1136 407 1137 412 ,
1212 357 1359 410 notu:

135 431 196 515 pai
208 431 346 508 intereas
360 430 401 504 its
414 429 637 512 muitiiaquae
650 430 715 511 ipsc
728 426 1008 506 inicientem
1020 449 1086 498 cum
1125 425 1350 497 ..ile-⁸⁸⁰·2l0·

136 516 195 598 Ιηἰο
202 516 343 594 Bubulco
354 523 581 595 mantuensem
596 531 701 583 recens
714 511 754 590 Q.
767 512 872 590 Fabii,
887 515 942 598 qui
954 513 1016 582 siti
1028 516 1207 582 autmari

137 605 338 683 pomulam
352 604 416 668 nisi
429 603 465 667 id
476 600 555 678 hmo
567 601 811 684 publicosteret,
829 600 973 686 profecto
989 621 1149 685 werpum
1163 603 1206 668 ri-

136 692 259 765 cisun.
305 687 369 759 His
376 686 579 764 pannonibus
589 685 758 787 quamdiu
773 697 929 753 certatum
942 699 1031 765 essen
1049 697 1207 772 postremo

136 775 188 845 ita
207 775 292 843 inter
305 775 496 852 dictatorem*
513 795 551 840 ac
570 772 717 839 tribunos
738 771 896 849 contenit,
911 785 948 838 ut
962 795 1011 852 eo,
1032 773 1117 860 qnod
1133 797 1207 842 cen·

139 861 254 942 auisset
267 874 405 940 senatus,
421 873 568 926 staretur.
613 859 762 930 Patribus
777 857 810 922 id
825 869 950 944 tempus
961 860 1147 944 reipublicae
1162 860 1207 926 vi·

137 963 287 1026 sument,
303 961 411 1032 utper
424 959 555 1024 veteres,
566 959 601 1017 et
610 959 769 1032 expertos,
784 943 923 1032 bellique
937 947 1059 1030 peritos,
1070 945 1208 1033 impera·
1307 963 1311 970 “

143 1048 229 1111 tores
243 1033 423 1120 respublica
454 1045 608 1101 oreretur.
626 1031 733 1118 itaque
746 1051 870 1097 moram
892 1030 963 1103 ficri
986 1032 1122 1102 comitiis
1141 1056 1207 1100 non

139 1119 296 1210 placere..
318 1058 575 1188 Conceilentibus
589 1118 734 1194 tribunis.
748 1118 878 1184 comitia
887 1115 1008 1184 habita.
1044 1119 1210 1188 Declarati

142 1207 289 1277 cmrsules
304 1207 348 1284 Q.
365 1206 482 1292 Fabius
505 1205 673 1275 Maximus
688 1205 846 1291 quintum,
863 1204 907 1282 Q.
923 1204 1057 1272 Fulvius
1075 1205 1209 1274 maccus

169 1306 304 1365 partum.
350 1293 509 1362 Praetores
538 1291 612 1358 inde
640 1293 749 1368 creati,-
780 1290 821 1356 L.
849 1291 999 1356 Veturius
1029 1291 1135 1371 Philo,
1166 1292 1209 1358 T.

144 1318 318 1458 Quinctius
330 1379 506 1465 Crispinus,
518 1379 556 1445 C.
571 1377 726 1452 Hostilius
736 1377 896 1458 Tubulus,
910 1379 949 1442 C.
961 1379 1210 1446 Aurunculeius.

146 1466 390 1568 Magistratibna
419 1467 453 1542 in
478 1485 596 1535 aunum
623 1465 748 1541 creatis,
775 1464 819 1542 Q.
844 1463 975 1531 Fulvius
997 1465 1157 1532 dictatura
1177 1489 1233 1532 se.

142 1553 314 1621 abdrcavit.
359 1553 516 1628 Extremo
538 1552 655 1616 aestatis
680 1550 774 1638 hujus
800 1550 908 1616 classis
934 1551 1057 1618 Punica
1081 1552 1208 1620 navium

139 1641 368 1728 quadraginta,
380 1661 454 1704 cnm
466 1641 620 1724 praelecto
632 1637 819 1704 Hamilcare
830 1639 863 1702 in
875 1638 1056 1706 Sardiniam
1069 1639 1209 1724 trajecta,
1301 1645 1314 1658 '

147 1727 332 1794 Olbiensem
357 1727 473 1813 primo,
497 1724 582 1802 dein,
608 1737 777 1811 postquam
807 1724 850 1788 ibi
879 1724 917 1790 P.
941 1723 1084 1792 Manlius
1110 1726 1211 1792 Vulso
1240 1781 1244 1786 .

119 1865 123 1872 .
145 1827 268 1898 praetor
288 1835 361 1878 cum
376 1812 520 1880 exercitu
542 1811 701 1896 adparuit,
717 1811 909 1876 circumacta
924 1811 1001 1876 inde
1020 1811 1061 1876 ad
1076 1809 1210 1880 alterum

145 1901 261 1968 insulae
285 1899 379 1978 latus,
407 1898 625 1966 Caralitanum
647 1919 759 1980 agrurn
781 1896 922 1973 vastavit,
949 1909 1075 1963 etcum
1099 1901 1213 1984 praeda
1240 1909 1245 1916 '

145 1987 251 2059 omnis
265 1986 390 2074 generis
403 1987 434 2050 in
446 1984 590 2052 Africam
604 1983 708 2050 rediit.
746 1982 932 2050 Sacerdotes
949 1984 1088 2050 Romani
1102 2008 1140 2050 eo
1155 2009 1212 2052 au-

145 2095 191 2140 no
205 2073 325 2138 mortui
344 2072 465 2158 aliquot
479 2071 610 2146 subiecti
636 2093 685 2134 ue.
732 2071 770 2134 C.
785 2069 937 2134 Servilius
952 2070 1103 2140 Pontifex
1112 2072 1212 2139 factus

148 2159 296 2235 inlocum
308 2159 350 2234 T.
362 2157 493 2224 Otacilii
503 2157 619 2223 Crassi.
663 2158 899 2240 i.Semprouius
908 2155 962 2223 Ti.
970 2157 1006 2222 F.
1015 2156 1147 2246 Longus
1156 2182 1212 2224 au·

175 2270 211 2312 ur
227 2250 329 2312 iactus
343 2245 375 2310 in
389 2245 495 2310 locum
509 2243 551 2310 T.
564 2243 692 2319 Otacilii
706 2243 822 2308 Crassi.
840 2243 1011 2310 Decemvir
1026 2243 1101 2310 item
1116 2246 1212 2310 sacris

143 2271 461 2400 iaiundisinloeum
470 2331 607 2399 Ti.Sem
632 2330 715 2397 ronii
725 2329 765 2396 C.
776 2328 813 2394 F.
825 2329 931 2414 Longi
941 2330 1214 2418 TiSempronius

149 2419 255 2496 Tun.
271 2420 402 2502 Longus
414 2416 582 2482 subfectus.
650 2415 882 2482 ‚Marciusrex
893 2437 1056 2488 sacrorum
1071 2433 1215 2485 mortuus

147 2521 207 2586 est,
217 2520 251 2572 et
266 2505 318 2570 M.
331 2503 481 2570 AEmilius
497 2503 604 2589 Papus
618 2503 811 2570 ³⁰maximns
825 2504 926 2568 curio.
942 2525 1044 2590 neque
1059 2504 1093 2568 in
1103 2527 1214 2574 eorum

147 2593 254 2660 locum
267 2588 743 2658 sacerdoteseoannosubfecti.
772 2590 815 2656 Et
823 2611 972 2672 censores
981 2591 1035 2658 uic
1047 2613 1146 2658 annus
1158 2593 1214 2658 ha-

144 2680 220 2752 buit
236 2679 274 2746 L.
288 2679 454 2744 Vetnrinm
472 2675 640 2744 Philonem
656 2688 688 2741 et
704 2675 743 2742 P.
755 2675 916 2743 Licinium
931 2675 1096 2758 Crassum,
1111 2681 1349 2744 maxi-canaam.

145 2766 442 2850 ,mumpontilicem
467 2764 600 2831 Crassus
610 2762 752 2828 Licinius
760 2785 820 2828 nec
828 2763 948 2841 consul,
961 2785 1019 2830 nec
1028 2779 1148 2849 prator
1158 2787 1215 2836 an·

143 2867 185 2918 tc
198 2851 310 2930 fuerat,
323 2873 418 2938 quam
430 2871 542 2918 censor
553 2863 600 2916 est
610 2849 720 2916 factus.
731 2872 771 2916 ex
782 2849 932 2916 aedilitate
942 2851 1078 2938 madum
1090 2849 1131 2916 sd
1141 2873 1218 2918 cen·

85 3009 88 3014 ,
146 2959 259 3007 aurun
273 2939 359 3006 fecit.
405 2939 465 3010 Sed
481 2937 515 3002 hi
535 2955 679 3002 censores
694 2958 797 3024 neque
819 2948 962 3002 senatum
984 2941 1140 3024 legerunt,
1157 2961 1218 3006 nec

175 3026 325 3112 nidqnam
338 3024 476 3110 publicae
486 3024 531 3090 rei
541 3036 689 3112 egenum:
707 3045 790 3088 mors
801 3023 929 3090 diremit
940 3023 1121 3090 L.Veturii.
1132 3025 1216 3091 ³¹in-

146 3048 193 3180 io
205 3126 238 3178 et
252 3113 397 3180 Licinius
407 3132 541 3176 censura
551 3133 584 3176 se
595 3109 763 3176 abdicavit.
793 3108 917 3174 AEdiles
931 3111 1057 3178 curules
1068 3114 1105 3176 1.
1116 3113 1216 3180 Vetu-

147 3201 264 3278 riusat
279 3200 317 3268 P.
330 3198 475 3267 Licinius
485 3199 589 3263 Varus
603 3195 696 3262 ludos
708 3197 872 3264 Romanos
883 3195 967 3263 diem
981 3219 1080 3264 unum
1096 3199 1216 3266 instan-
1333 3231 1334 3236 1

144 3298 276 3356 sarum.
321 3284 446 3352 AEdiles
464 3283 566 3370 plebis
581 3283 624 3360 Q.
641 3283 753 3348 Catius
768 3293 802 3346 et
816 3283 857 3347 L.
875 3282 1007 3348 Porcius
1030 3283 1161 3352 Licinus
1175 3309 1216 3352 ex

150 3372 328 3438 multaticio
342 3384 476 3459 argento
497 3371 589 3456 signa
610 3391 700 3436 aenea
714 3371 752 3436 ad
770 3369 895 3436 Cereris
909 3369 1041 3435 dedere:
1064 3383 1098 3436 et
1110 3370 1214 3450 ludos,

150 3481 213 3546 pro
226 3459 378 3544 temporis
393 3459 460 3546 ejus
474 3457 577 3543 copia,
594 3455 755 3558 magnifici
769 3456 941 3542 adparatus
956 3455 1107 3522 fecerunt.

197 3545 276 3612 VII.
299 3545 398 3610 Exitu
413 3544 490 3610 anni
504 3542 609 3631 hujus,
619 3543 672 3608 dre
708 3557 801 3610 uarto
815 3555 847 3608 et
861 3542 1021 3610 tricesimo
1028 3559 1048 3623 ⁸,
1064 3567 1160 3631 quarn
1174 3545 1316 3612 abbatius
1326 3573 1358 3608 aa

126 3635 128 3639 ’
152 3631 339 3700 Tarracone
357 3630 516 3719 profectus
536 3643 615 3710 crat,
638 3630 676 3696 C.
727 3629 816 3696 aelius
830 3630 952 3720 legatus
970 3631 1127 3718 Scipionis
1149 3624 1344 3738 Ro-ssffl'ffll‘
1376 3649 1378 3654 '

152 3718 351 3784 mamvenit:
374 3719 474 3804 isque,
485 3739 560 3782 cum
572 3717 699 3804 agmine
709 3719 909 3802 captivorum
924 3718 1081 3806 ingressus
1093 3719 1215 3798 urbem,
1225 3703 1328 3802 „1:¹¹⁸”
1337 3703 1382 3738 '⁸⁵

150 3827 303 3892 magnum
318 3825 507 3870 concursum
518 3804 685 3869 hominum
700 3801 785 3870 fecit.
821 3805 953 3870 Postero
964 3805 1017 3872 die
1028 3806 1060 3870 in
1072 3819 1216 3874 senatum
1235 3823 1238 3828 “
1359 3855 1364 3866 .

150 3889 362 3969 introductus,
374 3903 501 3978 captam
517 3889 760 3978 Karthaginem,
776 3905 873 3976 caput
886 3891 1062 3976 Hispania,
1079 3915 1144 3959 nno
1154 3894 1220 3973 die,

290 4040 301 4058 ⁴
316 4031 403 4076 ‘suen
413 4031 489 4078 Gron.
618 4033 724 4092 ’porta
735 4031 888 4078 attriccaimc
899 4031 973 4078 Gron.
984 4034 1055 4082 cren.

185 4158 218 4208 29
239 4157 308 4206 Vrtur
319 4158 349 4206 1.
359 4157 481 4208 Postumii
491 4157 604 4224 Megelli]
616 4160 669 4207 An·
733 4159 764 4208 31
783 4157 844 4207 mdc
853 4161 876 4207 cr
887 4157 997 4207 Liciniae
1011 4175 1108 4210 maura
1119 4177 1142 4211 ra
1153 4163 1218 4211 attt-

152 4239 186 4272 no
196 4235 222 4270 n·
230 4236 252 4270 u·
264 4220 320 4270 460.
701 4225 775 4288 cavit]
787 4224 875 4284 Neque
887 4223 953 4272 enim
964 4239 1079 4287 unquam
1086 4229 1111 4275 in
1123 4231 1219 4276 demor-

151 4353 160 4400 l
183 4284 668 4402 ffiMcqsimurcurio]Vid.aot.28.sd
702 4290 831 4402 ῧιΗοὲιὶιη
842 4292 1108 4340 censorsufflciebatur.
1132 4292 1188 4340 Vid.
1202 4294 1219 4340 l.

161 4383 168 4398 .
222 4367 263 4400 ‚o
292 4377 319 4396 ,ν
344 4389 349 4404 ,
725 4371 765 4402 .c·
811 4377 821 4405 e
