3140 4972
5 4195 7 4258 l

444 205 539 266 nra.
558 205 671 266 xxiv.
701 204 804 264 car.
824 203 937 264 xcix.
1171 211 1232 280 249

172 367 470 458 Karthaginiensem
495 370 618 436 hostem
647 382 818 456 superaret.
863 367 1018 434 Romanis
1042 387 1169 456 qnoque
1196 368 1376 438 ianuam.

175 455 335 541 Hispania
347 456 525 544 legatorum
539 457 623 543 regis
638 459 790 522 adventus
800 476 918 542 magno
932 454 1147 520 emolumento
1160 453 1271 520 fuiss
1283 455 1377 504 0²1³·

171 562 310 627 namque
329 543 370 606 ad
391 542 508 610 famam
530 564 639 608 eorum
663 543 861 608 transitiones
882 541 1001 606 crebrre
1022 540 1063 605 ab
1084 541 1232 606 Numidis

172 642 287 714 ooeptae
309 628 388 692 fieri.
433 627 485 694 Ita
506 651 579 694 cum
597 629 742 729 Syphace
758 627 912 692 Romanis
934 627 1072 713 ⁵⁸juncta
1092 628 1233 694 amicitia
1276 686 1278 690 .

172 729 230 778 est.
274 714 373 790 Quod
392 715 448 779 nbi
469 714 748 803 Karthaginienses
774 726 974 798 acceperunt,
999 713 1162 798 extemplo
1190 714 1232 779 ad

173 799 302 878 Galam,
312 802 346 864 in
357 815 447 886 parte
458 801 555 866 altera
567 801 729 867 Numidiae
741 800 779 886 (⁵³
790 798 942 886 Massyli⁰
952 822 990 864 ea
999 821 1077 887 gens
1088 803 1232 882 vocatur)

172 907 189 950 r
232 902 371 966 nantem,
381 886 411 951 le
452 899 502 952 tos
514 887 653 953 mittunt.

173 1011 183 1032 1
254 972 350 1038 LIX.
374 910 490 1038 rihho
507 973 591 1038 Gala
607 973 806 1038 Masinissam
829 969 976 1046 habebat,
988 983 1106 1056 septem
1125 986 1158 1037 et
1177 971 1384 1053 dedissem.

173 1081 242 1124 cem
257 1081 358 1124 annos
378 1071 498 1136 natum,
514 1072 653 1124 ceterum
671 1061 820 1145 juvenem
836 1081 873 1122 ea
886 1057 1003 1134 indole,
1020 1070 1056 1122 ut
1073 1059 1142 1144 jam
1164 1071 1230 1124 turn
1241 1069 1298 1102 Μ
1310 1055 1371 1102 ⁶⁸¹²

173 1143 352 1230 adpareret,
376 1145 471 1210 latius
491 1167 625 1234 regnum
654 1145 906 1230 opulentiusque,
933 1165 1028 1229 quarn
1051 1140 1232 1228 accepisset,
1242 1121 1320 1230 ἓξὲξ
1330 1121 1367 1167 ‘²'

171 1230 341 1296 facturum.
378 1232 499 1318 Legati,
515 1234 658 1316 quoniam
673 1233 798 1318 Sgphou
811 1253 843 1295 se
856 1232 1008 1294 Rornanis
1018 1229 1184 1314 junxisset,
1200 1242 1234 1296 ot

165 1319 327 1401 potentior
350 1320 493 1382 societate
517 1341 616 1383 eorum
640 1321 782 1383 adamans
801 1339 887 1402 reges
909 1319 1093 1400 populosque
1114 1317 1235 1402 Africoe

172 1415 257 1480 esset,
285 1403 416 1479 docent;
440 1406 544 1468 melius
556 1405 635 1488 fore
659 1403 753 1468 Golae
775 1425 900 1488 qaoque,
922 1403 1235 1487 Kartloffinieasibus

162 1487 262 1574 jungi
274 1511 363 1574 qnam
372 1491 516 1572 primam,
529 1500 690 1574 antequam
707 1491 833 1575 δῃῇαω
843 1493 877 1553 ia
889 1489 1090 1571 Hispaniam,
1103 1499 1157 1553 aar
1167 1490 1235 1553 Ro-

172 1579 259 1640 mani
269 1579 303 1640 in
312 1576 452 1662 Asticum
462 1586 638 1652 transeant,
661 1575 792 1658 obprimi
803 1575 978 1661 Sgphocem,
989 1577 1139 1639 nihildum
1148 1596 1235 1658 proe·
1303 1639 1306 1644 .

172 1672 221 1726 ter
235 1683 341 1726 amaea
365 1685 403 1724 ea
412 1663 537 1746 saedere
551 1663 691 1726 Romano
707 1662 875 1736 habeatem,
890 1682 989 1744 posse.
1035 1660 1141 1725 Facile
1163 1682 1235 1746 per-

174 1771 302 1812 suasum
315 1748 415 1825 Galae,
428 1746 494 1812 filio
509 1749 698 1834 deposcente
712 1747 744 1811 id
760 1747 888 1824 bellum,
901 1760 937 1810 ut
947 1746 1117 1812 exercitum
1131 1747 1234 1814 mitte·
1242 1763 1372 1812 Masinissa

173 1847 240 1898 ret:
270 1834 335 1920 qui,
361 1834 673 1921 Karthaginiensium
700 1833 878 1920 legionibus
904 1833 1089 1918 conjunctis
1116 1827 1395 1922 magnoGflffll‘AEtr

173 1919 291 2004 proelio
308 1920 484 2006 Syphacem
496 1919 626 1986 devicit.
661 1919 809 2008 Triginta
823 1919 923 1984 millia
943 1941 981 1982 eo
1004 1919 1117 2002 proelio
1132 1895 1346 2004 h⁰¹¹¹l·ii¹n⁸olim

173 2028 252 2072 num
278 2029 358 2072 caesa
382 2007 543 2071 dicuntur.
600 2009 622 2071 S
644 2005 730 2092 phau
759 2029 832 2071 cum
856 2007 966 2090 paucis
992 2004 1150 2090 equitibus
1164 2007 1235 2071 ³⁰in
1350 2041 1352 2048 >

172 2092 360 2180 Maurusios
374 2115 417 2156 ex
429 2094 497 2158 acie
511 2029 667 2158 Numiias
680 2093 827 2174 (extremi
842 2112 941 2176 prope
956 2113 1110 2156 oceanum
1125 2094 1235 2158 adver-

170 2202 224 2244 sus
252 2179 359 2245 Gades
384 2179 505 2260 colunt)
528 2178 660 2267 refugit:
685 2179 956 2263 adfluentibusque
978 2176 1017 2241 ad
1037 2177 1153 2242 famam
1168 2179 1235 2264 ejus

172 2265 315 2349 undique
334 2264 487 2341 barbaris,
509 2266 649 2352 ingentes
671 2265 759 2330 brevi
780 2265 887 2350 copias
908 2263 1054 2328 armavit.
1076 2285 1148 2327 cum
1164 2265 1234 2351 qui-

172 2354 232 2416 bus
248 2364 417 2453 antequam
430 2351 464 2415 in
482 2351 673 2436 Hispaniam
688 2365 822 2437 angusto
836 2351 1002 2416 diremtam
1016 2347 1097 2414 freto
1111 2350 1235 2436 trajice·

173 2453 233 2516 ret,
258 2438 424 2501 Masinissa
443 2459 516 2501 cnm
536 2439 654 2502 victore
675 2439 815 2503 exercitu
830 2436 973 2502 advenit:
997 2436 1086 2523 isque
1100 2437 1144 2500 ibi
1159 2459 1233 2502 cum

174 2523 322 2610 Syphace
343 2524 464 2610 ingenti
485 2523 588 2610 gloria
608 2545 666 2608 per
686 2545 729 2601 se,
744 2524 811 2587 sine
833 2523 904 2588 ullis
921 2521 1235 2611 Karthaginiensium

174 2611 298 2696 opibus,
314 2611 411 2698 gessit
432 2611 562 2674 bellum.
608 2611 646 2674 lu
663 2610 822 2694 Hispania
842 2609 922 2673 nihil
945 2608 1149 2688 memorabile
1163 2631 1234 2697 ges-

173 2711 254 2777 tum,
269 2707 482 2782 praeterquam
497 2695 582 2782 quod
600 2695 796 2762 Celtiberhm
814 2697 1012 2784 juventutem
1027 2695 1137 2760 eadem
1152 2717 1234 2760 mer-

173 2785 262 2860 cede,
278 2782 303 2821 ⁶¹
313 2805 376 2868 qua
394 2793 487 2867 pacta
508 2805 580 2847 cum
605 2781 921 2871 Karthaginiensibus
935 2794 1012 2860 erat,
1028 2781 1234 2867 imperatores

175 2869 315 2934 Romani
330 2868 370 2934 ad
386 2890 418 2931 se
433 2868 666 2951 perduxerunt:
690 2882 721 2933 et
735 2869 948 2934 nobilissimos
962 2870 1125 2954 Hispanos
1139 2885 1235 2954 supra

173 2967 330 3020 trecentos
352 2955 385 3017 in
410 2953 534 3018 Italiam
563 2955 602 3019 ud
633 2955 846 3020 sollicitandos
869 2955 1048 3041 populares,
1072 2955 1126 3043 qui
1150 2956 1234 3021 inter

174 3040 295 3106 auxilia
311 3039 504 3106 Hannibalis
526 3052 624 3117 erant,
649 3042 810 3106 miserunt.
855 3041 894 3106 Id
913 3042 1010 3106 modo
1029 3042 1096 3127 ejus
1110 3043 1187 3105 anni
1200 3043 1354 3112 manuam

175 3127 336 3213 Hispania
357 3127 398 3190 ad
419 3127 603 3191 memoriam
629 3127 751 3215 insigne
776 3141 831 3204 cst,
856 3127 942 3212 quod
968 3127 1232 3193 i'mercenarium
1241 3129 1385 3206 pausass-

173 3214 306 3278 militem
320 3213 354 3276 in
369 3213 478 3277 castris
494 3213 650 3278 neminem
665 3224 751 3291 ante,
767 3236 861 3300 quam
876 3228 944 3279 tum
963 3214 1150 3295 Celtiberos,
1167 3215 1233 3279 Ro·
1241 3194 1375 3318 ffissffl'

174 3300 261 3365 mani
275 3299 468 3364 hahuerunt.
1192 3316 1195 3324 ’
1242 3321 1314 3372 Rom.

601 3423 613 3451 ⁶
625 3421 734 3482 Massyla
741 3423 823 3469 Gran..

206 3536 240 3583 58
254 3536 344 3583 «Iuncto
359 3533 465 3579 amicitia
480 3531 526 3594 cst]
548 3533 595 3578 Pro
604 3535 689 3596 juncta
721 3534 828 3582 eudem
839 3549 885 3596 qua
896 3549 926 3583 ex
941 3535 1036 3582 duobus
1047 3535 1150 3595 scriptis.
1182 3535 1233 3582 No-

174 3601 262 3663 optimi
276 3597 359 3660 scripti
378 3598 468 3643 habent
485 3600 572 3655 rupta.-
595 3603 620 3643 et
638 3599 688 3658 pla-
721 3598 758 3644 bis
778 3601 857 3658 potior
882 3600 931 3646 fuit
957 3599 1094 3646 communis
1113 3600 1233 3648 editorum

173 3671 240 3713 neret
255 3665 343 3724 magis,
354 3663 375 3708 si
385 3675 434 3708 non
450 3661 535 3706 eadem
552 3675 599 3708 vox
616 3663 689 3722 petalo
720 3661 802 3724 lectio,
811 3679 866 3725 ques
883 3665 954 3726 longe
970 3664 1055 3712 clarior
1066 3671 1090 3710 et
1101 3665 1235 3726 expeditior

173 3736 231 3778 ante
259 3726 404 3788 reperiretur
437 3725 584 3772 ornantem
613 3730 690 3788 copta
721 3734 765 3776 est.

216 3795 234 3842 i.
751 3793 783 3840 62
807 3791 986 3842 Mrrcmariam
1004 3794 1104 3842 militem
1130 3795 1156 3841 ia
1181 3809 1233 3842 cns-

207 3854 688 3919 59Mauytteagcsroocatar1Hocde·
720 3861 765 3920 tm'r
778 3860 893 3906 nminem
904 3858 967 3922 ante]
994 3859 1076 3906 Gallos
1095 3860 1190 3907 transtu

173 3926 246 3972 betur
261 3922 313 3970 Jac·
333 3919 469 3968 Gronovio,
497 3919 577 3978 Vulgo
592 3917 688 3981 Marsp-
720 3923 799 3982 primo
811 3919 903 3970 Punico
914 3924 1123 3972 balloaltomanis
1133 3925 1159 3970 in
1170 3939 1238 3972 oom-

173 3989 216 4036 tac
234 3986 290 4034 l’ut.
301 3985 399 4033 moesatt.
721 3987 837 4032 militium
855 3988 959 4034 manitas
974 4002 1027 4036 esse
1043 3990 1152 4037 referunt
1163 3989 1235 4052 Poly·

207 4051 242 4098 60
256 4053 290 4099 In
301 4049 441 4098 Maarssrs'or
450 4062 480 4095 es
496 4049 545 4096 acic
556 4048 688 4114 Numidas]
721 4051 775 4096 hius
786 4056 811 4096 et
822 4051 937 4098 Zonaras.
963 4053 1033 4107 Quod
1046 4055 1066 4100 si
1077 4055 1112 4102 ita
1126 4061 1173 4113 est,
1185 4067 1235 4100 non

174 4117 236 4166 Dete
248 4128 333 4178 uocem
344 4113 473 4162 Numidae.
719 4115 793 4174 primi
801 4115 1074 4168 Celtiberiinltomanis
1081 4120 1236 4168 cestriam*

206 4179 236 4230 ol
257 4179 314 4236 Qua
320 4187 411 4244 pacta.
421 4210 429 4226 .
440 4210 447 4226 .
458 4179 535 4243 .erot]
553 4179 690 4228 Gronovius
720 4179 778 4227 cede
786 4179 932 4228 militarunt.
