3140 4972
320 129 390 208 ‘sco
722 141 1000 210 utr1t1v11
1087 177 1094 192 .

170 325 308 378 musto.
332 309 457 377 nubilus
480 309 692 397 obpugnandis
709 311 853 394 'cspniri
876 310 1042 378 mmmm?
1070 307 1242 392 asperim
1266 317 1392 396 quaeque'
1451 389 1453 392 Ι

169 395 200 442 Α·
211 391 240 440 ὓ
252 391 308 440 ²¹²·
333 398 378 460 cd
390 397 523 462 laborem
538 399 765 481 periuriumque
778 398 970 482 deposcimus,
984 405 1030 476 ut,
1043 397 1123 480 quod
1134 396 1178 460 ud
1193 396 1320 463 caunas
1327 398 1391 485 fu·

324 475 474 548 uiuidum
485 484 569 568 sirit,
592 485 811 568 quamprimum
828 485 906 565 firm,-
936 483 1089 566 quonium,
1111 483 1263 567 quidquid
1279 494 1390 568 postea

231 597 234 612 ·
333 570 472 648 vicimus,
488 573 524 634 id
536 591 622 635 omme
635 572 817 634 destinatum
831 571 1009 654 iguormimiae
1023 579 1075 634 est.

170 661 210 708 Au
221 673 290 738 ⁸21¹st-
376 655 452 723 v11.
463 657 531 722 Sub
541 657 610 721 hoec
618 655 753 722 dictand
760 678 865 741 genua
873 653 1274 742 Marcelliprocubuerunt.
1298 655 1390 723 Mau

171 727 315 838 ffiffud·
333 742 432 810 collus
441 743 476 808 id
484 765 543 808 nec
553 743 646 829 juris,
656 763 715 806 nec
724 742 887 828 potestatis
900 764 967 806 sute
977 763 1044 807 esse
1053 741 1143 806 dixit.
1155 743 1278 807 senatui
1289 743 1390 828 scrip-

334 829 889 916 tummmomniuquedesententiu
901 827 1202 894 Petrumfacturum
1212 850 1289 894 esse.
1321 828 1387 896 Hae

333 916 435 982 literae
445 915 487 983 ud
497 937 596 980 novos
607 913 752 980 consules
766 915 891 992 udlntae,
904 935 940 979 uc
950 935 1007 998 per
1016 937 1070 980 eos
1080 914 1113 978 in
1125 927 1235 980 senatu
1249 916 1388 982 recitate

171 1021 274 1066 sensim
289 1015 420 1068 essunt:
437 1002 659 1089 consultusque
673 1001 713 1066 de
724 1000 773 1066 his
783 1002 881 1066 literis
897 1001 941 1066 ita
954 1000 1093 1066 decrevit
1110 1013 1250 1068 senatus:
1267 1003 1388 1068 Militi·

172 1085 268 1132 verius.
333 1090 397 1168 burs,
413 1092 468 1174 qui
480 1092 524 1153 cd
539 1091 665 1154 Cannas
681 1091 894 1152 commilitones
906 1109 974 1154 sum
986 1097 1161 1173 pugimntes
1179 1090 1387 1167 deseruissent,

332 1187 470 1247 remotum
484 1177 566 1240 nibil
579 1177 692 1252 vidore,
709 1197 764 1238 cur
781 1175 951 1256 respublica
969 1175 1181 1240 committenda
1198 1176 1251 1240 sit.
1283 1176 1320 1240 Si
1336 1177 1387 1243 M.

335 1264 468 1330 Claudio
483 1263 660 1344 proconsuli
673 1262 768 1324 aliter
782 1262 945 1338 uideretur,
955 1261 1093 1346 fuceret,
1109 1262 1190 1344 quod
1203 1262 1388 1344 erepublica

323 1351 449 1434 fideque
462 1369 518 1412 suu
532 1349 667 1412 duceret.-
682 1345 782 1412 ⁴⁰dum
796 1348 916 1432 nequis
930 1368 1030 1411 eorum
1044 1357 1313 1429 munumentum,
1330 1371 1390 1414 neu

333 1437 413 1500 dono
426 1435 561 1500 militari
574 1435 698 1498 uirtutis
711 1455 783 1518 ergo
797 1436 973 1510 domaretur,
988 1454 1047 1497 meu
1061 1435 1093 1497 iu
1109 1433 1233 1498 Italiam
1246 1445 1388 1517 reporta-
1437 1445 1440 1452 ’

314 1573 317 1580 ,
332 1531 429 1598 retur,
442 1521 636 1585 doucclostis
645 1522 679 1584 iu
690 1529 774 1584 terra
785 1521 884 1584 Italia
895 1529 980 1586 essct.
1007 1518 1146 1584 Comitia
1154 1518 1387 1606 deindeeprae-

334 1620 404 1672 tore
414 1608 536 1671 urbano
547 1605 587 1671 de
601 1619 726 1670 senatus
740 1606 893 1670 sententie
907 1605 1072 1692 plebisque
1085 1606 1165 1670 scitu
1179 1620 1252 1671 sunt
1261 1605 1387 1688 habitus

333 1693 449 1780 quibus
459 1693 557 1758 creati
570 1705 645 1758 suut
657 1692 857 1780 quinqueviri
871 1691 970 1756 muris
981 1692 1181 1779 turribusque
1195 1692 1388 1760 reficiendis:

332 1793 364 1845 et
376 1779 532 1844 triumviri
543 1778 623 1854 bini;
639 1779 734 1843 uni=⁴¹
743 1777 839 1844 sacris
848 1801 907 1844 con
932 1777 1082 1855 uirendis,
1096 1778 1254 1865 donisque
1267 1780 1389 1868 persig-

330 1866 459 1943 nsndim
481 1864 571 1932 elteri
585 1864 765 1930 reficiendis
779 1801 944 1930 edibusb

332 1953 415 2020 intra
435 1965 561 2038 portum
577 1951 822 2030 Carmentalem,
843 1951 898 2019 sed
912 1966 945 2016 et
959 1951 1034 2037 Spei
1053 1966 1141 2018 extre
1156 1964 1294 2038 portem,
1315 1975 1388 2038 quoe

332 2040 438 2126 priore
452 2061 537 2104 suno
550 2038 699 2105 incendio
709 2051 882 2104 consumtae
896 2037 1032 2103 fuerunt.
1065 2037 1284 2123 Tempestates
1294 2041 1388 2105 soedoe

330 2125 428 2192 fuere.
465 2126 503 2192 ln
516 2126 642 2192 Albano
653 2137 762 2190 monte
771 2124 905 2189 biduum
916 2123 1115 2190 continenter
1123 2124 1282 2209 lapidibus
1295 2126 1401 2212 pluit..

330 2212 463 2280 tactude
472 2213 554 2278 coelo
566 2211 683 2278 multu:
698 2212 814 2276 duoein
825 2210 985 2296 Capitolio
993 2210 1093 2277 sedes:
1105 2210 1223 2277 vallum
1235 2213 1268 2276 in
1279 2213 1389 2279 cestris

332 2300 441 2366 multis
450 2299 527 2367 locis
538 2321 635 2384 supra
647 2296 837 2375 Suessulam,
848 2310 880 2363 et
888 2297 953 2362 duo
961 2289 1264 2451 qqgilesexanimuti.
1277 2321 1388 2366 murus

330 2401 495 2472 turresque
504 2385 764 2473 queedemCumis
774 2407 839 2448 non
848 2385 960 2449 ictaem
1005 2382 1388 2463 ofitlminibuusedetium

331 2473 486 2540 decussae.
523 2473 621 2537 Recte
631 2493 741 2536 saxum
755 2473 864 2560 ingens
875 2471 975 2536 visum
988 2469 1131 2535 volitare:
1148 2469 1194 2534 sol
1210 2470 1323 2539 rubore
1336 2496 1387 2540 so-

331 2557 390 2624 lito
401 2559 511 2645 magis,
521 2559 757 2645 sanguineoque
767 2557 885 2622 similis.
914 2557 1039 2624 Horum
1048 2556 1268 2644 prodigiorum
1277 2581 1389 2627 caussa

330 2645 416 2712 diem
431 2666 529 2710 unum
544 2643 734 2730 supplicatio
744 2643 813 2721 fuit,
822 2658 854 2708 et
865 2665 922 2728 per
933 2643 1053 2730 aliquot
1063 2642 1130 2708 dies
1139 2645 1282 2713 consules
1292 2646 1388 2713 rebus

170 2731 447 2820 ossaque-divinis
461 2752 590 2816 operum
606 2729 779 2798 dulerunt:
802 2743 834 2796 et
843 2751 901 2816 per
908 2729 1035 2794 eosdem
1046 2728 1114 2796 dies
1123 2753 1247 2796 sucrum
1258 2754 1389 2798 novem-

167 2807 323 2934 ffiffi
331 2818 417 2886 diule
434 2816 504 2883 fuit
530 2819 644 2892 ,Quum
660 2815 910 2892 ,Tarentinorum
925 2815 1061 2882 defectio
1073 2816 1141 2902 jem
1159 2815 1215 2884 diu
1230 2830 1262 2883 et
1279 2819 1313 2882 in
1330 2841 1388 2905 spe

333 2903 793 2990 Hannibali,etinsuspicioue
802 2904 954 2968 Romanis
962 2915 1169 2980 esseucuusea
1176 2902 1257 2969 forte
1264 2907 1389 2970 exitiu-

330 3013 420 3058 secus
429 2991 628 3056 maturandae
637 2992 706 3078 ejus
715 2991 893 3056 intervenit.
917 2987 1388 3077 PhileesTsreutinuudiujum

330 3101 389 3166 per
402 3076 538 3165 speciem
550 3076 715 3165 legutionis
727 3078 841 3142 Romae
852 3097 951 3164 quum
965 3089 1057 3154 esset,
1068 3076 1117 3140 vir
1131 3076 1263 3164 inquieti
1277 3078 1387 3158 animi,

330 3164 502 3234 etmiuime
510 3163 620 3241 otium,
627 3186 695 3251 quo
703 3176 772 3230 tum
780 3162 904 3229 diutino
912 3183 1074 3229 senescere
1081 3161 1257 3244 videbatur,
1265 3165 1389 3251 patien-

330 3253 381 3330 tis,
403 3251 525 3318 editum
548 3250 609 3316 sibi
628 3250 670 3316 ud
691 3250 816 3317 obsides
833 3249 1026 3314 Tarentinos
1044 3247 1175 3316 invenit.
1221 3249 1389 3316 Custodie-

330 3339 448 3406 buntur
462 3338 494 3402 in
511 3337 593 3404 atrio
616 3336 788 3402 Libertatis
806 3335 929 3401 minore
949 3357 1037 3413 curu,
1052 3336 1127 3422 quis
1145 3358 1205 3401 neu
1218 3336 1308 3422 ipsis,
1330 3360 1390 3403 nec

236 3445 239 3455 ’
329 3426 448 3492 civitati
457 3447 568 3491 eorum
576 3423 684 3490 fallere
694 3423 856 3488 Romanos
864 3421 1058 3506 expediebat.
1091 3423 1176 3500 Hos,
1186 3423 1389 3488 crebriscon-

329 3513 444 3602 loquiis
464 3511 656 3589 sollicitatos,
671 3508 835 3595 conruptis
857 3507 981 3574 aedituis
1003 3507 1139 3584 duobus,
1155 3529 1253 3595 quum
1276 3511 1388 3596 primis

943 1878 1069 1930 ortunae
1083 1877 1115 1930 et
1128 1865 1237 1930 metris
1253 1865 1390 1932 Metutte
1497 1943 1501 1948 .

329 3599 467 3671 tenebris
481 3597 626 3665 custodis
636 3596 806 3676 eduxisset,
821 3595 887 3682 ipse
899 3618 1002 3660 comes
1017 3595 1132 3662 occulti
1152 3596 1274 3662 itineris
1288 3598 1389 3662 sactus
1506 3623 1510 3630 ·

328 3686 482 3774 profugit.
528 3685 618 3750 Luce
638 3683 743 3770 primu
763 3682 891 3770 vulgatu
912 3703 970 3768 per
991 3680 1102 3747 urbem
1124 3679 1199 3771 fuge
1227 3685 1390 3796 estr'mis-

360 3824 394 3872 tu
409 3825 514 3870 Dumnc
524 3826 578 3884 quis
593 3837 673 3870 corum
689 3835 784 3869 munere
801 3836 843 3869 oc·
874 3819 1040 3884 siluissemus.

327 3885 402 3950 occet]
418 3887 512 3934 Munus
533 3889 573 3936 hic
592 3894 629 3934 est
648 3900 710 3934 onus
728 3887 843 3946 militare,
906 3885 936 3935 41
965 3887 1047 3934 Sacris
1078 3887 1249 3948 conquirendis,
1279 3887 1389 3948 dorsisque

327 3955 400 4016 quale
416 3959 464 4005 est,
476 3953 580 4013 lignum,
601 3953 704 4006 ioenum,
723 3957 841 4010 stramen,
870 3951 1049 4015 persignandis]
1090 3951 1266 4013 conquirendis
1306 3953 1392 4012 esuris,

268 4021 272 4030 ’
327 4017 454 4078 uqttumin
465 4023 544 4063 oustrs
555 4022 660 4077 portare,
676 4015 721 4062 &e
755 4016 844 4062 lissu-
874 4030 930 4077 quoe
947 4017 1044 4062 fuerunt
1061 4017 1086 4063 iu
1104 4017 1197 4064 aedibus
1207 4018 1238 4064 de
1248 4017 1337 4079 quibus
1351 4017 1390 4064 in·

327 4089 378 4130 mm
394 4081 508 4128 oneribus
519 4081 759 4140 vmquibusdum
777 4081 843 4127 mili.
873 4081 920 4134 ire,
937 4080 1017 4142 priore
1034 4095 1099 4128 enno
1115 4081 1228 4129 incendio
1245 4082 1391 4142 absumptis.

327 4148 393 4193 tibm
404 4145 502 4192 virtutis
518 4159 576 4206 erpo
591 4147 703 4192 dabutur.
738 4144 791 4191 Hm
806 4152 843 4192 et·
874 4145 950 4192 nonu
964 4145 1138 4206 persignandis,
1155 4145 1181 4194 ld
1199 4153 1247 4205 eut,
1261 4157 1391 4206 recognos-

326 4211 376 4257 ium
399 4211 538 4256 cautiones
558 4210 682 4256 interdum
703 4210 807 4268 pecunie
827 4223 842 4257 ι
874 4210 956 4256 tendis
973 4214 999 4255 et
1017 4211 1043 4257 in
1061 4211 1155 4267 tubulus
1166 4211 1274 4272 publicus
1284 4212 1392 4258 miesen-

323 4273 508 4322 uenturionibus
534 4275 651 4321 redimere
681 4275 764 4320 sollum
790 4287 846 4321 esse
874 4273 1002 4332 diodonis,
1015 4287 1071 4336 qum
1081 4277 1224 4324 eorumdem
1242 4276 1391 4336 templorum

325 4340 416 4390 milites
435 4340 505 4386 docet
516 4339 577 4388 Tac.
588 4339 606 4387 1.
617 4338 639 4388 1.
650 4342 719 4386 Anu.
733 4352 756 4387 c.
768 4337 804 4387 17.
816 4344 843 4385 et
873 4339 961 4388 forent.
