3064 4976
277 211 363 268 'te
499 295 502 300 Ι
638 269 643 278 ,
708 201 993 272 T1T1L1v1'1
1070 225 1074 232 ·

161 381 191 430 υ.
201 383 230 431 c.
241 381 297 430 ssu
324 389 391 454 ego,
405 389 444 432 ue
454 369 659 453 ignoraretis,
665 392 728 438 esse
736 371 860 456 aliquus
873 380 904 435 et
916 369 1070 440 satuiser
1079 372 1174 454 poris·
1182 371 1265 438 vodis
1278 371 1386 438 coodi-⁸

160 449 192 526 ἃ,
203 449 230 496 ⁰·
242 447 298 496 ²¹⁸
324 457 432 532 timus,
438 465 628 538 pro'oetusto
636 458 782 540 hospitio,
794 460 875 542 quod
883 457 1116 534 rrihioobiseum
1124 467 1178 535 est,
1188 460 1233 522 ad
1241 461 1387 530 susurrii.

328 539 361 613 V
355 551 438 606 estro
452 552 552 606 autem
565 565 672 608 caussa
686 565 741 622 me,
751 566 811 608 mec
824 546 917 608 ullius
930 545 1069 620 atterite,
1084 547 1180 628 loqui,
1195 562 1264 629 quat
1276 547 1385 628 loquor

323 629 410 712 apud
431 651 491 704 uos,
505 627 588 694 ⁶⁰oel
608 652 646 693 ea
657 631 743 713 fides
763 632 816 706 sit,
832 632 921 714 quod,
937 633 1124 714 nequedum
1147 633 1255 700 vestris
1269 631 1386 696 uiribus

323 715 492 792 restitistis,
508 719 683 798 nequedum
698 719 821 780 auritio
834 717 874 790 at
888 717 1040 780 Romanis
1052 719 1209 799 sperastis,
1219 721 1311 801 pacis
1321 739 1387 782 um-

324 823 414 888 quam
423 804 509 883 apud
515 824 567 866 oos
574 805 752 866 mentionem
750 803 832 887 feci.
854 805 1022 886 Postquam
1031 804 1132 868 necat
1141 805 1293 880 Eamquis
1302 805 1387 876 uobis

323 889 389 950 utta
403 909 470 969 spes
484 898 537 964 est,
553 911 607 952 mec
621 888 796 972 uestrojom
807 899 863 952 aut
872 911 963 951 orma
974 911 1035 965 uos,
1051 899 1106 954 aut
1119 892 1232 954 moeoia
1244 892 1323 954 sotis
1334 893 1390 957 de-¹

311 974 582 1057 feaduut,·pacem
593 976 703 1060 adfm
712 977 757 1038 ad
766 977 925 1060 cosmogis
934 977 1145 1058 necessariam,
1155 995 1245 1060 quam
1256 993 1386 1060 aquom

324 1058 409 1142 cujus
423 1062 476 1124 ita·
484 1062 591 1144 aliqua
613 1083 681 1144 spes
702 1071 755 1138 est,
771 1063 800 1124 si
820 1083 886 1124 eom
901 1063 1145 1146 quemadmodum
1158 1073 1194 1129 ut
1207 1064 1305 1128 uictor
1312 1064 1388 1146 fist

326 1145 502 1230 Hammibal,
518 1150 627 1212 sicvos
640 1158 674 1212 ut
687 1149 763 1212 niati
774 1150 934 1212 audiatis:
949 1149 978 1212 si
991 1169 1052 1212 mom
1066 1151 1110 1224 id,
1125 1151 1207 1232 quod
1220 1151 1391 1226 amittitur,

325 1235 360 1299 io
371 1235 496 1310 domuc,
506 1239 609 1318 (quon
619 1235 721 1298 omnin
732 1236 856 1298 uictoris
865 1235 941 1314 sint)
952 1236 1014 1311 sed,
1027 1237 1179 1318 quidquid
1187 1237 1385 1319 relinquitur,

319 1341 519 1402 promumere
532 1320 672 1384 habituri
685 1323 766 1385 estis.
809 1320 919 1385 Urbem
932 1321 1024 1398 uobis,
1041 1343 1130 1404 quam
1145 1339 1183 1384 eu
1196 1321 1388 1406 magmajam

321 1407 569 1488 partedinttom,
578 1407 878 1492 coptamferetotam
887 1407 987 1484 dubet,
997 1408 1117 1482 adimit,
1128 1411 1386 1492 ogrusrelinquit,

326 1494 422 1556 locum
436 1495 666 1577 adsignaturus,
681 1496 715 1556 im
729 1515 788 1577 quo
803 1515 909 1558 uocum
922 1495 1066 1576 oppidum
1079 1495 1257 1578 aedptqrtisr
1277 1512 1388 1560 autrum

327 1588 544 1663 argentumque
554 1601 649 1657 omne,
659 1580 814 1664 prrhlicum
823 1582 1049 1663 privatumque,
1064 1582 1108 1643 od
1117 1602 1149 1643 se
1152 1579 1244 1664 jubet
1254 1583 1387 1666 deferri.-

326 1663 515 1750 ⁶¹eomjugum
535 1676 693 1752 uestraque
706 1687 837 1749 corpora
857 1689 895 1729 ac
916 1666 1078 1730 liberorum
1100 1677 1263 1730 ursmarum
1284 1678 1388 1734 seruat

327 1752 489 1828 inuiolata,
505 1753 534 1816 si
548 1755 676 1817 inermes
689 1752 782 1816 6²crem
796 1753 878 1834 bimis
891 1755 1187 1817 uestimentisoelitis
1196 1753 1236 1816 od
1249 1753 1390 1838 Sagunto

326 1839 419 1900 erire.
437 1837 516 1902 Haec
527 1841 728 1904 victoriostis
739 1841 880 1921 imperat.
912 1838 1000 1918 Hac,
1012 1861 1191 1923 quamquam
1202 1842 1387 1924 stutgraoia

326 1933 419 2007 otque
432 1925 695 2011 acerba‚fortuua
705 1935 806 1990 uestro
816 1925 899 1990 uobis
908 1928 1025 1990 madet.
1069 1927 1221 2008 Equidem
1235 1928 1321 1990 haud
1333 1930 1387 2002 de·

325 2031 425 2094 spero,
438 2009 557 2094 ⁶³quum
565 2015 697 2094 munium
703 2021 841 2094 potestas
850 2013 880 2074 ei
889 2007 991 2095 ‘facto
1000 2014 1053 2088 sit,
1063 2013 1187 2096 aliquid
1196 2035 1234 2076 ea
1242 2013 1389 2090 Itisrebus

324 2099 529 2182 remissurum.
572 2099 634 2164 Sed
646 2100 716 2162 uel⁸
729 2099 794 2161 lraec
802 2099 957 2180 potienda
971 2119 1074 2162 censeo
1081 2099 1197 2180 potius,
1214 2121 1304 2182 quom
1318 2109 1386 2164 tru-

325 2185 431 2246 cidari
443 2206 573 2266 corpora
595 2194 705 2261 uestra,
721 2185 796 2268 rapi
816 2185 959 2268 trahique
972 2195 1046 2248 aute
1059 2205 1117 2247 oro
1131 2195 1232 2264 vestra
1246 2185 1387 2270 corp'uges

326 2292 364 2344 ac
377 2269 488 2334 liberos
502 2271 575 2335 belli
577 2270 654 2354 jure
662 2273 790 2335 sinatis.
858 2279 860 2286 “
1283 2339 1286 2348 ,

342 2425 344 2432 ,
370 2355 469 2422 XIV.
492 2356 543 2420 Ad
554 2355 626 2422 haec
636 2356 795 2421 audienda
806 2378 915 2444 quum,
928 2357 1118 2424 circumfusa
1129 2358 1292 2444 paullatim
1304 2359 1390 2434 mul-a

326 2441 473 2520 titudine,
488 2443 682 2528 permixtum
696 2445 819 2510 senatui
834 2457 913 2509 esset
926 2444 1039 2530 populi
1054 2446 1240 2522 concilium3
1256 2459 1396 2527 repente¹

209 2539 252 2616 ,ἡ
327 2529 493 2613 primores,
509 2529 683 2594 secessione
704 2530 796 2608 facte,
814 2531 1010 2617 (priusquam
1032 2553 1218 2616 responsum
1240 2530 1388 2610 daretur)

327 2609 494 2696 argentum
517 2638 694 2703 eurumque
716 2637 819 2694 omne,
835 2639 876 2681 ex
890 2618 1018 2703 publico
1032 2620 1222 2705 privatoque
1233 2618 1267 2680 in
1281 2616 1387 2692 sorum

325 2700 499 2778 conlatum,
516 2701 666 2789 inignem
681 2702 722 2768 ed
737 2703 771 2768 id
784 2703 900 2787 raptim
914 2707 1034 2769 factum
1048 2705 1258 2790 conjicientes,
1274 2704 1387 2784 eodem

327 2787 470 2872 plerique
484 2802 582 2853 semet
597 2787 657 2874 ipsi
671 2790 960 2874 praecipiteveruut
1004 2789 1115 2867 Quum
1131 2813 1170 2856 ex
1186 2813 1224 2854 eo
1233 2811 1334 2876 pavor
1348 2811 1387 2856 ec

327 2873 497 2959 trepidatio
518 2887 618 2938 toturn
641 2875 752 2942 urbem
776 2879 969 2960 pervasisset,
986 2876 1065 2941 elius
1080 2878 1210 2960 insuper
1231 2876 1388 2942 tumultus

327 2981 368 3024 ex
392 2983 463 3026 erce
486 2960 629 3039 auditur,
671 2961 785 3028 Turris
808 2961 864 3028 diu
888 2978 1035 3064 quassata
1049 2964 1243 3044 prociderat:
1266 2985 1390 3050 perque

326 3045 454 3110 ruinam
476 3049 542 3133 ejus
567 3047 681 3113 cohors
703 3049 880 3114 Poenorum
901 3065 1013 3133 inpetu
1037 3050 1119 3114 iacto
1138 3071 1236 3136 quum
1258 3052 1388 3138 signum

325 3132 511 3218 imperatori
526 3133 672 3212 dedisset,
688 3137 839 3200 nudatam
859 3136 1047 3200 stationibus
1062 3136 1275 3222 custodiisque
1289 3136 1389 3202 solitis

327 3218 465 3298 hostium
478 3236 547 3284 esse
561 3222 690 3300 urbem3
713 3244 778 3287 non
794 3222 1006 3286 cunctandum
1028 3222 1062 3286 in
1084 3222 1137 3286 tali
1157 3223 1322 3288 occasione
1337 3244 1389 3286 re·

164 3315 271 3376 capsum
321 3316 377 3370 tus
393 3306 570 3384 Hannibal,
594 3309 668 3373 totis
683 3309 802 3374 viribus
822 3308 989 3396 adgressus
1011 3311 1134 3386 urbem,
1150 3323 1314 3372 momento
1336 3329 1389 3373 ce-

65 3469 68 3476 r
164 3379 310 3442 ΨΜ·
326 3392 384 3476 pit,
400 3394 493 3482 signo
508 3393 596 3474 dete,
611 3408 647 3459 ut
662 3417 772 3459 omnes
786 3394 920 3480 puberes
934 3391 1198 3474 interficerentur.
1222 3394 1309 3480 quod
1326 3394 1398 3478 im·-

326 3481 452 3564 perium
468 3479 607 3559 crudele,
624 3495 764 3547 ceterum
778 3504 879 3568 prope
893 3481 1102 3546 necessarium
1118 3481 1144 3520 ⁶⁴
1153 3486 1315 3570 cognitum
1339 3481 1390 3566 ip·

514 3621 782 3703 fnddooodtrGroni
907 3655 973 3702 trel
983 3656 1029 3702 del.
1041 3657 1117 3705 Gron.
1129 3654 1200 3702 Creu.

357 3803 390 3850 60
410 3803 486 3850 Valeo
499 3803 614 3868 fldesrit]
633 3803 688 3852 Hoc
706 3817 784 3851 unum
803 3817 842 3850 ur·
872 3811 937 3851 recte
956 3805 1052 3852 videtur
1075 3804 1173 3864 Lipsius
1195 3803 1235 3850 hie
1258 3812 1391 3862 reponeres

324 3873 504 3928 gumentoesse
515 3873 603 3929 potest.
872 3881 926 3915 cum
939 3871 1029 3930 privis,
1042 3869 1058 3914 i.
1070 3883 1091 3916 e.
1110 3869 1221 3929 singulis,
1240 3867 1390 3913 vestimentis.

357 3932 388 3980 61
408 3934 542 3994 conjugum
561 3937 679 3994 uestraque
699 3945 794 3992 corpora
814 3946 842 3978 ac
873 3932 983 3980 Tametsi
1005 3947 1053 3980 vox
1073 3934 1116 3980 illa
1137 3934 1210 3993 poulo
1231 3931 1329 3980 rarioris
1352 3937 1393 3976 est

247 4053 249 4058 Ι
322 3997 459 4058 liberorum]
484 3997 615 4043 Decentior
636 4003 673 4042 ut
694 3998 753 4042 ordo
767 4009 841 4056 quem
873 4010 940 4047 usus.

324 4067 422 4108 servant
440 4062 542 4121 quidam
560 4062 658 4120 scriptis
682 4074 776 4120 corporo
793 4076 841 4107 ors·
905 4063 938 4110 63
955 4061 1033 4118 Quum
1048 4063 1152 4109 munium
1166 4066 1270 4124 potestas
1289 4058 1392 4121 risoria

324 4129 374 4185 tra,
401 4126 527 4188 conjugium
552 4139 579 4172 oc
604 4125 728 4172 literarum
754 4129 841 4172 oestro·
872 4124 1188 4190 rtt1Vulgoovotirsaeta
1201 4129 1241 4173 stt.
1274 4123 1391 4172 Sedda

325 4205 387 4236 rum.
607 4237 610 4242 Δ
873 4191 935 4237 uobis
960 4192 1073 4252 ignorant
1099 4205 1185 4238 omnes
1211 4191 1303 4251 scripti,
1334 4196 1392 4236 tum

315 4277 318 4292 ·
356 4254 389 4303 62
407 4254 469 4300 Cum
487 4253 546 4300 itate
556 4253 709 4316 uestimentis]
726 4254 803 4314 snpra
818 4269 851 4304 c.¹
873 4256 1030 4308 Gronoviuui.
1041 4263 1095 4302 tum
1107 4258 1192 4308 nostri·
1213 4281 1216 4288 ·

326 4319 482 4374 12Annibel
499 4320 723 4378 postulaturum
738 4319 841 4379 singulis
904 4319 937 4367 64
953 4321 1081 4380 Cognitum
1104 4323 1130 4367 tu
1148 4322 1208 4383 ipso
1232 4322 1315 4368 eornm
1340 4317 1388 4380 cst]

326 4385 476 4431 vestimentis
493 4383 621 4445 Saguntini
636 4391 731 4432 exeant.
756 4384 854 4450 ltaque,
873 4387 929 4434 Duo
950 4383 1033 4446 scripti
1053 4399 1068 4432 u
1090 4386 1212 4434 Gronovio
1234 4383 1341 4444 allegati,
1365 4391 1393 4430 et
