<?xml version="1.0" encoding="UTF-8"?>
<!DOCTYPE html PUBLIC "-//W3C//DTD XHTML 1.0 Transitional//EN"
    "http://www.w3.org/TR/xhtml1/DTD/xhtml1-transitional.dtd">
<html xmlns="http://www.w3.org/1999/xhtml" xml:lang="en" lang="en">
 <head>
  <title>
</title>
<meta http-equiv="Content-Type" content="text/html;charset=utf-8" />
  <meta name='ocr-system' content='tesseract 3.04.00' />
  <meta name='ocr-capabilities' content='ocr_page ocr_carea ocr_par ocr_line ocrx_word'/>
</head>
<body>
  <div class='ocr_page' id='page_1' title='image "./tliviipatavinih00crevgoog/tliviipatavinih00crevgoog_0279.png"; bbox 0 0 3140 4972; ppageno 0'>
   <div class='ocr_carea' id='block_1_1' title="bbox 351 142 1095 270">
    <p class='ocr_par' dir='ltr' id='par_1_1' title="bbox 351 142 1095 270">
     <span class='ocr_line' id='line_1_1' title="bbox 351 142 1095 270; baseline 0 -34"><span class='ocrx_word' id='word_1_1' title='bbox 351 175 411 243; x_wconf 78' lang='lat' dir='ltr'><strong>ara</strong></span> <span class='ocrx_word' id='word_1_2' title='bbox 737 168 851 270; x_wconf 70' lang='lat' dir='ltr'><strong>rint</strong></span> <span class='ocrx_word' id='word_1_3' title='bbox 878 171 1015 237; x_wconf 79' lang='lat' dir='ltr'><strong>srvit</strong></span> <span class='ocrx_word' id='word_1_4' title='bbox 1091 142 1095 149; x_wconf 72' lang='grc'><strong>“</strong></span> 
     </span>
    </p>
   </div>
   <div class='ocr_carea' id='block_1_2' title="bbox 185 325 1472 1122">
    <p class='ocr_par' dir='ltr' id='par_1_2' title="bbox 185 325 1472 1122">
     <span class='ocr_line' id='line_1_2' title="bbox 185 325 1472 426; baseline -0.005 -11"><span class='ocrx_word' id='word_1_5' title='bbox 185 353 326 415; x_wconf 57' lang='lat' dir='ltr'><strong>,triento</strong></span> <span class='ocrx_word' id='word_1_6' title='bbox 353 325 516 406; x_wconf 83' lang='lat' dir='ltr'><strong>Rornauos</strong></span> <span class='ocrx_word' id='word_1_7' title='bbox 536 335 704 426; x_wconf 85' lang='lat' dir='ltr'><strong>praebuere</strong></span> <span class='ocrx_word' id='word_1_8' title='bbox 722 336 807 404; x_wconf 83' lang='lat' dir='ltr'><strong>horti</strong></span> <span class='ocrx_word' id='word_1_9' title='bbox 828 335 868 404; x_wconf 90' lang='lat' dir='ltr'><strong>ad</strong></span> <span class='ocrx_word' id='word_1_10' title='bbox 881 338 1021 417; x_wconf 78' lang='lat' dir='ltr'><strong>eaedem.</strong></span> <span class='ocrx_word' id='word_1_11' title='bbox 1067 338 1196 406; x_wconf 81' lang='lat' dir='ltr'><strong>Atinius</strong></span> <span class='ocrx_word' id='word_1_12' title='bbox 1217 349 1413 422; x_wconf 85' lang='lat' dir='ltr'><strong>tamencum</strong></span> <span class='ocrx_word' id='word_1_13' title='bbox 1462 364 1472 372; x_wconf 92' lang='lat'>·</span> 
     </span>
     <span class='ocr_line' id='line_1_3' title="bbox 191 423 1431 528; baseline 0.002 -36"><span class='ocrx_word' id='word_1_14' title='bbox 191 428 326 480; x_wconf 51' lang='lat' dir='ltr'><strong>tic-²¹²·</strong></span> <span class='ocrx_word' id='word_1_15' title='bbox 350 425 474 512; x_wconf 40' lang='lat' dir='ltr'><strong>paucis,</strong></span> <span class='ocrx_word' id='word_1_16' title='bbox 495 438 649 518; x_wconf 81' lang='lat' dir='ltr'><strong>receptus.</strong></span> <span class='ocrx_word' id='word_1_17' title='bbox 706 424 827 492; x_wconf 85' lang='lat' dir='ltr'><strong>Seditio</strong></span> <span class='ocrx_word' id='word_1_18' title='bbox 854 424 930 490; x_wconf 91' lang='lat' dir='ltr'><strong>inde</strong></span> <span class='ocrx_word' id='word_1_19' title='bbox 956 423 1130 528; x_wconf 73' lang='lat' dir='ltr'><strong>paullisper</strong></span> <span class='ocrx_word' id='word_1_20' title='bbox 1154 427 1275 505; x_wconf 85' lang='lat' dir='ltr'><strong>tenuit3</strong></span> <span class='ocrx_word' id='word_1_21' title='bbox 1313 448 1431 520; x_wconf 77' lang='lat' dir='ltr'><strong>quum¹</strong></span> 
     </span>
     <span class='ocr_line' id='line_1_4' title="bbox 350 510 1455 594; baseline 0.003 -16"><span class='ocrx_word' id='word_1_22' title='bbox 350 513 439 578; x_wconf 81' lang='lat' dir='ltr'><strong>⁹¹alii</strong></span> <span class='ocrx_word' id='word_1_23' title='bbox 466 514 576 578; x_wconf 88' lang='lat' dir='ltr'><strong>urbem</strong></span> <span class='ocrx_word' id='word_1_24' title='bbox 601 511 764 588; x_wconf 86' lang='lat' dir='ltr'><strong>tuendam,</strong></span> <span class='ocrx_word' id='word_1_25' title='bbox 786 510 899 577; x_wconf 72' lang='lat' dir='ltr'><strong>⁹²inde</strong></span> <span class='ocrx_word' id='word_1_26' title='bbox 924 511 977 576; x_wconf 81' lang='lat' dir='ltr'><strong>alti</strong></span> <span class='ocrx_word' id='word_1_27' title='bbox 1003 511 1180 579; x_wconf 89' lang='lat' dir='ltr'><strong>cedendum</strong></span> <span class='ocrx_word' id='word_1_28' title='bbox 1209 513 1358 594; x_wconf 73' lang='lat' dir='ltr'><strong>fortuna,</strong></span> <span class='ocrx_word' id='word_1_29' title='bbox 1381 526 1414 581; x_wconf 90' lang='lat' dir='ltr'><strong>et</strong></span> <span class='ocrx_word' id='word_1_30' title='bbox 1447 555 1455 560; x_wconf 92' lang='lat'><em>-</em></span> 
     </span>
     <span class='ocr_line' id='line_1_5' title="bbox 351 596 1416 689; baseline -0.001 -23"><span class='ocrx_word' id='word_1_31' title='bbox 351 599 539 666; x_wconf 82' lang='lat' dir='ltr'>tradendam</span> <span class='ocrx_word' id='word_1_32' title='bbox 567 598 677 662; x_wconf 88' lang='lat' dir='ltr'><strong>urbem</strong></span> <span class='ocrx_word' id='word_1_33' title='bbox 703 596 874 664; x_wconf 87' lang='lat' dir='ltr'><strong>victoribus</strong></span> <span class='ocrx_word' id='word_1_34' title='bbox 902 612 1077 667; x_wconf 84' lang='lat' dir='ltr'><strong>censerent.</strong></span> <span class='ocrx_word' id='word_1_35' title='bbox 1107 613 1256 677; x_wconf 86' lang='lat' dir='ltr'><strong>ceterum,</strong></span> <span class='ocrx_word' id='word_1_36' title='bbox 1282 612 1318 667; x_wconf 91' lang='lat' dir='ltr'><strong>ut</strong></span> <span class='ocrx_word' id='word_1_37' title='bbox 1347 601 1416 689; x_wconf 88' lang='lat' dir='ltr'><strong>ple·</strong></span> 
     </span>
     <span class='ocr_line' id='line_1_6' title="bbox 352 683 1412 774; baseline 0.001 -23"><span class='ocrx_word' id='word_1_38' title='bbox 352 703 499 774; x_wconf 88' lang='lat' dir='ltr'><strong>rumque,</strong></span> <span class='ocrx_word' id='word_1_39' title='bbox 524 685 653 750; x_wconf 85' lang='lat' dir='ltr'><strong>fortune</strong></span> <span class='ocrx_word' id='word_1_40' title='bbox 680 697 712 750; x_wconf 90' lang='lat' dir='ltr'><strong>et</strong></span> <span class='ocrx_word' id='word_1_41' title='bbox 740 684 872 750; x_wconf 87' lang='lat' dir='ltr'><strong>consilia</strong></span> <span class='ocrx_word' id='word_1_42' title='bbox 901 683 985 750; x_wconf 85' lang='lat' dir='ltr'><strong>mala</strong></span> <span class='ocrx_word' id='word_1_43' title='bbox 1012 685 1174 754; x_wconf 89' lang='lat' dir='ltr'><strong>vicerunt:</strong></span> <span class='ocrx_word' id='word_1_44' title='bbox 1194 687 1315 753; x_wconf 85' lang='lat' dir='ltr'><strong>-Arinio</strong></span> <span class='ocrx_word' id='word_1_45' title='bbox 1338 699 1412 752; x_wconf 87' lang='lat' dir='ltr'><strong>curn</strong></span> 
     </span>
     <span class='ocr_line' id='line_1_7' title="bbox 352 770 1415 861; baseline 0.002 -25"><span class='ocrx_word' id='word_1_46' title='bbox 352 773 417 838; x_wconf 88' lang='lat' dir='ltr'><strong>suis</strong></span> <span class='ocrx_word' id='word_1_47' title='bbox 436 772 476 838; x_wconf 88' lang='lat' dir='ltr'><strong>ad</strong></span> <span class='ocrx_word' id='word_1_48' title='bbox 499 793 585 837; x_wconf 87' lang='lat' dir='ltr'><strong>mare</strong></span> <span class='ocrx_word' id='word_1_49' title='bbox 605 793 643 836; x_wconf 86' lang='lat' dir='ltr'><strong>ac</strong></span> <span class='ocrx_word' id='word_1_50' title='bbox 664 793 760 835; x_wconf 83' lang='lat' dir='ltr'><strong>naves</strong></span> <span class='ocrx_word' id='word_1_51' title='bbox 781 770 929 847; x_wconf 88' lang='lat' dir='ltr'><strong>deducto,</strong></span> <span class='ocrx_word' id='word_1_52' title='bbox 947 771 1048 860; x_wconf 83' lang='lat' dir='ltr'><strong>magis</strong></span> <span class='ocrx_word' id='word_1_53' title='bbox 1069 773 1144 861; x_wconf 92' lang='lat' dir='ltr'><strong>quia</strong></span> <span class='ocrx_word' id='word_1_54' title='bbox 1164 773 1235 858; x_wconf 91' lang='lat' dir='ltr'><strong>ipsi,</strong></span> <span class='ocrx_word' id='word_1_55' title='bbox 1250 773 1293 840; x_wconf 92' lang='lat' dir='ltr'><strong>ob</strong></span> <span class='ocrx_word' id='word_1_56' title='bbox 1314 773 1415 860; x_wconf 83' lang='lat' dir='ltr'><strong>impe·</strong></span> 
     </span>
     <span class='ocr_line' id='line_1_8' title="bbox 352 858 1414 946; baseline -0.001 -20"><span class='ocrx_word' id='word_1_57' title='bbox 352 859 437 926; x_wconf 83' lang='lat' dir='ltr'><strong>rium</strong></span> <span class='ocrx_word' id='word_1_58' title='bbox 460 859 492 922; x_wconf 88' lang='lat' dir='ltr'><strong>iu</strong></span> <span class='ocrx_word' id='word_1_59' title='bbox 515 881 548 923; x_wconf 88' lang='lat' dir='ltr'><strong>se</strong></span> <span class='ocrx_word' id='word_1_60' title='bbox 570 858 646 923; x_wconf 85' lang='lat' dir='ltr'><strong>mite</strong></span> <span class='ocrx_word' id='word_1_61' title='bbox 667 877 704 922; x_wconf 84' lang='lat' dir='ltr'><strong>ae</strong></span> <span class='ocrx_word' id='word_1_62' title='bbox 721 858 854 944; x_wconf 87' lang='lat' dir='ltr'><strong>justum,</strong></span> <span class='ocrx_word' id='word_1_63' title='bbox 869 858 1048 924; x_wconf 87' lang='lat' dir='ltr'><strong>consultum</strong></span> <span class='ocrx_word' id='word_1_64' title='bbox 1071 859 1230 938; x_wconf 86' lang='lat' dir='ltr'><strong>volebant,</strong></span> <span class='ocrx_word' id='word_1_65' title='bbox 1247 883 1341 946; x_wconf 87' lang='lat' dir='ltr'><strong>quam</strong></span> <span class='ocrx_word' id='word_1_66' title='bbox 1364 883 1414 926; x_wconf 88' lang='lat' dir='ltr'><strong>re·</strong></span> 
     </span>
     <span class='ocr_line' id='line_1_9' title="bbox 352 943 1414 1032; baseline 0.004 -23"><span class='ocrx_word' id='word_1_67' title='bbox 352 967 367 1009; x_wconf 86' lang='lat' dir='ltr'><strong>s</strong></span> <span class='ocrx_word' id='word_1_68' title='bbox 441 969 462 1010; x_wconf 94' lang='lat' dir='ltr'><strong>u</strong></span> <span class='ocrx_word' id='word_1_69' title='bbox 487 944 717 1020; x_wconf 87' lang='lat' dir='ltr'><strong>Rornanorum,</strong></span> <span class='ocrx_word' id='word_1_70' title='bbox 739 943 1019 1032; x_wconf 82' lang='lat' dir='ltr'><strong>Karthaginienses</strong></span> <span class='ocrx_word' id='word_1_71' title='bbox 1045 945 1079 1009; x_wconf 92' lang='lat' dir='ltr'><strong>in</strong></span> <span class='ocrx_word' id='word_1_72' title='bbox 1105 946 1215 1012; x_wconf 87' lang='lat' dir='ltr'><strong>urbem</strong></span> <span class='ocrx_word' id='word_1_73' title='bbox 1242 946 1414 1031; x_wconf 87' lang='lat' dir='ltr'><strong>accipiunt.</strong></span> 
     </span>
     <span class='ocr_line' id='line_1_10' title="bbox 191 956 1413 1122; baseline 0.004 -28"><span class='ocrx_word' id='word_1_74' title='bbox 191 1045 295 1094; x_wconf 72' lang='lat' dir='ltr'><strong>cosatn</strong></span> <span class='ocrx_word' id='word_1_75' title='bbox 355 956 550 1096; x_wconf 63' lang='lat' dir='ltr'><strong>ddiiuleaa</strong></span> <span class='ocrx_word' id='word_1_76' title='bbox 571 1030 754 1096; x_wconf 87' lang='lat' dir='ltr'><strong>Benevento</strong></span> <span class='ocrx_word' id='word_1_77' title='bbox 774 1029 808 1093; x_wconf 93' lang='lat' dir='ltr'><strong>in</strong></span> <span class='ocrx_word' id='word_1_78' title='bbox 830 1029 1031 1115; x_wconf 84' lang='lat' dir='ltr'><strong>Campanum</strong></span> <span class='ocrx_word' id='word_1_79' title='bbox 1057 1055 1169 1118; x_wconf 81' lang='lat' dir='ltr'><strong>agrurn</strong></span> <span class='ocrx_word' id='word_1_80' title='bbox 1191 1032 1332 1122; x_wconf 85' lang='lat' dir='ltr'><strong>legiones</strong></span> <span class='ocrx_word' id='word_1_81' title='bbox 1352 1029 1413 1099; x_wconf 91' lang='lat' dir='ltr'><strong>du·</strong></span> 
     </span>
    </p>
   </div>
   <div class='ocr_carea' id='block_1_3' title="bbox 178 1111 1414 1238">
    <p class='ocr_par' dir='ltr' id='par_1_3' title="bbox 178 1111 1414 1238">
     <span class='ocr_line' id='line_1_11' title="bbox 178 1111 1414 1238; baseline 0.002 -56"><span class='ocrx_word' id='word_1_82' title='bbox 178 1111 441 1238; x_wconf 49' lang='lat' dir='ltr'><strong>fflfflmcffllb</strong></span> <span class='ocrx_word' id='word_1_83' title='bbox 455 1140 521 1182; x_wconf 91' lang='lat' dir='ltr'><strong>non</strong></span> <span class='ocrx_word' id='word_1_84' title='bbox 537 1115 579 1182; x_wconf 88' lang='lat' dir='ltr'><strong>ed</strong></span> <span class='ocrx_word' id='word_1_85' title='bbox 600 1116 795 1182; x_wconf 69' lang='lat' dir='ltr'><strong>⁰⁵frumenta</strong></span> <span class='ocrx_word' id='word_1_86' title='bbox 816 1114 923 1195; x_wconf 91' lang='lat' dir='ltr'><strong>modo,</strong></span> <span class='ocrx_word' id='word_1_87' title='bbox 939 1139 1012 1204; x_wconf 87' lang='lat' dir='ltr'><strong>quae</strong></span> <span class='ocrx_word' id='word_1_88' title='bbox 1028 1118 1096 1204; x_wconf 88' lang='lat' dir='ltr'><strong>jam</strong></span> <span class='ocrx_word' id='word_1_89' title='bbox 1111 1118 1144 1184; x_wconf 94' lang='lat' dir='ltr'><strong>in</strong></span> <span class='ocrx_word' id='word_1_90' title='bbox 1159 1119 1300 1184; x_wconf 88' lang='lat' dir='ltr'><strong>hibernis</strong></span> <span class='ocrx_word' id='word_1_91' title='bbox 1315 1131 1414 1199; x_wconf 88' lang='lat' dir='ltr'><strong>erant,</strong></span> 
     </span>
    </p>
   </div>
   <div class='ocr_carea' id='block_1_4' title="bbox 191 1193 1555 1302">
    <p class='ocr_par' dir='ltr' id='par_1_4' title="bbox 191 1193 1555 1302">
     <span class='ocr_line' id='line_1_12' title="bbox 191 1193 1555 1302; baseline -0.01 -25"><span class='ocrx_word' id='word_1_92' title='bbox 191 1241 330 1302; x_wconf 58' lang='lat' dir='ltr'><strong>gam„</strong></span> <span class='ocrx_word' id='word_1_93' title='bbox 354 1202 607 1289; x_wconf 79' lang='lat' dir='ltr'><strong>conrumpenda,</strong></span> <span class='ocrx_word' id='word_1_94' title='bbox 626 1204 678 1266; x_wconf 85' lang='lat' dir='ltr'><strong>sed</strong></span> <span class='ocrx_word' id='word_1_95' title='bbox 700 1201 741 1266; x_wconf 88' lang='lat' dir='ltr'><strong>ad</strong></span> <span class='ocrx_word' id='word_1_96' title='bbox 765 1202 909 1287; x_wconf 85' lang='lat' dir='ltr'><strong>Capuam</strong></span> <span class='ocrx_word' id='word_1_97' title='bbox 930 1204 1197 1290; x_wconf 73' lang='lat' dir='ltr'><strong>obpugnandam,</strong></span> <span class='ocrx_word' id='word_1_98' title='bbox 1220 1204 1360 1270; x_wconf 90' lang='lat' dir='ltr'><strong>nobilem</strong></span> <span class='ocrx_word' id='word_1_99' title='bbox 1383 1229 1417 1272; x_wconf 85' lang='lat' dir='ltr'><strong>se</strong></span> <span class='ocrx_word' id='word_1_100' title='bbox 1504 1223 1506 1233; x_wconf 54' lang='lat'><em>¹</em></span> <span class='ocrx_word' id='word_1_101' title='bbox 1554 1193 1555 1206; x_wconf 50' lang='lat'>¹</span> 
     </span>
    </p>
   </div>
   <div class='ocr_carea' id='block_1_5' title="bbox 191 1287 1507 2674">
    <p class='ocr_par' dir='ltr' id='par_1_5' title="bbox 191 1287 1507 1984">
     <span class='ocr_line' id='line_1_13' title="bbox 191 1287 1418 1373; baseline 0.004 -21"><span class='ocrx_word' id='word_1_102' title='bbox 191 1312 258 1352; x_wconf 77' lang='lat' dir='ltr'><strong>euna</strong></span> <span class='ocrx_word' id='word_1_103' title='bbox 354 1291 553 1358; x_wconf 84' lang='lat' dir='ltr'><strong>consulatum</strong></span> <span class='ocrx_word' id='word_1_104' title='bbox 567 1301 632 1355; x_wconf 88' lang='lat' dir='ltr'><strong>tarn</strong></span> <span class='ocrx_word' id='word_1_105' title='bbox 652 1287 814 1373; x_wconf 73' lang='lat' dir='ltr'><strong>opulentae</strong></span> <span class='ocrx_word' id='word_1_106' title='bbox 835 1287 924 1353; x_wconf 89' lang='lat' dir='ltr'><strong>urbis</strong></span> <span class='ocrx_word' id='word_1_107' title='bbox 936 1289 1065 1356; x_wconf 85' lang='lat' dir='ltr'><strong>excidio</strong></span> <span class='ocrx_word' id='word_1_108' title='bbox 1079 1291 1140 1356; x_wconf 85' lang='lat' dir='ltr'><strong>rati</strong></span> <span class='ocrx_word' id='word_1_109' title='bbox 1159 1291 1307 1370; x_wconf 81' lang='lat' dir='ltr'><strong>facturos,</strong></span> <span class='ocrx_word' id='word_1_110' title='bbox 1322 1291 1418 1358; x_wconf 90' lang='lat' dir='ltr'><strong>simul</strong></span> 
     </span>
     <span class='ocr_line' id='line_1_14' title="bbox 354 1374 1418 1477; baseline 0.001 -35"><span class='ocrx_word' id='word_1_111' title='bbox 354 1390 387 1442; x_wconf 92' lang='lat' dir='ltr'><strong>et</strong></span> <span class='ocrx_word' id='word_1_112' title='bbox 408 1377 520 1464; x_wconf 86' lang='lat' dir='ltr'><strong>ingens</strong></span> <span class='ocrx_word' id='word_1_113' title='bbox 540 1375 696 1477; x_wconf 77' lang='lat' dir='ltr'><strong>flagitium</strong></span> <span class='ocrx_word' id='word_1_114' title='bbox 718 1375 854 1459; x_wconf 87' lang='lat' dir='ltr'><strong>imperio</strong></span> <span class='ocrx_word' id='word_1_115' title='bbox 874 1374 1046 1453; x_wconf 85' lang='lat' dir='ltr'><strong>demturos,</strong></span> <span class='ocrx_word' id='word_1_116' title='bbox 1062 1377 1148 1464; x_wconf 88' lang='lat' dir='ltr'><strong>quod</strong></span> <span class='ocrx_word' id='word_1_117' title='bbox 1171 1377 1242 1443; x_wconf 91' lang='lat' dir='ltr'><strong>urbi</strong></span> <span class='ocrx_word' id='word_1_118' title='bbox 1256 1391 1320 1443; x_wconf 87' lang='lat' dir='ltr'><strong>tarn</strong></span> <span class='ocrx_word' id='word_1_119' title='bbox 1341 1401 1418 1463; x_wconf 85' lang='lat' dir='ltr'><strong>pro·</strong></span> 
     </span>
     <span class='ocr_line' id='line_1_15' title="bbox 353 1461 1507 1550; baseline 0.003 -24"><span class='ocrx_word' id='word_1_120' title='bbox 353 1463 409 1550; x_wconf 92' lang='lat' dir='ltr'><strong>pin</strong></span> <span class='ocrx_word' id='word_1_121' title='bbox 433 1485 484 1528; x_wconf 87' lang='lat' dir='ltr'><strong>uae</strong></span> <span class='ocrx_word' id='word_1_122' title='bbox 498 1461 661 1526; x_wconf 71' lang='lat' dir='ltr'><strong>⁹⁴tertium</strong></span> <span class='ocrx_word' id='word_1_123' title='bbox 676 1482 795 1525; x_wconf 88' lang='lat' dir='ltr'><strong>annum</strong></span> <span class='ocrx_word' id='word_1_124' title='bbox 810 1462 956 1547; x_wconf 91' lang='lat' dir='ltr'><strong>inpunita</strong></span> <span class='ocrx_word' id='word_1_125' title='bbox 970 1462 1105 1528; x_wconf 87' lang='lat' dir='ltr'><strong>delectio</strong></span> <span class='ocrx_word' id='word_1_126' title='bbox 1120 1475 1214 1530; x_wconf 82' lang='lat' dir='ltr'><strong>esset·</strong></span> <span class='ocrx_word' id='word_1_127' title='bbox 1253 1465 1416 1543; x_wconf 88' lang='lat' dir='ltr'><strong>Ceterum,</strong></span> <span class='ocrx_word' id='word_1_128' title='bbox 1501 1495 1507 1502; x_wconf 91' lang='lat'><em>·</em></span> 
     </span>
     <span class='ocr_line' id='line_1_16' title="bbox 354 1485 1416 1633; baseline 0.001 -19"><span class='ocrx_word' id='word_1_129' title='bbox 354 1571 396 1614; x_wconf 92' lang='lat' dir='ltr'><strong>ne</strong></span> <span class='ocrx_word' id='word_1_130' title='bbox 408 1485 625 1614; x_wconf 62' lang='lat' dir='ltr'><strong>beneventum</strong></span> <span class='ocrx_word' id='word_1_131' title='bbox 641 1548 708 1613; x_wconf 90' lang='lat' dir='ltr'><strong>sine</strong></span> <span class='ocrx_word' id='word_1_132' title='bbox 723 1547 872 1633; x_wconf 81' lang='lat' dir='ltr'><strong>praesidio</strong></span> <span class='ocrx_word' id='word_1_133' title='bbox 885 1561 974 1628; x_wconf 87' lang='lat' dir='ltr'><strong>esset,</strong></span> <span class='ocrx_word' id='word_1_134' title='bbox 987 1561 1019 1614; x_wconf 90' lang='lat' dir='ltr'><strong>et</strong></span> <span class='ocrx_word' id='word_1_135' title='bbox 1033 1549 1102 1614; x_wconf 55' lang='grc' dir='ltr'><strong>9ὖιιῑ</strong></span> <span class='ocrx_word' id='word_1_136' title='bbox 1118 1551 1158 1615; x_wconf 91' lang='lat' dir='ltr'><strong>ad</strong></span> <span class='ocrx_word' id='word_1_137' title='bbox 1173 1551 1276 1616; x_wconf 88' lang='lat' dir='ltr'><strong>subita</strong></span> <span class='ocrx_word' id='word_1_138' title='bbox 1290 1550 1375 1630; x_wconf 91' lang='lat' dir='ltr'><strong>belli,</strong></span> <span class='ocrx_word' id='word_1_139' title='bbox 1390 1554 1416 1615; x_wconf 92' lang='lat' dir='ltr'><strong>si</strong></span> 
     </span>
     <span class='ocr_line' id='line_1_17' title="bbox 356 1633 1423 1721; baseline 0 -21"><span class='ocrx_word' id='word_1_140' title='bbox 356 1633 524 1700; x_wconf 79' lang='lat' dir='ltr'><strong>Hannibal</strong></span> <span class='ocrx_word' id='word_1_141' title='bbox 540 1639 551 1718; x_wconf 95' lang='lat'>(</span> <span class='ocrx_word' id='word_1_142' title='bbox 575 1636 638 1699; x_wconf 91' lang='lat' dir='ltr'><strong>uod</strong></span> <span class='ocrx_word' id='word_1_143' title='bbox 652 1633 810 1700; x_wconf 81' lang='lat' dir='ltr'><strong>iacturum</strong></span> <span class='ocrx_word' id='word_1_144' title='bbox 831 1633 918 1699; x_wconf 87' lang='lat' dir='ltr'><strong>baud</strong></span> <span class='ocrx_word' id='word_1_145' title='bbox 932 1634 1133 1718; x_wconf 72' lang='lat' dir='ltr'><strong>dubitabant)</strong></span> <span class='ocrx_word' id='word_1_146' title='bbox 1149 1636 1190 1701; x_wconf 92' lang='lat' dir='ltr'><strong>ad</strong></span> <span class='ocrx_word' id='word_1_147' title='bbox 1204 1659 1296 1721; x_wconf 90' lang='lat' dir='ltr'><strong>opem</strong></span> <span class='ocrx_word' id='word_1_148' title='bbox 1311 1637 1423 1716; x_wconf 43' lang='lat' dir='ltr'><strong>feren&amp;</strong></span> 
     </span>
     <span class='ocr_line' id='line_1_18' title="bbox 354 1657 1437 1809; baseline 0.002 -23"><span class='ocrx_word' id='word_1_149' title='bbox 354 1721 428 1786; x_wconf 88' lang='lat' dir='ltr'><strong>dam</strong></span> <span class='ocrx_word' id='word_1_150' title='bbox 448 1721 541 1786; x_wconf 82' lang='lat' dir='ltr'><strong>sociis</strong></span> <span class='ocrx_word' id='word_1_151' title='bbox 553 1657 702 1806; x_wconf 68' lang='lat' dir='ltr'><strong>bapurm</strong></span> <span class='ocrx_word' id='word_1_152' title='bbox 716 1721 861 1799; x_wconf 88' lang='lat' dir='ltr'><strong>venisset,</strong></span> <span class='ocrx_word' id='word_1_153' title='bbox 878 1722 998 1808; x_wconf 87' lang='lat' dir='ltr'><strong>equites</strong></span> <span class='ocrx_word' id='word_1_154' title='bbox 1018 1723 1082 1786; x_wconf 84' lang='lat' dir='ltr'><strong>vim</strong></span> <span class='ocrx_word' id='word_1_155' title='bbox 1104 1726 1257 1790; x_wconf 88' lang='lat' dir='ltr'><strong>sustinere</strong></span> <span class='ocrx_word' id='word_1_156' title='bbox 1277 1737 1417 1809; x_wconf 85' lang='lat' dir='ltr'><strong>possent,</strong></span> <span class='ocrx_word' id='word_1_157' title='bbox 1434 1790 1437 1798; x_wconf 71' lang='grc'><strong>,</strong></span> 
     </span>
     <span class='ocr_line' id='line_1_19' title="bbox 356 1807 1427 1895; baseline 0.002 -23"><span class='ocrx_word' id='word_1_158' title='bbox 356 1807 409 1872; x_wconf 88' lang='lat' dir='ltr'><strong>Ti.</strong></span> <span class='ocrx_word' id='word_1_159' title='bbox 427 1807 610 1874; x_wconf 79' lang='lat' dir='ltr'><strong>Gracchum</strong></span> <span class='ocrx_word' id='word_1_160' title='bbox 632 1829 670 1874; x_wconf 87' lang='lat' dir='ltr'><strong>ex</strong></span> <span class='ocrx_word' id='word_1_161' title='bbox 695 1807 929 1872; x_wconf 84' lang='lat' dir='ltr'><strong>Lucaniacum</strong></span> <span class='ocrx_word' id='word_1_162' title='bbox 952 1808 1093 1895; x_wconf 91' lang='lat' dir='ltr'><strong>equitatu</strong></span> <span class='ocrx_word' id='word_1_163' title='bbox 1115 1831 1152 1874; x_wconf 86' lang='lat' dir='ltr'><strong>ac</strong></span> <span class='ocrx_word' id='word_1_164' title='bbox 1174 1807 1236 1875; x_wconf 87' lang='lat' dir='ltr'><strong>levi</strong></span> <span class='ocrx_word' id='word_1_165' title='bbox 1257 1811 1427 1874; x_wconf 82' lang='lat' dir='ltr'><strong>armatura</strong></span> 
     </span>
     <span class='ocr_line' id='line_1_20' title="bbox 318 1889 1419 1984; baseline 0.002 -25"><span class='ocrx_word' id='word_1_166' title='bbox 318 1939 319 1942; x_wconf 20' lang='grc' dir='ltr'><strong>κ</strong></span> <span class='ocrx_word' id='word_1_167' title='bbox 357 1889 574 1959; x_wconf 61' lang='lat' dir='ltr'><strong>&amp;reventum</strong></span> <span class='ocrx_word' id='word_1_168' title='bbox 598 1893 705 1958; x_wconf 84' lang='lat' dir='ltr'><strong>venire</strong></span> <span class='ocrx_word' id='word_1_169' title='bbox 722 1892 856 1980; x_wconf 82' lang='lat' dir='ltr'><strong>jubent:</strong></span> <span class='ocrx_word' id='word_1_170' title='bbox 878 1894 1055 1981; x_wconf 83' lang='lat' dir='ltr'><strong>legionibus</strong></span> <span class='ocrx_word' id='word_1_171' title='bbox 1076 1896 1258 1984; x_wconf 86' lang='lat' dir='ltr'><strong>stativisque</strong></span> <span class='ocrx_word' id='word_1_172' title='bbox 1271 1895 1347 1961; x_wconf 70' lang='lat' dir='ltr'><strong>9⁶ad</strong></span> <span class='ocrx_word' id='word_1_173' title='bbox 1362 1897 1419 1961; x_wconf 94' lang='lat' dir='ltr'><strong>ob·</strong></span> 
     </span>
    </p>

    <p class='ocr_par' dir='ltr' id='par_1_6' title="bbox 194 1979 1434 2674">
     <span class='ocr_line' id='line_1_21' title="bbox 332 1979 1168 2070; baseline 0.001 -25"><span class='ocrx_word' id='word_1_174' title='bbox 332 2059 338 2070; x_wconf 34' lang='grc'><em>,</em></span> <span class='ocrx_word' id='word_1_175' title='bbox 355 1980 500 2045; x_wconf 87' lang='lat' dir='ltr'><strong>tinendas</strong></span> <span class='ocrx_word' id='word_1_176' title='bbox 515 2003 564 2046; x_wconf 86' lang='lat' dir='ltr'><strong>res</strong></span> <span class='ocrx_word' id='word_1_177' title='bbox 577 1981 611 2046; x_wconf 93' lang='lat' dir='ltr'><strong>in</strong></span> <span class='ocrx_word' id='word_1_178' title='bbox 623 1980 762 2045; x_wconf 89' lang='lat' dir='ltr'><strong>Lucanis</strong></span> <span class='ocrx_word' id='word_1_179' title='bbox 776 1979 912 2066; x_wconf 86' lang='lat' dir='ltr'><strong>aliquem</strong></span> <span class='ocrx_word' id='word_1_180' title='bbox 927 1981 1115 2068; x_wconf 84' lang='lat' dir='ltr'><strong>praeficeret.</strong></span> <span class='ocrx_word' id='word_1_181' title='bbox 1165 2045 1168 2054; x_wconf 77' lang='grc'><strong>,</strong></span> 
     </span>
     <span class='ocr_line' id='line_1_22' title="bbox 195 2066 1419 2153; baseline 0.004 -25"><span class='ocrx_word' id='word_1_182' title='bbox 195 2080 337 2140; x_wconf 73' lang='lat' dir='ltr'><strong>Prodigium</strong></span> <span class='ocrx_word' id='word_1_183' title='bbox 401 2066 496 2133; x_wconf 89' lang='lat' dir='ltr'><strong>XVI.</strong></span> <span class='ocrx_word' id='word_1_184' title='bbox 521 2067 680 2148; x_wconf 81' lang='lat' dir='ltr'>Graccho,</span> <span class='ocrx_word' id='word_1_185' title='bbox 701 2067 886 2153; x_wconf 87' lang='lat' dir='ltr'><strong>priusquam</strong></span> <span class='ocrx_word' id='word_1_186' title='bbox 909 2089 949 2131; x_wconf 87' lang='lat' dir='ltr'><strong>ex</strong></span> <span class='ocrx_word' id='word_1_187' title='bbox 973 2067 1111 2134; x_wconf 85' lang='lat' dir='ltr'><strong>Lucanis</strong></span> <span class='ocrx_word' id='word_1_188' title='bbox 1131 2080 1281 2147; x_wconf 85' lang='lat' dir='ltr'><strong>moveret,</strong></span> <span class='ocrx_word' id='word_1_189' title='bbox 1300 2069 1419 2136; x_wconf 82' lang='lat' dir='ltr'><strong>sacrifi-</strong></span> 
     </span>
     <span class='ocr_line' id='line_1_23' title="bbox 194 2147 1420 2258; baseline 0.002 -40"><span class='ocrx_word' id='word_1_190' title='bbox 194 2147 305 2258; x_wconf 70' lang='lat' dir='ltr'><strong>praecio</strong></span> <span class='ocrx_word' id='word_1_191' title='bbox 356 2153 442 2219; x_wconf 82' lang='lat' dir='ltr'><strong>canti</strong></span> <span class='ocrx_word' id='word_1_192' title='bbox 457 2153 545 2220; x_wconf 86' lang='lat' dir='ltr'><strong>triste</strong></span> <span class='ocrx_word' id='word_1_193' title='bbox 561 2147 747 2241; x_wconf 86' lang='lat' dir='ltr'><strong>prodigium</strong></span> <span class='ocrx_word' id='word_1_194' title='bbox 760 2151 880 2218; x_wconf 86' lang='lat' dir='ltr'><strong>factum</strong></span> <span class='ocrx_word' id='word_1_195' title='bbox 894 2166 949 2218; x_wconf 87' lang='lat' dir='ltr'><strong>est.</strong></span> <span class='ocrx_word' id='word_1_196' title='bbox 965 2153 1013 2219; x_wconf 67' lang='lat' dir='ltr'><strong>rad</strong></span> <span class='ocrx_word' id='word_1_197' title='bbox 1035 2167 1122 2236; x_wconf 85' lang='lat' dir='ltr'><strong>exta,</strong></span> <span class='ocrx_word' id='word_1_198' title='bbox 1137 2156 1292 2222; x_wconf 85' lang='lat' dir='ltr'><strong>sacrificio</strong></span> <span class='ocrx_word' id='word_1_199' title='bbox 1305 2178 1420 2242; x_wconf 83' lang='lat' dir='ltr'><strong>perpe·</strong></span> 
     </span>
     <span class='ocr_line' id='line_1_24' title="bbox 205 2217 1434 2328; baseline 0 -23"><span class='ocrx_word' id='word_1_200' title='bbox 205 2217 296 2260; x_wconf 75' lang='lat' dir='ltr'><strong>acrum.</strong></span> <span class='ocrx_word' id='word_1_201' title='bbox 357 2253 451 2318; x_wconf 88' lang='lat' dir='ltr'><strong>trato,</strong></span> <span class='ocrx_word' id='word_1_202' title='bbox 463 2263 583 2327; x_wconf 81' lang='lat' dir='ltr'><strong>angues</strong></span> <span class='ocrx_word' id='word_1_203' title='bbox 596 2239 664 2304; x_wconf 92' lang='lat' dir='ltr'><strong>duo</strong></span> <span class='ocrx_word' id='word_1_204' title='bbox 678 2261 719 2303; x_wconf 90' lang='lat' dir='ltr'><strong>ex</strong></span> <span class='ocrx_word' id='word_1_205' title='bbox 732 2238 859 2304; x_wconf 88' lang='lat' dir='ltr'><strong>occulto</strong></span> <span class='ocrx_word' id='word_1_206' title='bbox 869 2239 1000 2326; x_wconf 87' lang='lat' dir='ltr'><strong>adlapsi,</strong></span> <span class='ocrx_word' id='word_1_207' title='bbox 1016 2241 1145 2306; x_wconf 69' lang='lat' dir='ltr'><strong>oledere</strong></span> <span class='ocrx_word' id='word_1_208' title='bbox 1153 2243 1255 2328; x_wconf 88' lang='lat' dir='ltr'><strong>jecur,</strong></span> <span class='ocrx_word' id='word_1_209' title='bbox 1269 2263 1434 2328; x_wconf 88' lang='lat' dir='ltr'><strong>conspee·.</strong></span> 
     </span>
     <span class='ocr_line' id='line_1_25' title="bbox 355 2324 1420 2414; baseline 0.002 -22"><span class='ocrx_word' id='word_1_210' title='bbox 355 2327 443 2414; x_wconf 89' lang='lat' dir='ltr'><strong>tique</strong></span> <span class='ocrx_word' id='word_1_211' title='bbox 457 2341 588 2411; x_wconf 90' lang='lat' dir='ltr'><strong>repente</strong></span> <span class='ocrx_word' id='word_1_212' title='bbox 601 2347 643 2390; x_wconf 90' lang='lat' dir='ltr'><strong>ex</strong></span> <span class='ocrx_word' id='word_1_213' title='bbox 665 2324 764 2390; x_wconf 85' lang='lat' dir='ltr'><strong>oeulis</strong></span> <span class='ocrx_word' id='word_1_214' title='bbox 779 2326 934 2392; x_wconf 88' lang='lat' dir='ltr'><strong>abierunt.</strong></span> <span class='ocrx_word' id='word_1_215' title='bbox 954 2326 1019 2391; x_wconf 80' lang='lat' dir='ltr'><strong>⁹⁸id</strong></span> <span class='ocrx_word' id='word_1_216' title='bbox 1033 2349 1131 2413; x_wconf 86' lang='lat' dir='ltr'><strong>quum</strong></span> <span class='ocrx_word' id='word_1_217' title='bbox 1149 2350 1222 2392; x_wconf 86' lang='lat' dir='ltr'><strong>erus</strong></span> <span class='ocrx_word' id='word_1_218' title='bbox 1245 2329 1328 2394; x_wconf 88' lang='lat' dir='ltr'><strong>icum</strong></span> <span class='ocrx_word' id='word_1_219' title='bbox 1352 2351 1420 2394; x_wconf 88' lang='lat' dir='ltr'><strong>mo-</strong></span> 
     </span>
     <span class='ocr_line' id='line_1_26' title="bbox 356 2412 1421 2514; baseline 0.003 -37"><span class='ocrx_word' id='word_1_220' title='bbox 356 2415 426 2478; x_wconf 86' lang='lat' dir='ltr'><strong>nitu</strong></span> <span class='ocrx_word' id='word_1_221' title='bbox 447 2412 637 2477; x_wconf 81' lang='lat' dir='ltr'><strong>sacrificium</strong></span> <span class='ocrx_word' id='word_1_222' title='bbox 663 2412 899 2489; x_wconf 63' lang='lat' dir='ltr'><strong>instaurantur,</strong></span> <span class='ocrx_word' id='word_1_223' title='bbox 918 2424 1013 2514; x_wconf 90' lang='lat' dir='ltr'><strong>atque</strong></span> <span class='ocrx_word' id='word_1_224' title='bbox 1037 2415 1188 2480; x_wconf 88' lang='lat' dir='ltr'><strong>intentius</strong></span> <span class='ocrx_word' id='word_1_225' title='bbox 1243 2425 1318 2480; x_wconf 86' lang='lat' dir='ltr'><strong>exta</strong></span> <span class='ocrx_word' id='word_1_226' title='bbox 1339 2419 1421 2480; x_wconf 83' lang='lat' dir='ltr'><strong>reae-</strong></span> 
     </span>
     <span class='ocr_line' id='line_1_27' title="bbox 357 2499 1422 2579; baseline 0.004 -17"><span class='ocrx_word' id='word_1_227' title='bbox 357 2513 427 2564; x_wconf 85' lang='lat' dir='ltr'><strong>rata</strong></span> <span class='ocrx_word' id='word_1_228' title='bbox 446 2510 674 2564; x_wconf 64' lang='lat' dir='ltr'><strong>servarenturb</strong></span> <span class='ocrx_word' id='word_1_229' title='bbox 697 2499 812 2564; x_wconf 87' lang='lat' dir='ltr'><strong>iterum</strong></span> <span class='ocrx_word' id='word_1_230' title='bbox 834 2520 872 2564; x_wconf 85' lang='lat' dir='ltr'><strong>ac</strong></span> <span class='ocrx_word' id='word_1_231' title='bbox 893 2512 1021 2566; x_wconf 82' lang='lat' dir='ltr'><strong>tertium</strong></span> <span class='ocrx_word' id='word_1_232' title='bbox 1043 2502 1164 2566; x_wconf 86' lang='lat' dir='ltr'><strong>venisse</strong></span> <span class='ocrx_word' id='word_1_233' title='bbox 1184 2501 1325 2579; x_wconf 86' lang='lat' dir='ltr'><strong>tradunt,</strong></span> <span class='ocrx_word' id='word_1_234' title='bbox 1339 2500 1422 2566; x_wconf 87' lang='lat' dir='ltr'><strong>liba·</strong></span> 
     </span>
     <span class='ocr_line' id='line_1_28' title="bbox 288 2585 1420 2674; baseline 0.004 -25"><span class='ocrx_word' id='word_1_235' title='bbox 288 2599 289 2602; x_wconf 74' lang='grc'>’</span> <span class='ocrx_word' id='word_1_236' title='bbox 357 2597 453 2672; x_wconf 90' lang='lat' dir='ltr'><strong>toque</strong></span> <span class='ocrx_word' id='word_1_237' title='bbox 473 2586 620 2672; x_wconf 89' lang='lat' dir='ltr'><strong>jocinore</strong></span> <span class='ocrx_word' id='word_1_238' title='bbox 640 2585 777 2650; x_wconf 80' lang='lat' dir='ltr'><strong>intactos</strong></span> <span class='ocrx_word' id='word_1_239' title='bbox 802 2605 921 2673; x_wconf 81' lang='lat' dir='ltr'><strong>angues</strong></span> <span class='ocrx_word' id='word_1_240' title='bbox 946 2585 1070 2654; x_wconf 85' lang='lat' dir='ltr'><strong>abiisse.</strong></span> <span class='ocrx_word' id='word_1_241' title='bbox 1115 2587 1226 2665; x_wconf 86' lang='lat' dir='ltr'><strong>Quum</strong></span> <span class='ocrx_word' id='word_1_242' title='bbox 1252 2588 1420 2674; x_wconf 79' lang='lat' dir='ltr'><strong>aruspioes&#39;,</strong></span> 
     </span>
    </p>
   </div>
   <div class='ocr_carea' id='block_1_6' title="bbox 638 2775 1140 2826">
    <p class='ocr_par' dir='ltr' id='par_1_7' title="bbox 638 2775 1140 2826">
     <span class='ocr_line' id='line_1_29' title="bbox 638 2775 1140 2826; baseline 0.006 -5"><span class='ocrx_word' id='word_1_243' title='bbox 638 2779 653 2821; x_wconf 83' lang='lat' dir='ltr'><strong>t</strong></span> <span class='ocrx_word' id='word_1_244' title='bbox 663 2779 753 2825; x_wconf 79' lang='lat' dir='ltr'><strong>ratum</strong></span> <span class='ocrx_word' id='word_1_245' title='bbox 762 2775 816 2824; x_wconf 78' lang='lat' dir='ltr'><strong>olle</strong></span> <span class='ocrx_word' id='word_1_246' title='bbox 825 2781 974 2826; x_wconf 63' lang='lat' dir='ltr'><strong>muniar</strong></span> <span class='ocrx_word' id='word_1_247' title='bbox 985 2777 1060 2825; x_wconf 82' lang='lat' dir='ltr'><strong>Gron.</strong></span> <span class='ocrx_word' id='word_1_248' title='bbox 1071 2777 1140 2825; x_wconf 78' lang='lat' dir='ltr'><strong>cres.</strong></span> 
     </span>
    </p>
   </div>
   <div class='ocr_carea' id='block_1_7' title="bbox 305 2939 1431 4420">
    <p class='ocr_par' dir='ltr' id='par_1_8' title="bbox 356 2939 1427 3202">
     <span class='ocr_line' id='line_1_30' title="bbox 388 2939 1422 3008; baseline 0.003 -20"><span class='ocrx_word' id='word_1_249' title='bbox 388 2940 419 2989; x_wconf 84' lang='lat' dir='ltr'><strong>et</strong></span> <span class='ocrx_word' id='word_1_250' title='bbox 436 2939 490 2990; x_wconf 75' lang='lat' dir='ltr'><strong>Asu</strong></span> <span class='ocrx_word' id='word_1_251' title='bbox 500 2943 581 2990; x_wconf 77' lang='lat' dir='ltr'><strong>erlem</strong></span> <span class='ocrx_word' id='word_1_252' title='bbox 590 2941 711 3007; x_wconf 58' lang='lat' dir='ltr'><strong>marm]</strong></span> <span class='ocrx_word' id='word_1_253' title='bbox 728 2943 791 2992; x_wconf 76' lang='lat' dir='ltr'><strong>Haeo</strong></span> <span class='ocrx_word' id='word_1_254' title='bbox 801 2943 875 2992; x_wconf 82' lang='lat' dir='ltr'><strong>verba</strong></span> <span class='ocrx_word' id='word_1_255' title='bbox 938 2943 971 2992; x_wconf 79' lang='grc'><strong>97</strong></span> <span class='ocrx_word' id='word_1_256' title='bbox 986 2941 1066 2992; x_wconf 67' lang='lat' dir='ltr'><strong>Britan</strong></span> <span class='ocrx_word' id='word_1_257' title='bbox 1074 2942 1156 3008; x_wconf 72' lang='lat' dir='ltr'><strong>jem]</strong></span> <span class='ocrx_word' id='word_1_258' title='bbox 1173 2943 1260 3005; x_wconf 82' lang='lat' dir='ltr'><strong>Serlpti</strong></span> <span class='ocrx_word' id='word_1_259' title='bbox 1276 2955 1367 2999; x_wconf 71' lang='lat' dir='ltr'><strong>mere,</strong></span> <span class='ocrx_word' id='word_1_260' title='bbox 1381 2946 1422 2992; x_wconf 85' lang='lat' dir='ltr'><strong>vel</strong></span> 
     </span>
     <span class='ocr_line' id='line_1_31' title="bbox 357 3006 1425 3071; baseline 0.003 -17"><span class='ocrx_word' id='word_1_261' title='bbox 357 3008 388 3054; x_wconf 81' lang='lat' dir='ltr'><strong>ab</strong></span> <span class='ocrx_word' id='word_1_262' title='bbox 400 3007 515 3056; x_wconf 73' lang='lat' dir='ltr'><strong>omnibuis</strong></span> <span class='ocrx_word' id='word_1_263' title='bbox 530 3010 625 3070; x_wconf 82' lang='lat' dir='ltr'><strong>seriptis</strong></span> <span class='ocrx_word' id='word_1_264' title='bbox 641 3011 724 3057; x_wconf 85' lang='lat' dir='ltr'><strong>abesse</strong></span> <span class='ocrx_word' id='word_1_265' title='bbox 737 3006 875 3058; x_wconf 77' lang='lat' dir='ltr'><strong>Gronovius</strong></span> <span class='ocrx_word' id='word_1_266' title='bbox 905 3007 1017 3064; x_wconf 53' lang='lat' dir='ltr'><strong>edmero,</strong></span> <span class='ocrx_word' id='word_1_267' title='bbox 1030 3009 1068 3056; x_wconf 83' lang='lat' dir='ltr'><strong>vel</strong></span> <span class='ocrx_word' id='word_1_268' title='bbox 1086 3009 1154 3056; x_wconf 81' lang='lat' dir='ltr'><strong>aliud</strong></span> <span class='ocrx_word' id='word_1_269' title='bbox 1167 3010 1226 3071; x_wconf 87' lang='lat' dir='ltr'><strong>quid</strong></span> <span class='ocrx_word' id='word_1_270' title='bbox 1242 3007 1328 3056; x_wconf 82' lang='lat' dir='ltr'><strong>simile·</strong></span> <span class='ocrx_word' id='word_1_271' title='bbox 1360 3008 1425 3058; x_wconf 79' lang='lat' dir='ltr'><strong>lude</strong></span> 
     </span>
     <span class='ocr_line' id='line_1_32' title="bbox 356 3070 1427 3136; baseline 0.005 -19"><span class='ocrx_word' id='word_1_272' title='bbox 356 3072 471 3118; x_wconf 84' lang='lat' dir='ltr'><strong>affirmat.</strong></span> <span class='ocrx_word' id='word_1_273' title='bbox 504 3072 551 3120; x_wconf 81' lang='lat' dir='ltr'><strong>Sed</strong></span> <span class='ocrx_word' id='word_1_274' title='bbox 567 3074 636 3120; x_wconf 86' lang='lat' dir='ltr'><strong>nobis</strong></span> <span class='ocrx_word' id='word_1_275' title='bbox 651 3074 874 3122; x_wconf 79' lang='lat' dir='ltr'><strong>sensusnouvide-</strong></span> <span class='ocrx_word' id='word_1_276' title='bbox 906 3074 1042 3120; x_wconf 82' lang='lat' dir='ltr'><strong>Gronovius</strong></span> <span class='ocrx_word' id='word_1_277' title='bbox 1058 3070 1152 3136; x_wconf 88' lang='lat' dir='ltr'><strong>judicat</strong></span> <span class='ocrx_word' id='word_1_278' title='bbox 1171 3075 1301 3136; x_wconf 73' lang='lat' dir='ltr'><strong>legendum</strong></span> <span class='ocrx_word' id='word_1_279' title='bbox 1318 3072 1427 3133; x_wconf 66' lang='lat' dir='ltr'><strong>Medae,</strong></span> 
     </span>
     <span class='ocr_line' id='line_1_33' title="bbox 357 3135 1155 3202; baseline 0.01 -21"><span class='ocrx_word' id='word_1_280' title='bbox 357 3141 398 3182; x_wconf 85' lang='lat' dir='ltr'><strong>tur</strong></span> <span class='ocrx_word' id='word_1_281' title='bbox 408 3136 461 3182; x_wconf 87' lang='lat' dir='ltr'><strong>sine</strong></span> <span class='ocrx_word' id='word_1_282' title='bbox 471 3136 501 3182; x_wconf 83' lang='lat' dir='ltr'><strong>iia</strong></span> <span class='ocrx_word' id='word_1_283' title='bbox 512 3143 622 3185; x_wconf 83' lang='lat' dir='ltr'><strong>constare</strong></span> <span class='ocrx_word' id='word_1_284' title='bbox 633 3150 710 3199; x_wconf 86' lang='lat' dir='ltr'><strong>posse.</strong></span> <span class='ocrx_word' id='word_1_285' title='bbox 906 3138 945 3185; x_wconf 87' lang='lat' dir='ltr'><strong>vel</strong></span> <span class='ocrx_word' id='word_1_286' title='bbox 956 3135 1155 3202; x_wconf 69' lang='lat' dir='ltr'><strong>ambedirejeeur.</strong></span> 
     </span>
    </p>

    <p class='ocr_par' dir='ltr' id='par_1_9' title="bbox 354 3199 1426 3460">
     <span class='ocr_line' id='line_1_34' title="bbox 389 3199 1424 3266; baseline 0.003 -19"><span class='ocrx_word' id='word_1_287' title='bbox 389 3199 422 3247; x_wconf 75' lang='lat'><strong>92</strong></span> <span class='ocrx_word' id='word_1_288' title='bbox 436 3199 498 3248; x_wconf 75' lang='lat' dir='ltr'><strong>Iade</strong></span> <span class='ocrx_word' id='word_1_289' title='bbox 513 3202 558 3248; x_wconf 72' lang='lat' dir='ltr'><strong>altr*</strong></span> <span class='ocrx_word' id='word_1_290' title='bbox 572 3201 707 3266; x_wconf 59' lang='lat' dir='ltr'><strong>cadurcium</strong></span> <span class='ocrx_word' id='word_1_291' title='bbox 730 3202 874 3264; x_wconf 76' lang='lat' dir='ltr'><strong>Suspectum</strong></span> <span class='ocrx_word' id='word_1_292' title='bbox 938 3201 970 3258; x_wconf 79' lang='grc'><strong>98</strong></span> <span class='ocrx_word' id='word_1_293' title='bbox 985 3202 1017 3249; x_wconf 85' lang='lat' dir='ltr'><strong>Id</strong></span> <span class='ocrx_word' id='word_1_294' title='bbox 1036 3202 1312 3266; x_wconf 55' lang='lat' dir='ltr'><strong>quum-..maistam</strong></span> <span class='ocrx_word' id='word_1_295' title='bbox 1332 3202 1424 3250; x_wconf 68' lang='lat' dir='ltr'><strong>turae-</strong></span> 
     </span>
     <span class='ocr_line' id='line_1_35' title="bbox 356 3260 1359 3336; baseline 0.004 -24"><span class='ocrx_word' id='word_1_296' title='bbox 356 3271 394 3312; x_wconf 84' lang='lat' dir='ltr'><strong>est</strong></span> <span class='ocrx_word' id='word_1_297' title='bbox 410 3260 438 3312; x_wconf 74' lang='lat' dir='ltr'><strong>ri</strong></span> <span class='ocrx_word' id='word_1_298' title='bbox 452 3263 514 3324; x_wconf 76' lang='lat' dir='ltr'><strong>iude,</strong></span> <span class='ocrx_word' id='word_1_299' title='bbox 529 3267 595 3328; x_wconf 89' lang='lat' dir='ltr'><strong>quod</strong></span> <span class='ocrx_word' id='word_1_300' title='bbox 611 3273 636 3314; x_wconf 86' lang='lat' dir='ltr'><strong>et</strong></span> <span class='ocrx_word' id='word_1_301' title='bbox 655 3267 785 3328; x_wconf 80' lang='lat' dir='ltr'><strong>redundat,</strong></span> <span class='ocrx_word' id='word_1_302' title='bbox 800 3273 825 3315; x_wconf 87' lang='lat' dir='ltr'><strong>et</strong></span> <span class='ocrx_word' id='word_1_303' title='bbox 843 3281 874 3314; x_wconf 83' lang='lat' dir='ltr'><strong>ex</strong></span> <span class='ocrx_word' id='word_1_304' title='bbox 906 3264 1012 3329; x_wconf 61' lang='lat' dir='ltr'><strong>sarasar]</strong></span> <span class='ocrx_word' id='word_1_305' title='bbox 1028 3268 1109 3329; x_wconf 75' lang='lat' dir='ltr'><strong>Magis</strong></span> <span class='ocrx_word' id='word_1_306' title='bbox 1118 3269 1223 3328; x_wconf 79' lang='lat' dir='ltr'><strong>placeret</strong></span> <span class='ocrx_word' id='word_1_307' title='bbox 1237 3267 1270 3316; x_wconf 71' lang='lat' dir='ltr'><strong>Et</strong></span> <span class='ocrx_word' id='word_1_308' title='bbox 1280 3281 1359 3336; x_wconf 58' lang='lat' dir='ltr'><strong>pum.</strong></span> 
     </span>
     <span class='ocr_line' id='line_1_36' title="bbox 356 3330 1426 3394; baseline 0.001 -18"><span class='ocrx_word' id='word_1_309' title='bbox 356 3331 479 3390; x_wconf 84' lang='lat' dir='ltr'><strong>superiore</strong></span> <span class='ocrx_word' id='word_1_310' title='bbox 505 3345 576 3379; x_wconf 66' lang='lat' dir='ltr'><strong>vanu</strong></span> <span class='ocrx_word' id='word_1_311' title='bbox 602 3341 692 3378; x_wconf 87' lang='lat' dir='ltr'><strong>temere</strong></span> <span class='ocrx_word' id='word_1_312' title='bbox 716 3332 765 3380; x_wconf 85' lang='lat' dir='ltr'><strong>hue</strong></span> <span class='ocrx_word' id='word_1_313' title='bbox 792 3332 876 3378; x_wconf 87' lang='lat' dir='ltr'><strong>immi·</strong></span> <span class='ocrx_word' id='word_1_314' title='bbox 939 3331 971 3378; x_wconf 89' lang='grc'><strong>99</strong></span> <span class='ocrx_word' id='word_1_315' title='bbox 986 3332 1091 3379; x_wconf 69' lang='lat' dir='ltr'><strong>littorea</strong></span> <span class='ocrx_word' id='word_1_316' title='bbox 1110 3332 1161 3378; x_wconf 84' lang='lat' dir='ltr'><strong>ulloe</strong></span> <span class='ocrx_word' id='word_1_317' title='bbox 1178 3330 1338 3394; x_wconf 75' lang='lat' dir='ltr'><strong>servarentur]</strong></span> <span class='ocrx_word' id='word_1_318' title='bbox 1361 3331 1426 3378; x_wconf 83' lang='lat' dir='ltr'><strong>Con·</strong></span> 
     </span>
     <span class='ocr_line' id='line_1_37' title="bbox 354 3392 1426 3460; baseline 0.002 -20"><span class='ocrx_word' id='word_1_319' title='bbox 354 3407 436 3454; x_wconf 80' lang='lat' dir='ltr'><strong>grasse</strong></span> <span class='ocrx_word' id='word_1_320' title='bbox 447 3397 534 3454; x_wconf 86' lang='lat' dir='ltr'><strong>potuit.</strong></span> <span class='ocrx_word' id='word_1_321' title='bbox 903 3392 1002 3458; x_wconf 51' lang='lat' dir='ltr'><strong>jeoturu¹</strong></span> <span class='ocrx_word' id='word_1_322' title='bbox 1015 3396 1136 3450; x_wconf 78' lang='lat' dir='ltr'><strong>salmasii,</strong></span> <span class='ocrx_word' id='word_1_323' title='bbox 1151 3411 1207 3458; x_wconf 82' lang='lat' dir='ltr'><strong>quas</strong></span> <span class='ocrx_word' id='word_1_324' title='bbox 1226 3401 1325 3444; x_wconf 77' lang='lat' dir='ltr'><strong>tensum</strong></span> <span class='ocrx_word' id='word_1_325' title='bbox 1342 3398 1426 3460; x_wconf 67' lang='lat' dir='ltr'><strong>mucul</strong></span> 
     </span>
    </p>

    <p class='ocr_par' dir='ltr' id='par_1_10' title="bbox 308 3457 1427 3652">
     <span class='ocr_line' id='line_1_38' title="bbox 308 3457 1427 3524; baseline 0.004 -23"><span class='ocrx_word' id='word_1_326' title='bbox 308 3490 313 3501; x_wconf 46' lang='lat' dir='ltr'><strong>r</strong></span> <span class='ocrx_word' id='word_1_327' title='bbox 388 3457 876 3524; x_wconf 74' lang='lat' dir='ltr'><strong>93·Frumessa..quaejamrnsumu</strong></span> <span class='ocrx_word' id='word_1_328' title='bbox 906 3461 980 3508; x_wconf 89' lang='lat' dir='ltr'><strong>dubio</strong></span> <span class='ocrx_word' id='word_1_329' title='bbox 991 3463 1097 3522; x_wconf 73' lang='lat' dir='ltr'><strong>attingit</strong></span> <span class='ocrx_word' id='word_1_330' title='bbox 1130 3461 1178 3509; x_wconf 87' lang='lat' dir='ltr'><strong>Sed</strong></span> <span class='ocrx_word' id='word_1_331' title='bbox 1188 3461 1284 3510; x_wconf 87' lang='lat' dir='ltr'><strong>nullum</strong></span> <span class='ocrx_word' id='word_1_332' title='bbox 1295 3459 1427 3520; x_wconf 76' lang='lat' dir='ltr'><strong>uestigium</strong></span> 
     </span>
     <span class='ocr_line' id='line_1_39' title="bbox 353 3522 1425 3586; baseline -0.002 -14"><span class='ocrx_word' id='word_1_333' title='bbox 353 3522 433 3586; x_wconf 75' lang='lat' dir='ltr'><strong>mut]</strong></span> <span class='ocrx_word' id='word_1_334' title='bbox 461 3524 524 3572; x_wconf 85' lang='lat' dir='ltr'><strong>Vere</strong></span> <span class='ocrx_word' id='word_1_335' title='bbox 546 3527 646 3574; x_wconf 83' lang='lat' dir='ltr'><strong>omnino</strong></span> <span class='ocrx_word' id='word_1_336' title='bbox 666 3526 721 3573; x_wconf 85' lang='lat' dir='ltr'><strong>Jae.</strong></span> <span class='ocrx_word' id='word_1_337' title='bbox 740 3526 876 3573; x_wconf 85' lang='lat' dir='ltr'><strong>Gronovius</strong></span> <span class='ocrx_word' id='word_1_338' title='bbox 907 3526 973 3572; x_wconf 82' lang='lat' dir='ltr'><strong>vocis</strong></span> <span class='ocrx_word' id='word_1_339' title='bbox 985 3525 1037 3572; x_wconf 74' lang='lat' dir='ltr'><strong>ouae</strong></span> <span class='ocrx_word' id='word_1_340' title='bbox 1052 3539 1130 3586; x_wconf 86' lang='lat' dir='ltr'><strong>nequo</strong></span> <span class='ocrx_word' id='word_1_341' title='bbox 1146 3526 1172 3572; x_wconf 89' lang='lat' dir='ltr'><strong>in</strong></span> <span class='ocrx_word' id='word_1_342' title='bbox 1189 3525 1383 3586; x_wconf 60' lang='lat' dir='ltr'><strong>scriptumque</strong></span> <span class='ocrx_word' id='word_1_343' title='bbox 1399 3526 1425 3570; x_wconf 89' lang='lat' dir='ltr'><strong>in</strong></span> 
     </span>
     <span class='ocr_line' id='line_1_40' title="bbox 356 3589 1427 3652; baseline -0.002 -16"><span class='ocrx_word' id='word_1_344' title='bbox 356 3589 484 3637; x_wconf 74' lang='lat' dir='ltr'><strong>emendate</strong></span> <span class='ocrx_word' id='word_1_345' title='bbox 502 3591 610 3652; x_wconf 64' lang='lat' dir='ltr'><strong>quaejam</strong></span> <span class='ocrx_word' id='word_1_346' title='bbox 621 3590 818 3638; x_wconf 71' lang='lat' dir='ltr'><strong>interdicerent.</strong></span> <span class='ocrx_word' id='word_1_347' title='bbox 907 3591 978 3637; x_wconf 82' lang='lat' dir='ltr'><strong>editis</strong></span> <span class='ocrx_word' id='word_1_348' title='bbox 995 3591 1120 3652; x_wconf 87' lang='lat' dir='ltr'><strong>reperitur.</strong></span> <span class='ocrx_word' id='word_1_349' title='bbox 1154 3591 1221 3638; x_wconf 82' lang='lat' dir='ltr'><strong>Editi</strong></span> <span class='ocrx_word' id='word_1_350' title='bbox 1236 3590 1357 3636; x_wconf 83' lang='lat' dir='ltr'><strong>habebant</strong></span> <span class='ocrx_word' id='word_1_351' title='bbox 1374 3593 1427 3635; x_wconf 76' lang='lat' dir='ltr'><strong>enta</strong></span> 
     </span>
    </p>

    <p class='ocr_par' dir='ltr' id='par_1_11' title="bbox 388 3652 1427 3719">
     <span class='ocr_line' id='line_1_41' title="bbox 388 3652 1427 3719; baseline -0.001 -20"><span class='ocrx_word' id='word_1_352' title='bbox 388 3652 422 3699; x_wconf 78' lang='lat'><strong>94</strong></span> <span class='ocrx_word' id='word_1_353' title='bbox 439 3655 545 3704; x_wconf 60' lang='lat' dir='ltr'><strong>lotium</strong></span> <span class='ocrx_word' id='word_1_354' title='bbox 563 3655 664 3719; x_wconf 74' lang='lat' dir='ltr'><strong>annm]</strong></span> <span class='ocrx_word' id='word_1_355' title='bbox 687 3654 771 3716; x_wconf 86' lang='lat' dir='ltr'><strong>Capua</strong></span> <span class='ocrx_word' id='word_1_356' title='bbox 789 3655 876 3701; x_wconf 81' lang='lat' dir='ltr'><strong>defecit</strong></span> <span class='ocrx_word' id='word_1_357' title='bbox 907 3659 1010 3702; x_wconf 71' lang='lat' dir='ltr'><strong>reserm</strong></span> <span class='ocrx_word' id='word_1_358' title='bbox 1028 3659 1182 3702; x_wconf 57' lang='lat' dir='ltr'><strong>remeantur.</strong></span> <span class='ocrx_word' id='word_1_359' title='bbox 1206 3653 1263 3700; x_wconf 76' lang='lat' dir='ltr'><strong>Put-</strong></span> <span class='ocrx_word' id='word_1_360' title='bbox 1280 3654 1355 3700; x_wconf 85' lang='lat' dir='ltr'><strong>codex</strong></span> <span class='ocrx_word' id='word_1_361' title='bbox 1372 3657 1427 3699; x_wconf 72' lang='lat' dir='ltr'><strong>erra</strong></span> 
     </span>
    </p>

    <p class='ocr_par' dir='ltr' id='par_1_12' title="bbox 311 3717 1430 4038">
     <span class='ocr_line' id='line_1_42' title="bbox 311 3717 1428 3779; baseline 0.001 -16"><span class='ocrx_word' id='word_1_362' title='bbox 311 3732 314 3744; x_wconf 69' lang='grc'><em>’</em></span> <span class='ocrx_word' id='word_1_363' title='bbox 356 3729 421 3763; x_wconf 82' lang='lat' dir='ltr'><strong>anno</strong></span> <span class='ocrx_word' id='word_1_364' title='bbox 437 3719 490 3777; x_wconf 85' lang='lat' dir='ltr'><strong>ipso</strong></span> <span class='ocrx_word' id='word_1_365' title='bbox 507 3720 642 3768; x_wconf 86' lang='lat' dir='ltr'><strong>cannensis</strong></span> <span class='ocrx_word' id='word_1_366' title='bbox 658 3721 741 3767; x_wconf 84' lang='lat' dir='ltr'><strong>eladis.</strong></span> <span class='ocrx_word' id='word_1_367' title='bbox 773 3719 812 3766; x_wconf 80' lang='lat' dir='ltr'><strong>Ex</strong></span> <span class='ocrx_word' id='word_1_368' title='bbox 827 3732 877 3779; x_wconf 91' lang='lat' dir='ltr'><strong>quo</strong></span> <span class='ocrx_word' id='word_1_369' title='bbox 908 3723 1134 3770; x_wconf 64' lang='lat' dir='ltr'><strong>rememorentur.</strong></span> <span class='ocrx_word' id='word_1_370' title='bbox 1166 3718 1237 3766; x_wconf 80' lang='lat' dir='ltr'><strong>Alius</strong></span> <span class='ocrx_word' id='word_1_371' title='bbox 1253 3730 1267 3764; x_wconf 87' lang='lat' dir='ltr'><strong>e</strong></span> <span class='ocrx_word' id='word_1_372' title='bbox 1282 3717 1355 3778; x_wconf 77' lang='lat' dir='ltr'><strong>regiis</strong></span> <span class='ocrx_word' id='word_1_373' title='bbox 1374 3721 1428 3764; x_wconf 69' lang='lat' dir='ltr'><strong>esu</strong></span> 
     </span>
     <span class='ocr_line' id='line_1_43' title="bbox 357 3782 1427 3844; baseline 0.002 -16"><span class='ocrx_word' id='word_1_374' title='bbox 357 3788 457 3840; x_wconf 74' lang='lat' dir='ltr'><strong>apparet</strong></span> <span class='ocrx_word' id='word_1_375' title='bbox 470 3784 668 3844; x_wconf 83' lang='lat' dir='ltr'><strong>livium,quum</strong></span> <span class='ocrx_word' id='word_1_376' title='bbox 683 3785 780 3830; x_wconf 78' lang='lat' dir='ltr'><strong>tertium</strong></span> <span class='ocrx_word' id='word_1_377' title='bbox 789 3797 877 3830; x_wconf 71' lang='lat' dir='ltr'><strong>aarum</strong></span> <span class='ocrx_word' id='word_1_378' title='bbox 908 3788 1088 3832; x_wconf 64' lang='lat' dir='ltr'><strong>amarentur.</strong></span> <span class='ocrx_word' id='word_1_379' title='bbox 1123 3783 1248 3830; x_wconf 81' lang='lat' dir='ltr'><strong>Rubenius</strong></span> <span class='ocrx_word' id='word_1_380' title='bbox 1269 3782 1365 3828; x_wconf 85' lang='lat' dir='ltr'><strong>videtur</strong></span> <span class='ocrx_word' id='word_1_381' title='bbox 1386 3796 1427 3830; x_wconf 80' lang='lat' dir='ltr'><strong>ve·</strong></span> 
     </span>
     <span class='ocr_line' id='line_1_44' title="bbox 357 3845 1430 3910; baseline 0 -18"><span class='ocrx_word' id='word_1_382' title='bbox 357 3845 429 3900; x_wconf 85' lang='lat' dir='ltr'><strong>dixit,</strong></span> <span class='ocrx_word' id='word_1_383' title='bbox 451 3859 528 3896; x_wconf 84' lang='lat' dir='ltr'><strong>annos</strong></span> <span class='ocrx_word' id='word_1_384' title='bbox 550 3849 643 3895; x_wconf 84' lang='lat' dir='ltr'><strong>medios</strong></span> <span class='ocrx_word' id='word_1_385' title='bbox 665 3849 810 3910; x_wconf 81' lang='lat' dir='ltr'><strong>intelligere,</strong></span> <span class='ocrx_word' id='word_1_386' title='bbox 830 3848 878 3894; x_wconf 90' lang='lat' dir='ltr'><strong>tm·</strong></span> <span class='ocrx_word' id='word_1_387' title='bbox 908 3846 1359 3908; x_wconf 76' lang='lat' dir='ltr'><strong>ram-Liviimanumdeprehenuisse:</strong></span> <span class='ocrx_word' id='word_1_388' title='bbox 1377 3845 1430 3892; x_wconf 77' lang='lat' dir='ltr'><strong>En·</strong></span> 
     </span>
     <span class='ocr_line' id='line_1_45' title="bbox 358 3909 1427 3973; baseline 0 -17"><span class='ocrx_word' id='word_1_389' title='bbox 358 3910 478 3970; x_wconf 80' lang='lat' dir='ltr'><strong>periectos</strong></span> <span class='ocrx_word' id='word_1_390' title='bbox 502 3921 552 3960; x_wconf 87' lang='lat' dir='ltr'><strong>non</strong></span> <span class='ocrx_word' id='word_1_391' title='bbox 583 3925 718 3960; x_wconf 81' lang='lat' dir='ltr'><strong>numerare.</strong></span> <span class='ocrx_word' id='word_1_392' title='bbox 762 3909 876 3972; x_wconf 81' lang='lat' dir='ltr'><strong>Alioquin</strong></span> <span class='ocrx_word' id='word_1_393' title='bbox 906 3917 957 3970; x_wconf 82' lang='lat' dir='ltr'><strong>tar,</strong></span> <span class='ocrx_word' id='word_1_394' title='bbox 970 3913 1059 3960; x_wconf 86' lang='lat' dir='ltr'><strong>slveut</strong></span> <span class='ocrx_word' id='word_1_395' title='bbox 1072 3925 1147 3973; x_wconf 87' lang='lat' dir='ltr'><strong>quam</strong></span> <span class='ocrx_word' id='word_1_396' title='bbox 1157 3911 1427 3972; x_wconf 81' lang='lat' dir='ltr'><strong>proximendveterem</strong></span> 
     </span>
     <span class='ocr_line' id='line_1_46' title="bbox 358 3973 1428 4038; baseline 0.001 -18"><span class='ocrx_word' id='word_1_397' title='bbox 358 3973 467 4036; x_wconf 77' lang='lat' dir='ltr'><strong>quintum</strong></span> <span class='ocrx_word' id='word_1_398' title='bbox 478 3977 704 4026; x_wconf 82' lang='lat' dir='ltr'><strong>eratseribendum.</strong></span> <span class='ocrx_word' id='word_1_399' title='bbox 721 3978 818 4025; x_wconf 78' lang='lat' dir='ltr'><strong>Sreort.</strong></span> <span class='ocrx_word' id='word_1_400' title='bbox 909 3978 1053 4038; x_wconf 87' lang='lat' dir='ltr'><strong>scripturam</strong></span> <span class='ocrx_word' id='word_1_401' title='bbox 1077 3978 1230 4035; x_wconf 74' lang='lat' dir='ltr'><strong>aeoedunus,</strong></span> <span class='ocrx_word' id='word_1_402' title='bbox 1250 3978 1428 4022; x_wconf 71' lang='lat' dir='ltr'><strong>asarem-</strong></span> 
     </span>
    </p>

    <p class='ocr_par' dir='ltr' id='par_1_13' title="bbox 305 4036 1431 4294">
     <span class='ocr_line' id='line_1_47' title="bbox 305 4036 1428 4102; baseline 0.002 -18"><span class='ocrx_word' id='word_1_403' title='bbox 305 4063 308 4068; x_wconf 68' lang='lat'><strong>,</strong></span> <span class='ocrx_word' id='word_1_404' title='bbox 391 4036 623 4101; x_wconf 77' lang='lat' dir='ltr'><strong>95&#39;Ut..equr&#39;ter</strong></span> <span class='ocrx_word' id='word_1_405' title='bbox 638 4043 687 4088; x_wconf 82' lang='lat' dir='ltr'><strong>uim</strong></span> <span class='ocrx_word' id='word_1_406' title='bbox 697 4043 810 4089; x_wconf 75' lang='lat' dir='ltr'><strong>sustinere</strong></span> <span class='ocrx_word' id='word_1_407' title='bbox 824 4053 877 4102; x_wconf 82' lang='lat' dir='ltr'><strong>por·</strong></span> <span class='ocrx_word' id='word_1_408' title='bbox 908 4047 981 4089; x_wconf 70' lang='lat' dir='ltr'><strong>mur.</strong></span> <span class='ocrx_word' id='word_1_409' title='bbox 1014 4041 1181 4088; x_wconf 79' lang='lat' dir='ltr'><strong>Glossarium:</strong></span> <span class='ocrx_word' id='word_1_410' title='bbox 1207 4041 1296 4097; x_wconf 77' lang='lat' dir='ltr'><strong>Entar,</strong></span> <span class='ocrx_word' id='word_1_411' title='bbox 1317 4039 1362 4086; x_wconf 81' lang='lat' dir='ltr'><strong>olla</strong></span> <span class='ocrx_word' id='word_1_412' title='bbox 1388 4039 1428 4086; x_wconf 77' lang='lat' dir='ltr'><strong>ull</strong></span> 
     </span>
     <span class='ocr_line' id='line_1_48' title="bbox 358 4103 1429 4168; baseline -0.001 -17"><span class='ocrx_word' id='word_1_413' title='bbox 358 4103 420 4167; x_wconf 76' lang='lat' dir='ltr'><strong>arnt]</strong></span> <span class='ocrx_word' id='word_1_414' title='bbox 446 4104 613 4166; x_wconf 62' lang='lat' dir='ltr'><strong>Ut‘equitatu</strong></span> <span class='ocrx_word' id='word_1_415' title='bbox 637 4113 735 4166; x_wconf 81' lang='lat' dir='ltr'><strong>possent</strong></span> <span class='ocrx_word' id='word_1_416' title='bbox 759 4107 878 4154; x_wconf 87' lang='lat' dir='ltr'><strong>sustinere</strong></span> <span class='ocrx_word' id='word_1_417' title='bbox 909 4111 962 4153; x_wconf 73' lang='lat' dir='ltr'><strong>ertu</strong></span> <span class='ocrx_word' id='word_1_418' title='bbox 984 4105 1144 4168; x_wconf 70' lang='lat' dir='ltr'><strong>sequebamur.</strong></span> <span class='ocrx_word' id='word_1_419' title='bbox 1175 4104 1362 4165; x_wconf 79' lang='lat' dir='ltr'><strong>Quamplurirna</strong></span> <span class='ocrx_word' id='word_1_420' title='bbox 1383 4117 1429 4150; x_wconf 80' lang='lat' dir='ltr'><strong>su-</strong></span> 
     </span>
     <span class='ocr_line' id='line_1_49' title="bbox 358 4168 1431 4238; baseline -0.001 -24"><span class='ocrx_word' id='word_1_421' title='bbox 358 4168 410 4214; x_wconf 88' lang='lat' dir='ltr'><strong>vim</strong></span> <span class='ocrx_word' id='word_1_422' title='bbox 426 4169 565 4229; x_wconf 78' lang='lat' dir='ltr'><strong>Annibalis,</strong></span> <span class='ocrx_word' id='word_1_423' title='bbox 578 4172 620 4231; x_wconf 87' lang='lat' dir='ltr'><strong>qni</strong></span> <span class='ocrx_word' id='word_1_424' title='bbox 636 4172 787 4230; x_wconf 84' lang='lat' dir='ltr'><strong>equestribus</strong></span> <span class='ocrx_word' id='word_1_425' title='bbox 803 4170 878 4232; x_wconf 81' lang='lat' dir='ltr'><strong>copiis</strong></span> <span class='ocrx_word' id='word_1_426' title='bbox 911 4177 961 4217; x_wconf 87' lang='lat' dir='ltr'><strong>tem</strong></span> <span class='ocrx_word' id='word_1_427' title='bbox 972 4171 1071 4218; x_wconf 86' lang='lat' dir='ltr'><strong>nomina</strong></span> <span class='ocrx_word' id='word_1_428' title='bbox 1082 4176 1185 4230; x_wconf 87' lang='lat' dir='ltr'><strong>utroque</strong></span> <span class='ocrx_word' id='word_1_429' title='bbox 1201 4169 1283 4222; x_wconf 83' lang='lat' dir='ltr'><strong>modo,</strong></span> <span class='ocrx_word' id='word_1_430' title='bbox 1295 4169 1387 4238; x_wconf 77' lang='lat' dir='ltr'><strong>scilieet</strong></span> <span class='ocrx_word' id='word_1_431' title='bbox 1402 4168 1431 4214; x_wconf 85' lang='lat' dir='ltr'><strong>in</strong></span> 
     </span>
     <span class='ocr_line' id='line_1_50' title="bbox 359 4232 1430 4294; baseline -0.001 -15"><span class='ocrx_word' id='word_1_432' title='bbox 359 4235 522 4294; x_wconf 71' lang='lat' dir='ltr'><strong>precellebat.</strong></span> <span class='ocrx_word' id='word_1_433' title='bbox 910 4249 939 4280; x_wconf 83' lang='lat' dir='ltr'><strong>ur</strong></span> <span class='ocrx_word' id='word_1_434' title='bbox 956 4236 995 4282; x_wconf 85' lang='lat' dir='ltr'><strong>vel</strong></span> <span class='ocrx_word' id='word_1_435' title='bbox 1013 4249 1063 4294; x_wconf 84' lang='lat' dir='ltr'><strong>are,</strong></span> <span class='ocrx_word' id='word_1_436' title='bbox 1077 4236 1207 4282; x_wconf 74' lang='lat' dir='ltr'><strong>desinunt:</strong></span> <span class='ocrx_word' id='word_1_437' title='bbox 1224 4240 1254 4281; x_wconf 85' lang='lat' dir='ltr'><strong>ut</strong></span> <span class='ocrx_word' id='word_1_438' title='bbox 1269 4232 1430 4293; x_wconf 61' lang='lat' dir='ltr'><strong>lrpmsreda·</strong></span> 
     </span>
    </p>

    <p class='ocr_par' dir='ltr' id='par_1_14' title="bbox 358 4297 1417 4420">
     <span class='ocr_line' id='line_1_51' title="bbox 391 4297 1417 4364; baseline 0 -20"><span class='ocrx_word' id='word_1_439' title='bbox 391 4297 492 4344; x_wconf 82' lang='lat' dir='ltr'><strong>96&#39;Ad</strong></span> <span class='ocrx_word' id='word_1_440' title='bbox 506 4298 638 4345; x_wconf 77' lang='lat' dir='ltr'><strong>obtinendas</strong></span> <span class='ocrx_word' id='word_1_441' title='bbox 652 4299 699 4361; x_wconf 78' lang='lat' dir='ltr'><strong>res]</strong></span> <span class='ocrx_word' id='word_1_442' title='bbox 717 4301 756 4346; x_wconf 82' lang='lat' dir='ltr'><strong>Au</strong></span> <span class='ocrx_word' id='word_1_443' title='bbox 776 4301 879 4347; x_wconf 85' lang='lat' dir='ltr'><strong>tuendas</strong></span> <span class='ocrx_word' id='word_1_444' title='bbox 912 4313 983 4362; x_wconf 80' lang='lat' dir='ltr'><strong>quear</strong></span> <span class='ocrx_word' id='word_1_445' title='bbox 988 4316 998 4357; x_wconf 92' lang='lat'><strong>,·</strong></span> <span class='ocrx_word' id='word_1_446' title='bbox 1006 4299 1141 4362; x_wconf 78' lang='lat' dir='ltr'><strong>pulvinare,</strong></span> <span class='ocrx_word' id='word_1_447' title='bbox 1149 4299 1272 4364; x_wconf 55' lang='lat' dir='ltr'><strong>punirer,</strong></span> <span class='ocrx_word' id='word_1_448' title='bbox 1283 4303 1313 4346; x_wconf 85' lang='lat' dir='ltr'><strong>et.</strong></span> <span class='ocrx_word' id='word_1_449' title='bbox 1320 4297 1417 4344; x_wconf 76' lang='lat' dir='ltr'><strong>similia</strong></span> 
     </span>
     <span class='ocr_line' id='line_1_52' title="bbox 358 4365 1046 4420; baseline 0.006 -10"><span class='ocrx_word' id='word_1_450' title='bbox 358 4374 406 4420; x_wconf 83' lang='lat' dir='ltr'><strong>res,</strong></span> <span class='ocrx_word' id='word_1_451' title='bbox 418 4365 448 4410; x_wconf 86' lang='lat' dir='ltr'><strong>ad</strong></span> <span class='ocrx_word' id='word_1_452' title='bbox 460 4365 576 4412; x_wconf 85' lang='lat' dir='ltr'><strong>tenendos</strong></span> <span class='ocrx_word' id='word_1_453' title='bbox 588 4365 612 4410; x_wconf 86' lang='lat' dir='ltr'><strong>in</strong></span> <span class='ocrx_word' id='word_1_454' title='bbox 624 4365 702 4414; x_wconf 83' lang='lat' dir='ltr'><strong>officio</strong></span> <span class='ocrx_word' id='word_1_455' title='bbox 714 4365 834 4414; x_wconf 82' lang='lat' dir='ltr'><strong>Lucanos.</strong></span> <span class='ocrx_word' id='word_1_456' title='bbox 1045 4397 1046 4400; x_wconf 59' lang='lat'><em>=</em></span> 
     </span>
    </p>
   </div>
   <div class='ocr_carea' id='block_1_8' title="bbox 0 0 1585 4972">
    <p class='ocr_par' dir='ltr' id='par_1_15' title="bbox 0 0 1585 4972">
     <span class='ocr_line' id='line_1_53' title="bbox 0 0 1585 4972; baseline 0 0"><span class='ocrx_word' id='word_1_457' title='bbox 0 0 1585 4972; x_wconf 95' lang='lat' dir='ltr'><strong> </strong></span> 
     </span>
    </p>
   </div>
  </div>
 </body>
</html>
