3064 4976
449 203 652 271 Lluattxl.
676 203 779 264 CAP.
801 203 886 265 XIX.
1153 215 1191 274 2?

129 389 232 457 mam,
248 368 338 436 ”eui
361 366 778 455 prioresoederestmetun
800 368 873 442 satis
896 377 1112 446 multimeter
1135 370 1349 442 Sanctae·

129 456 282 546 gentinis,
298 456 392 521 sociis
414 468 624 541 utrorumque
646 455 802 538 exceptis.
824 477 898 520 uam
921 476 1024 541 neque
1046 448 1338 530 additumbffllii

127 556 201 620 erat,
217 545 270 622 iis,
286 546 341 626 qni
355 553 431 611 tune
441 551 554 628 essent.-
572 549 640 619 nec,
656 561 695 606 ne
714 543 769 626 qui
784 553 894 625 postea
908 545 1147 608 adsumerentnr.
1162 556 1194 616 et

128 651 226 714 quum
242 628 412 694 adsumere
433 647 530 695 novos
551 628 659 698 liceret
679 629 789 706 socios,
806 627 876 715 quis
897 647 1025 714 oequurn
1041 642 1193 708 censeret,

128 728 179 782 aut
193 717 238 780 ob
253 714 344 780 nulla
358 735 549 801 quemquam
569 714 683 780 merita
697 715 731 780 in
745 715 916 781 amicitiam
932 713 1054 800 recipi?
1074 729 1130 780 aut
1144 737 1194 780 ree

128 817 236 888 ceptos
259 802 294 864 in
315 800 412 867 fidem
437 823 501 876 non
521 799 672 866 defendi?
693 801 718 840 ⁸¹
728 812 860 877 tantum,
882 824 923 866 ne
945 801 1201 890 Karthaginiena

128 888 207 956 sium
223 889 304 952 socii
320 901 374 964 aut
389 886 634 964 sollicitarentur
648 888 691 952 ad·
706 886 927 968 defectionem,
942 902 998 954 aut
1012 913 1068 953 sua
1082 901 1195 974 sponte

128 975 373 1050 ”desciscentes
389 977 610 1058 reciperentur.
650 975 763 1062 Legati
780 975 919 1040 Romani
930 978 970 1039 ab
986 975 1195 1064 Karthagine,
1204 993 1287 1054 negati
1299 993 1347 1039 ιιο-

128 1061 208 1128 sicut
219 1061 271 1124 his
290 1061 403 1126 Romae
415 1061 604 1144 imperatum
620 1074 697 1137 erat,
713 1061 746 1124 in
765 1061 970 1146 Hispaniam„
984 1061 1010 1100 ⁸³
1020 1075 1056 1126 ut
1071 1063 1196 1136 adirent
1204 1059 1307 1168 {3³¹2}
1323 1135 1350 1167 m

128 1149 282 1226 civitates,
297 1157 334 1218 ut
349 1147 383 1210 in
405 1148 584 1222 societatem
607 1147 808 1232 perlicerent,
825 1160 880 1212 aut
895 1162 1072 1213 averterent
1085 1172 1107 1212 a
1121 1135 1336 1246 Pmtfffiussg

130 1235 189 1310 nis,
207 1235 412 1319 trajecerunt.
456 1233 509 1298 Ad
535 1233 710 1320 Bargusios
731 1235 871 1319 primum
890 1249 1061 1299 venerunt:
1085 1257 1107 1312 a
1148 1237 1196 1311 ui-¹

132 1321 190 1386 bus
210 1321 352 1405 benigne
373 1322 507 1404 excepti,
523 1321 598 1406 quia
623 1319 762 1392 taedebat
786 1320 912 1406 imperii
936 1321 1061 1399 Punici,
1079 1260 1200 1389 mdltos

132 1419 215 1480 trans
234 1407 367 1472 Iberum
391 1406 525 1491 populos
547 1406 592 1480 ad*
610 1406 792 1490 cupidinem
818 1429 916 1472 novas
935 1407 1073 1474 fortune
1089 1431 1197 1484 erexe-¹

131 1508 213 1560 runt.
261 1493 315 1558 Ad
332 1492 503 1558 Volcianos
517 1492 592 1557 inde
606 1507 654 1558 est
669 1507 797 1558 ventum
808 1513 821 1568 t¹
841 1515 976 1580 quorum
1001 1494 1124 1560 celebre
1139 1517 1199 1580 per

132 1578 328 1664 Hispaniam
343 1601 528 1664 responsum
545 1592 671 1644 ceteros.
682 1579 819 1664 populos
832 1585 874 1656 ab
888 1577 1037 1646 societate
1051 1579 1200 1658 Romana

131 1668 251 1754 avertit
274 1668 322 1732 ita
342 1669 426 1730 enim
442 1667 599 1730 maximus
615 1680 695 1733 natu
708 1687 748 1730 ex
763 1666 800 1730 iis
815 1667 848 1730 in
863 1668 1000 1744 concilio,
1014 1669 1197 1754 respoudit:

135 1754 211 1826 (lnce
220 1755 406 1824 uerecundia
417 1763 473 1829 est,
484 1754 631 1830 Rotnani,
637 1757 800 1836 postulare
812 1761 891 1830 nos¹‚
907 1757 955 1818 nti
969 1765 1097 1820 uestram
1112 1757 1199 1820 Kar-

134 1841 371 1924 thaginiensium
394 1841 541 1904 amicitie
555 1859 783 1922 praeponamus,
806 1862 905 1924 quum,
921 1843 976 1924 qni
997 1843 1032 1904 iet
1039 1843 1197 1927 ficerunt,

133 1927 322 2011 Saguntinos
341 1927 500 2001 crudelius,
520 1947 611 2010 qnam
630 1928 745 1992 Panas
765 1928 861 1992 lastis
879 1929 1031 2008 perdidit,
1053 1949 1103 1994 nos
1123 1931 1201 1992 socii

128 2015 363 2096 prodideritis?
380 2013 426 2076 ibi
439 2015 586 2096 qnaeratis
600 2014 704 2086 socios,
717 2035 829 2088 censeo,
843 2013 896 2076 nbi
909 2014 1083 2098 Saguntina
1099 2017 1201 2080 clades

135 2102 240 2183 ignata
253 2109 307 2163 est.
353 2099 509 2181 Hispanis
517 2101 655 2181 populis,
670 2101 748 2163 sicut
760 2099 896 2184 lugubre,
912 2102 959 2164 ita
975 2102 1096 2184 insigne
1108 2105 1200 2176 docu-

135 2195 263 2249 mentum
274 2187 409 2270 Sagunti
416 2187 523 2264 ,rninae
536 2195 635 2261 emant,
651 2207 690 2248 ne
704 2187 772 2269 quis
773 2187 859 2269 fidei
873 2186 1023 2250 Romanae
1037 2197 1092 2250 atet
1105 2190 1200 2252 socie-

134 2274 193 2336 tati
221 2275 369 2356 confidat.
414 2270 495 2336 Inde
525 2271 686 2356 extemplo
714 2272 802 2336 abire
830 2271 946 2347 finibus
973 2272 1199 2344 Volcianorum

132 2359 220 2442 jussi,
236 2359 279 2422 ab
303 2357 392 2422 nullo
413 2357 526 2422 deinde
548 2359 685 2422 concilio
701 2357 870 2443 Hispaniae
894 2359 1081 2445 benigniora
1105 2360 1202 2422 verba

134 2446 244 2510 tulere.
260 2445 369 2530 itaque
383 2445 598 2530 nequidquam
616 2459 782 2530 peragrata
796 2444 964 2530 Hispania,
981 2445 1006 2484 ⁸⁴
1015 2445 1048 2508 in
1061 2444 1200 2528 Galliam

135 2544 309 2600 uunseum.
1040 2553 1043 2558 ·

325 2689 460 2747 ¹Rornani‚
468 2689 588 2752 molere
599 2705 647 2749 not,
657 2691 705 2753 leg.
716 2705 765 2754 nor¹
776 2690 808 2738 R.
816 2707 843 2754 p.
855 2693 930 2742 Gron.
943 2694 1014 2742 Creu.

166 2839 199 2886 80
215 2837 274 2884 Eat
287 2839 370 2898 priore
379 2835 480 2900 sedere]
499 2835 547 2883 Hic
563 2837 653 2884 intelli·
685 2845 794 2888 suerent.
846 2859 850 2870 ·
880 2843 884 2852 ’

136 2904 243 2964 gendrmr
253 2909 292 2948 est
307 2903 389 2953 toedus
402 2902 464 2950 illud
475 2901 577 2956 Lutatii,
590 2905 654 2962 quod
718 2904 751 2952 83
770 2904 803 2952 Ut
819 2903 911 2952 adnm
926 2906 1078 2960 obdulcant
1095 2907 1120 2954 in
1136 2907 1203 2956 soem·

135 2969 231 3027 publico
250 2967 352 3012 consilio
373 2967 451 3014 ictum
473 2971 520 3024 est,
541 2973 566 3012 et
584 2969 654 3030 prta:
686 2963 768 3032 tam]
790 2970 884 3033 Melius
901 2972 1032 3024 videretur,
1055 2971 1120 3030 quod
1142 2971 1203 3020 Gro-

136 3039 243 3086 voeatur.
262 3031 294 3078 ob
317 3032 396 3078 foedus
416 3029 568 3087 Asdrubalis,
589 3033 654 3094 quod
687 3034 773 3080 notius
784 3035 832 3096 legi
839 3031 925 3094 jubet:
942 3039 969 3081 nt
980 3037 1073 3084 adirent
1088 3037 1203 3092 ciuitates,

137 3095 498 3156 aliquotpostauuissecutum
509 3101 553 3140 est.
589 3119 597 3126 -
686 3099 939 3146 atentiamer'etatnn
947 3103 1185 3160 palaemonem..
1278 3117 1280 3124 ’

167 3161 197 3208 81
219 3159 333 3214 Turtam,
354 3175 383 3207 ne
406 3159 653 3224 Carthaginiensium]
718 3162 752 3212 st
767 3164 799 3210 Ῑιι
819 3163 925 3211 Gellium
950 3168 1079 3215 transeunt.
1111 3168 1143 3214 In
1167 3166 1206 3216 ln't

136 3225 165 3271 ld
194 3230 295 3272 tantum
327 3226 473 3280 cavendum,
507 3227 654 3275 servandum
686 3226 757 3290 nona]
776 3227 824 3276 Hie
840 3229 997 3290 perspicuum
1012 3237 1050 3278 ert
1066 3232 1206 3291 aliqtddes·

135 3296 318 3342 «ηιμ...
686 3300 713 3338 te
729 3291 791 3346 vitii,
807 3299 832 3340 et
847 3293 938 3354 requiri
956 3309 1046 3342 nomen
1064 3297 1144 3358 gentis
1163 3301 1207 3343 eut
1272 3337 1277 3348 ,

166 3355 198 3402 82
215 3353 373 3400 Demiteentet
399 3353 565 3418 malpernrtar]
592 3353 656 3401 Haec
687 3357 762 3408 urbis.
783 3358 908 3418 adquam
926 3361 1037 3408 venerint
1059 3361 1139 3420 primo
1158 3361 1207 3407 ilo-

134 3419 227 3476 omoia,
248 3431 305 3478 que
328 3417 495 3470 Romanorum
516 3431 597 3466 cause
617 3421 654 3466 fa·
687 3421 755 3468 mani
780 3422 806 3468 iu
831 3423 937 3470 Gallim
964 3425 1116 3484 mmsgressi.
1152 3425 1207 3474 Hoc

134 3490 200 3537 vent,
224 3483 353 3544 diligenter
378 3484 496 3546 excerpsit
517 3497 532 3530 e
554 3483 655 3545 Polybio
687 3487 802 3545 permulti
820 3487 947 3536 videruntr
965 3489 1030 3535 solur
1046 3488 1206 3536 macrone·

134 3547 225 3594 Livius.
258 3547 294 3596 At
312 3549 338 3594 id
357 3549 469 3594 omittere
487 3547 588 3594 sortasse
605 3561 654 3594 non
687 3551 741 3596 vius
756 3551 858 3596 feliciter
875 3555 1016 3598 emendasse
1028 3552 1130 3598 videtur.
1163 3553 1208 3600 Ju-

135 3613 261 3671 debuerat,
278 3613 343 3672 quod
362 3613 408 3658 ille·
422 3613 512 3658 eximia
527 3613 574 3658 ride
588 3625 655 3659 eom-
688 3616 728 3662 bet
750 3615 792 3662 ille
812 3617 877 3676 legit
901 3617 929 3662 in
951 3615 1058 3662 Galliam
1079 3622 1208 3670 transeunt.

133 3677 265 3724 meodotua
287 3677 389 3738 scriptor
414 3677 497 3732 addite
522 3679 656 3730 macunen·
688 3678 821 3728 Rmeincne
847 3681 960 3728 tetribilis
984 3681 1069 3741 sptem
1092 3683 1143 3728 uim
1166 3687 1209 3736 eet.

135 3741 193 3786 dum
210 3743 311 3802 quidem
329 3742 462 3788 necessario
479 3753 539 3799 esse,
556 3741 656 3789 cartha·
687 3743 780 3791 Juvam
791 3741 844 3806 ejus
860 3742 1025 3806 conjecturam
1041 3751 1066 3791 et
1078 3748 1125 3794 loci
1136 3747 1207 3805 situs,

136 3804 258 3864 ginienses
279 3803 371 3868 injuste
393 3806 439 3852 boc
461 3806 553 3852 bellum
575 3820 656 3852 susce·
688 3813 714 3854 et
740 3809 833 3872 meptio
847 3809 1001 3858 ¹Ruscinonis
1024 3812 1055 3858 ab
1078 3811 1149 3859 Livio
1170 3814 1208 3860 bis

135 3870 240 3928 pinati
255 3871 310 3932 quie
326 3865 401 3931 hujus
419 3869 476 3916 belli
495 3871 614 3931 originem
631 3878 656 3917 et
688 3872 866 3927 factminlrac.
879 3873 917 3920 24.
937 3876 1055 3922 Attamen
1068 3875 1209 3925 rinouaita

136 3947 233 3982 eausam
245 3949 261 3982 a
271 3937 324 3982 solo
339 3935 442 3994 Sagunti
455 3935 561 3981 exscidia
572 3937 654 3982 ducat.
688 3937 745 3983 huic
764 3951 820 3997 quae
840 3942 952 3986 sanatur
968 3940 1003 3986 rei
1022 3953 1154 4002 congruere
1171 3943 1208 3988 vi-

139 3997 180 4044 Sin
205 4007 289 4048 autem
313 3999 372 4047 belli
394 4011 467 4044 causa
487 4001 657 4058 esss1dicatur
688 4001 769 4059 detur,
793 4007 824 4048 ut·
842 4003 904 4049 illud
925 4004 1045 4052 eliminari
1067 4019 1116 4052 non
1137 4006 1209 4054 facile

138 4062 254 4120 Sardinia,
266 4063 388 4125 stipendio
404 4063 478 4110 etiam
495 4064 563 4110 mille
575 4071 601 4112 et
611 4067 657 4112 du·
688 4066 818 4125 patiamur.
852 4065 885 4113 Et
901 4070 1160 4117 eumillavucebaud
1175 4086 1210 4118 ae·

137 4135 260 4176 centorum
286 4129 437 4176 talentorum
462 4129 657 4189 superimposito,
689 4143 731 4190 gre
744 4131 875 4177 coalescere
894 4139 1027 4192 potuerunt
1042 4135 1098 4180 dure
1117 4141 1210 4194 posue«

138 4205 178 4250 per
196 4195 309 4242 mandem
329 4194 481 4250 interceptae
495 4189 656 4252 justeomni·
689 4207 738 4242 mre
753 4195 852 4256 syllaba
865 4195 1058 4246 eotnmctaoae.
1091 4198 1208 4258 Legimus

138 4269 168 4302 uo
188 4257 403 4320 carthaginienses
424 4257 547 4306 occasione
565 4258 658 4306 invita·
689 4272 760 4320 srgoe
797 4261 929 4308 Rusetnom
961 4277 1021 4310 nona
1053 4263 1209 4324 terribiliaque

138 4325 172 4367 tos
182 4325 212 4369 ab
226 4324 257 4370 iis
274 4335 359 4384 poenas
377 4320 474 4378 exigere
489 4322 663 4382 voluissetque
688 4325 781 4384 speeies.

138 4399 177 4444 per
197 4383 516 4443 occasionemttemporum
536 4387 596 4458 ipsiu
614 4399 657 4433 no·
703 4435 708 4440 ,
795 4426 798 4435 ,
835 4431 839 4442 ,
906 4427 910 4440 ,
936 4433 940 4440 ,
1025 4435 1030 4442 ,
