3064 4976
404 193 498 254 usn
518 192 606 254 xxl.
636 191 739 254 CAP.
756 191 826 252 LV.
1108 196 1154 258 61·

108 361 203 448 quidm
214 361 260 426 ed
267 360 434 446 merigilio
442 359 550 443 prima
559 357 676 424 maios.
712 357 805 422 Nurac
815 377 945 442 empore
954 379 1064 424 curare
1074 369 1188 426 ten-u.
1197 377 1225 428 n
1237 377 1295 428 ent

102 471 155 531 prs
167 457 216 512 est.
261 447 314 520 Ita
326 443 352 490 ⁴⁷
360 443 546 532 praetorium
563 442 708 510 missum.
716 459 797 508 mou
810 465 884 508 eum
901 443 1031 510 deleatis
1047 443 1314 534 Magoossffi.

106 534 211 599 aderat.
256 533 381 598 Robora
401 535 535 598 oiromrn
554 553 657 612 rano,
671 531 777 616 inquit
796 530 972 595 Hannibal.
994 534 1056 608 sed,
1071 543 1150 598 utet

106 622 331 696 mammertinus,
346 641 408 683 nort
421 619 534 683 anonis
546 619 643 695 nodo,
659 619 798 694 volentis,
813 619 944 702 singulis
959 617 1042 684 votis
1060 639 1150 684 nove·

105 727 150 770 nes
162 729 198 770 ra
209 708 319 771 turmis
330 706 554 790 manupaisqre
567 705 661 768 uestri
673 705 786 768 similes
796 705 921 788 eligite:
945 705 1044 790 Mago
1054 707 1150 770 ham

106 793 283 871 monstrabit,
306 813 390 875 quem
415 790 583 856 insidentis.
626 788 787 854 ⁴“Hostem
809 810 915 854 raemm
937 793 982 853 od
1001 791 1058 855 Iros
1078 791 1152 855 belli

105 888 175 943 artes
187 879 347 944 habebitis.
381 876 432 942 Ita
445 875 533 940 mille
546 874 704 961 equitibus
719 874 864 962 Magoni,
886 875 975 940 mille
991 875 1150 962 peditibus
1158 897 1275 945 Numina

105 963 236 1042 dimissis,
250 962 417 1028 Hannibal
440 961 544 1048 prima
564 961 634 1026 lune
655 960 809 1025 Numidas
830 961 959 1047 equites,
977 955 1311 1050 managu-emmeles

105 1071 145 1112 sos
158 1049 306 1115 Trebiam
321 1049 449 1127 flumen,
466 1047 651 1134 obequitare
672 1048 759 1111 ‘ubet
778 1045 916 1112 hostium
937 1050 1047 1133 portis,
1057 1035 1241 1135 janu-‘Q'
1252 1025 1301 1074 ¹¹⁰¹
1353 1067 1362 1081 ‘

105 1135 248 1224 laudeque
271 1137 304 1200 in
329 1136 478 1201 stationes
500 1133 620 1198 elicere'
639 1069 680 1196 ad
700 1154 840 1220 pugnarn
862 1132 1003 1199 hestrut:
1032 1105 1244 1285 himma

105 1221 202 1287 deinde
216 1221 399 1301 certamine,
416 1219 557 1286 oedeudo
578 1219 691 1284 sensim
713 1219 794 1283 eitra
814 1219 930 1284 flumen
956 1231 1060 1306 pertra
1086 1244 1148 1286 ere.
1175 1257 1178 1264 ·

106 1309 174 1373 Hae
190 1308 343 1374 mandata
354 1307 514 1372 Numidis.
537 1305 648 1370 emeris
672 1305 808 1370 ducibus
829 1306 969 1390 pediturn
991 1310 1148 1392 equitum·

125 1415 157 1457 ue
167 1407 371 1481 praeceptum,
386 1407 422 1459 ut
435 1393 592 1477 prandere
606 1413 714 1456 omnes
723 1391 889 1477 juberent:
912 1405 1049 1458 armatos
1059 1393 1149 1459 dein·
1161 1431 1167 1442 ·

106 1416 146 1557 de,
158 1480 358 1566 instratisque
379 1481 478 1566 equis,
490 1479 616 1566 siguum
639 1489 830 1562 exspectare.
874 1480 1090 1566 Sempronius,
1104 1479 1146 1545 ad
1157 1489 1294 1552 supruni-

105 1567 256 1633 tumultum
273 1565 492 1632 Numidarum
514 1564 652 1650 primum
667 1585 793 1629 omnem
809 1565 993 1650 equitatum,
1006 1564 1094 1632 ferox
1110 1555 1276 1632 ea¹¹⁸²⁶²¹⁶¹⁸

103 1665 178 1736 parte
199 1654 329 1730 virium,
345 1652 461 1717 deinde
482 1673 542 1716 sex
567 1650 667 1714 millia
688 1650 842 1736 peditum,
858 1665 1017 1736 postremo
1037 1619 1244 1732 omneswpm'
1290 1683 1297 1698 ·

104 1739 280 1822 eopiasssad
300 1739 512 1804 destinatumn
525 1738 588 1800 ’am
610 1748 683 1802 ante
703 1737 845 1814 oonsilio,
868 1737 980 1802 avidus
1001 1739 1147 1804 rememi-

104 1823 157 1902 nis,
170 1826 280 1891 eduxit.
331 1824 413 1890 Erat
425 1823 506 1888 lorte
518 1759 643 1888 lrrumae
663 1835 788 1908 tempus
802 1836 834 1887 et
847 1824 957 1888 nivalis
971 1824 1038 1890 dies
1052 1826 1085 1889 iu
1100 1824 1147 1889 lo-

105 1909 143 1973 eis
163 1912 292 1998 Alpibus
321 1910 555 1997 Apenninoque
579 1909 760 1994 interjectis,
786 1909 1023 1996 propinquitate
1050 1911 1151 1977 etiam·

102 1995 250 2064 luminum
271 2019 315 2064 ac
338 1996 502 2083 paludium
525 1994 710 2081 praegelidis.
739 1994 780 2060 ad
802 1995 863 2060 boe
886 1997 1003 2080 raptim
1026 1997 1149 2064 eductis

101 2081 264 2150 hominibus
288 2096 387 2170 atque
408 2085 507 2169 equis,
522 2103 587 2145 non
607 2093 701 2165 capto
725 2094 799 2146 aute
822 2081 904 2160 elbo,
920 2103 985 2146 nou
1007 2105 1068 2168 ope
1082 2084 1148 2150 ulla

104 2169 137 2232 ed
149 2173 320 2238 arcendum
341 2168 441 2256 frigus
461 2167 612 2244 adbibita,
636 2166 715 2232 nibil
732 2167 845 2232 caloris
865 2168 984 2233 inerat:
1008 2182 1040 2234 at
1054 2170 1149 2254 quid-

103 2255 168 2340 quid
183 2281 269 2323 auroe
294 2256 435 2322 fluminis
458 2253 765 2340 adpropinquabant,
781 2253 917 2318 adflabat
932 2254 1034 2320 serior
1047 2255 1146 2344 frigo-

102 2341 198 2440 pisris.
241 2345 295 2412 Ut
318 2364 393 2408 vero
417 2341 608 2442 refugientes
632 2339 787 2405 Numidas
810 2343 1006 2427 insequentes
1030 2363 1144 2442 aquam
1154 2353 1311 2470 ¹‹agrippinu-

102 2427 1147 2603 litttt'ttitgtst‘lgtl”istut‘tutibus
1230 2453 1239 2472 '

103 2619 208 2667 norum
230 2602 444 2668 tenendorum
468 2601 610 2687 potentia
623 2610 735 2675 ament,
750 2607 803 2664 et?
821 2598 949 2666 ⁵⁰simul
964 2601 1150 2668 lassitudine

103 2689 275 2768 procedente
285 2689 355 2775 jam
370 2687 431 2765 die,
446 2686 528 2751 fame
542 2687 635 2750 etiem
646 2684 790 2750 deficere.

138 2774 200 2842 LV.
224 2774 423 2842 Hannibalis
437 2772 564 2838 interim
580 2771 679 2850 miles,
694 2772 821 2858 ignibus
840 2785 914 2839 ante
933 2774 1069 2839 tentoria
1084 2773 1147 2840 lac-

102 2858 142 2936 tis,
155 2861 286 2950 oleoque
301 2883 359 2947 per
374 2857 562 2946 manipulos,
577 2869 614 2922 ut
628 2857 786 2924 mollirent
799 2871 896 2936 artus,
913 2861 1016 2938 misso,
1032 2874 1064 2926 et
1075 2861 1149 2926 cibo

103 2950 253 3026 parotium
270 2962 378 3032 capto,
396 2947 449 3012 ubi
474 2960 683 3032 transgressos
702 2944 820 3010 flumen
842 2945 947 3011 hostes
961 2949 1148 3013 nunciatum

103 3044 148 3111 su,
160 3035 260 3100 alacer
276 3034 392 3098 animis
407 3031 654 3118 corporibusque
673 3052 761 3097 arma
781 3033 875 3116 capit,
891 3045 986 3119 atque
999 3034 1032 3098 in
1047 3035 1147 3100 aciem

103 3121 238 3198 procedit.
287 3119 430 3186 Baliares
443 3119 527 3184 locat
541 3131 614 3182 ante
628 3117 729 3206 signa,
742 3120 841 3184 levem
856 3132 1060 3199 armaturam,
1076 3129 1150 3187 octo
1159 3137 1280 3186 Hmmuu
1298 3114 1309 3144 '⁴'

104 3199 183 3269 ferme
196 3208 299 3274 millia
311 3204 477 3270 hominum
489 3227 497 3281 ;
508 3203 592 3270 dein
604 3205 780 3290 graviorem
792 3205 1049 3290 armispeditem,
1062 3208 1148 3294 quod
1157 3204 1234 3313 ⁸⁰¹⁸?
1244 3202 1283 3248 ¹¹¹·

104 3288 211 3372 virium,
225 3295 314 3382 quod
337 3292 460 3358 roboris
481 3305 568 3356 erat:
591 3290 625 3352 iu
645 3291 793 3356 cornibus
816 3291 1019 3358 circumfudit
1041 3274 1238 3358 deeem⁸⁸¹¹¹“

103 3374 187 3442 uillis
206 3381 376 3468 equitum,r
392 3390 424 3444 et
438 3378 479 3446 ab
499 3375 647 3442 cornibus
662 3375 694 3440 in
710 3390 879 3465 utramque
897 3393 1021 3464 partem
1035 3381 1153 3446 diuisos

151 3552 224 3600 'add
234 3553 312 3602 musa
323 3551 401 3604 Gron.
412 3551 484 3600 Creu.
546 3554 560 3582 ⁰
569 3551 592 3596 rt
601 3548 673 3596 droul
682 3549 818 3600 madiae
828 3552 846 3602 1.
856 3551 1010 3616 dmuljejuai
1021 3549 1088 3599 Eaed.

128 3711 156 3760 ll
176 3715 319 3766 Pretorium
351 3717 460 3784 mbram]
500 3715 602 3764 Dimissi
634 3717 826 3766 enmuuuum
842 3715 925 3782 adjicit
940 3729 956 3763 a
972 3716 1077 3764 emunda
1095 3729 1148 3764 ma-

104 3779 204 3840 metipsi
222 3783 324 3841 dueum,
341 3785 384 3844 qui
403 3783 428 3828 in
450 3783 602 3846 mestorium,
634 3795 676 3830 nu.
707 3781 1047 3844 Abbremtquoquealiolla
1057 3782 1148 3838 codiee,

103 3839 144 3888 'lte
157 3847 337 3896 labemurulum
359 3847 520 3908 imperatoris,
545 3859 603 3894 eon·
634 3851 662 3892 ut
680 3853 780 3907 apparet
798 3844 898 3910 exejus
918 3852 975 3892 uota
990 3847 1022 3893 ad
1037 3847 1103 3893 hune
1114 3848 1149 3893 lo·

103 3907 221 3957 ladrum.
255 3911 393 3974 Vidium.
408 3912 426 3958 1.
444 3911 476 3958 V.
493 3913 524 3960 de
546 3911 601 3958 Mil.
633 3923 699 3959 cum.
741 3911 794 3959 Nee
820 3913 923 3960 fortnas
949 3911 1082 3958 neeamaria
1103 3916 1147 3958 eat.

105 3963 261 4024 tororum
419 4005 422 4010 -
635 3975 674 4022 Sle
696 3977 806 4023 absolue
829 3975 918 4022 dieitur
937 3975 968 4021 od
988 3977 1146 4033 meditamen,

129 4031 157 4080 48
171 4037 266 4087 Bonan
277 4071 284 4087 .
296 4072 302 4087 .
314 4071 321 4086 .
332 4038 452 4105 iamir]
470 4039 526 4087 rus
542 4041 603 4087 liber
634 4039 664 4086 od
680 4039 826 4088 condtotums
842 4045 868 4088 st
880 4040 944 4087 infra
960 4041 977 4087 l.
993 4037 1147 4087 xxxvnl.

104 4091 192 4172 bolom
221 4108 286 4166 quod
303 4107 404 4153 tortasse
424 4105 503 4166 magle
524 4107 603 4165 plaee-
634 4117 655 4152 e.
667 4104 705 4152 26.
717 4105 856 4151 metientem
865 4104 1000 4164 peterrtibm.
1152 4115 1154 4128 ·

104 4158 140 4206 ¹³¹2·
391 4167 393 4172 '
667 4167 699 4216 50
722 4169 801 4216 Simul
813 4169 905 4234 jejuni]
930 4169 977 4216 Pro
999 4169 1038 4216 ht·
1063 4167 1148 4228 scripti

132 4225 160 4274 49
174 4231 213 4278 Aa
225 4231 364 4282 &ethaam
380 4233 467 4297 bean]
485 4232 603 4280 Ultimum
634 4233 725 4282 habent
750 4237 773 4280 et
799 4233 958 4281 stonlttudtse.
1001 4232 1147 4280 Emendavit

105 4299 176 4368 Vtrum
192 4309 239 4344 non
258 4307 393 4360 mosam
412 4297 496 4360 scripu
512 4311 528 4345 a
543 4297 605 4345 Gro-
635 4299 809 4360 Gronovinrex
820 4297 928 4361 Polybio.

105 4363 165 4403 norro
191 4363 289 4413 aaut.
334 4363 404 4412 Unus
433 4364 605 4410 tantummodo
