3140 4972
452 195 553 260 LlB·
570 199 683 265 XXIV.
710 199 816 262 CAR·
834 200 935 258 xvll.
1161 198 1227 259 *213

162 365 431 456 gratulantesque,
446 379 672 434 nunc'maars
690 362 731 430 ad
750 362 867 430 coslum
888 349 1044 452 tollentes,
1058 353 1145 428 bona
1158 375 1265 428 otu-u.
1279 347 1380 432 cesa·

163 454 218 520 nis
249 451 370 540 populo
402 452 549 518 Romano
573 449 787 536 Gracchoque
816 450 878 540 ipsi
902 460 1127 537 prementum
1158 445 1375 515 turam-²¹⁴³

165 540 349 608 Gracchus:
371 541 558 624 Priusquam
571 535 749 622 omaujm
763 537 909 604 mmsis
922 557 1098 623 quemme,
1112 536 1145 602 iu
1169 537 1227 615 ait,
1278 615 1281 622 ,

161 627 310 694 rumbsem
323 636 398 692 uota
418 619 531 690 emerui
544 634 599 689 act
612 624 719 710 igrmri
740 623 844 690 mutas
857 633 978 690 ructasse
990 624 1081 690 solra
1159 645 1227 702 aaa
1344 657 1347 664 ·

164 711 451 798 ecmlutojomfidc
461 711 592 794 puteo,
606 733 644 776 ae
658 711 816 778 ἀέσωὶηκη
835 731 924 776 aare
940 711 1063 776 uirtutis
1078 711 1228 798 mosle—

163 822 223 886 que
231 810 348 884 pereat,
361 799 487 866 stamina
498 819 609 874 eom,
624 797 686 883 qu.
701 799 878 864 usmetum
889 817 1004 884 ptsgrae
1015 817 1167 876 metueres,
1182 800 1235 878 see

163 881 1042 986 carmoaempcullocuteseceruut,refertissimojubebor
1063 885 1230 987 cimtosqm

164 972 1230 1143 iliuillfflll'ffiiiiefflffiiliiimilw

158 1144 288 1228 socient,
301 1155 443 1228 capturos
456 1165 529 1210 erae.
574 1144 810 1210 Horomultom
829 1141 875 1208 s'tc
896 1163 977 1230 oqrso
994 1145 1095 1209 orama
1106 1143 1229 1227 saetis,

165 1234 194 1296 si
210 1231 402 1315 repastum,
418 1231 502 1296 trulla
515 1231 648 1317 iguruuiae
661 1239 733 1294 uoto
748 1229 854 1296 latiore
873 1249 927 1296 uos
940 1231 1096 1316 designari
1109 1231 1229 1316 patcia-
1286 1298 1290 1306 ,

163 1341 206 1385 rs.
252 1319 388 1408 signum
402 1315 519 1386 deinde
539 1315 721 1403 conligendi
735 1332 808 1382 rasa
822 1315 926 1382 dedit:
950 1317 1129 1404 militesque
1145 1339 1229 1404 praa·
1261 1331 1265 1346 ·

167 1405 241 1472 dam
261 1416 427 1490 portantes
441 1419 642 1490 agentesque,
664 1423 722 1488 per
742 1402 902 1468 lasciviam
923 1425 962 1469 ac
977 1403 1098 1490 jocum,
1115 1403 1160 1469 ita
1181 1404 1230 1469 lu·

166 1487 301 1567 dibundi
317 1491 535 1558 Benevemura
551 1489 682 1566 rediere,
699 1504 733 1556 ut
747 1489 789 1556 sb
810 1490 910 1574 epulis
971 1491 1156 1556 rcelebrem
1171 1489 1230 1556 les·

167 1593 299 1664 tumque
312 1577 397 1643 diem
413 1578 502 1654 sctis,
517 1597 582 1640 non
601 1598 642 1640 ex
663 1575 740 1654 acie,
756 1577 871 1642 reverti
887 1577 916 1640 ν’
940 1591 1081 1643 arentur.
1126 1577 1231 1644 Bene·
1332 1589 1333 1599 ¹

166 1665 295 1730 rentani
315 1683 426 1729 omnes
449 1663 544 1729 turba
567 1662 665 1728 effusa
687 1683 785 1748 quum
807 1661 933 1728 obviam
955 1665 996 1729 ad
1017 1675 1125 1766 portas
1150 1665 1230 1730 eris·

167 1765 246 1829 sent,
261 1750 430 1835 complecti
445 1750 570 1826 milites,
585 1749 750 1835 gratulari,
763 1769 875 1816 vocare
889 1751 922 1814 in
937 1749 1124 1838 hosprtiumss
1162 1751 1232 1816 Ad·

166 1849 281 1924 parata
292 1837 437 1902 convivio
451 1835 598 1902 omnibus
612 1835 677 1900 ⁷⁴in
694 1836 863 1922 propatulo
884 1835 1002 1902 oedium
1025 1837 1168 1914 fererant:
1190 1838 1232 1905 ad

166 1948 205 1990 es
219 1923 404 2000 invitabant,
421 1921 668 2010 Gracchumque
683 1922 827 1999 orabant,
844 1935 878 1988 ot
898 1923 1021 2008 epulari
1058 1927 1234 1991 emitteret

166 2010 331 2084 militibus.
374 2008 644 2076 ⁷⁶EtGracchus
667 2009 712 2075 ita
732 2009 884 2095 permisit,
910 2011 944 2075 in
965 1947 1095 2096 pubiico
1123 2013 1232 2098 epula·

165 2113 281 2162 rentur
306 2119 425 2162 omnes.
469 2097 555 2164 Ante
578 2117 649 2164 suas
690 2095 844 2183 cibusque
866 2095 949 2161 iores
968 2097 1093 2183 prolata
1113 2101 1231 2164 omnia.

166 2181 320 2272 ⁷⁸pileati,
349 2197 404 2250 aut
432 2182 505 2248 lena
533 2179 605 2248 alba
635 2119 742 2248 veiatis
770 2183 926 2266 capitibus
954 2183 1084 2250 uolones
1111 2185 1233 2269 epulati

141 2284 259 2348 'sunt3
283 2270 338 2336 stii
360 2270 565 2347 adcubantes,
580 2269 641 2351 alii
666 2282 794 2348 stantes,
816 2271 871 2357 qui
894 2269 986 2336 simul
1011 2271 1232 2338 ministrabant

166 2357 446 2443 vescebanturque.
489 2356 601 2444 Digna
622 2379 672 2422 res
690 2359 767 2433 sisa,
793 2373 830 2422 ut
854 2357 1055 2424 simulacrum
1081 2358 1232 2426 celebrati

165 2445 233 2531 ejus
254 2444 318 2510 diei
338 2442 516 2524 Gracchus,
532 2457 699 2531 postquam
718 2444 855 2508 Romam
876 2443 983 2526 rediit,
996 2443 1086 2534 pingi
1105 2445 1235 2532 juberet

166 2531 285 2596 inuade
300 2529 482 2608 Libertatis,
498 2551 593 2616 quam
616 2541 706 2615 poter
726 2531 792 2615 ejus
814 2531 846 2594 in
864 2531 1023 2597 Aventino
1037 2555 1078 2598 ex
1091 2531 1233 2600 multati·

166 2615 217 2684 cie
292 2615 556 2682 unisfaciendam
570 2617 694 2688 curarit
708 2615 935 2703 dedicavitque.
1047 2639 1049 2645 ⁴

248 2703 327 2768 Vll.
350 2703 439 2768 Dum
462 2701 533 2767 haec
556 2704 597 2768 sd
620 2702 837 2770 Benevemum
861 2717 1027 2790 geruntur,
1052 2705 1232 2786 Hannibal,
1243 2719 1375 2766 Marcellus

166 2789 381 2876 depopulatus
395 2809 509 2877 agrum
525 2789 782 2875 Neapolitanum,
798 2790 839 2856 ed
855 2790 971 2856 Nolam
993 2805 1095 2860 cestre
1118 2785 1370 2860 moveposvamtt

168 2899 264 2964 quem
283 2877 340 2942 ubi
359 2875 531 2942 adventare
549 2876 661 2942 consul
679 2877 786 2954 sensit,
800 2877 826 2922 ⁷⁷
838 2877 1016 2962 Pomponio
1035 2887 1234 2966 propraetore
1243 2851 1386 2898 usnntssu

167 2985 242 3030 cum
257 2985 296 3028 eo
309 2962 462 3042 exercitu,
478 2963 533 3048 qui
556 2985 652 3050 super
669 2962 848 3030 Suessulam
870 2963 904 3027 in
925 2965 1035 3030 cestris
1053 2981 1132 3046 erat,
1148 2969 1235 3035 edel·

168 3063 213 3129 to,
237 3051 284 3114 ire
309 3049 435 3114 obviam
461 3048 547 3114 hosti
571 3061 672 3135 perot,
695 3071 754 3116 nec
775 3071 897 3116 morsm
922 3050 1096 3120 dimicandi
1120 3053 1234 3122 lacero.

168 3136 260 3204 ⁷⁸0³
289 3136 460 3202 Claudium
491 3135 653 3202 Neronem
688 3157 761 3202 curn
795 3137 910 3202 robore
938 3139 1079 3226 equitum
1108 3142 1236 3210 silentio

167 3223 270 3291 noctis
292 3244 351 3309 per
371 3241 514 3289 aversam
534 3223 673 3289 maxime
691 3222 733 3290 ab
751 3222 842 3290 hoste
866 3239 991 3308 portem
1018 3229 1150 3294 emittit:
1173 3231 1254 3296 eir·-

168 3323 433 3397 cumrectumque
452 3309 577 3382 occulte
590 3309 741 3396 subsequi
761 3311 875 3376 sensim
897 3333 1011 3400 agmen
1032 3313 1171 3380 hostium
1181 3318 1235 3403 ju.

169 3399 233 3476 ser,
254 3410 296 3476 et,
333 3419 412 3462 uum
433 3408 578 3462 coortum
600 3395 749 3483 proelium
771 3396 901 3474 rideret,
925 3398 966 3462 ab
987 3411 1079 3486 tergo
1099 3423 1134 3466 se
1154 3402 1236 3491 obji-
1347 3397 1351 3412 '

166 3505 248 3550 cere.
294 3419 334 3548 li
353 3505 460 3550 errore
474 3483 610 3563 viarum,
625 3503 667 3548 on
689 3483 865 3571 exiguitate
886 3485 1049 3577 temporis,
1066 3487 1155 3554 Nero
1176 3511 1235 3556 ex·

602 3648 614 3676 ²
626 3645 656 3694 C.
667 3647 715 3693 del.
727 3647 801 3693 Gran.

201 3806 235 3856 ’14
249 3807 283 3855 Ia
293 3809 419 3870 propatulo
435 3807 535 3870 odium]
552 3808 640 3864 idest,
657 3817 686 3856 ut
750 3809 782 3858 76
797 3811 832 3858 ut
855 3812 976 3861 &coelur
1003 3817 1039 3862 s'tc
1061 3819 1182 3881 permisit,
1207 3825 1234 3872 tn

167 3879 234 3922 reete
258 3875 364 3934 explicat
383 3870 507 3935 Dnjatius,
530 3872 596 3920 intra
621 3875 686 3922 tedes
714 3873 817 3940 pallies]
833 3877 927 3926 Vocula
942 3881 978 3926 ltu
991 3881 1088 3930 videtur
1100 3889 1233 3949 mutare,

168 3939 279 4000 quidem,
290 3939 333 3985 sed
343 3940 396 3986 loco
412 3946 504 3999 aperto,
515 3939 628 3998 nudoque
641 3940 686 3986 sub
716 3941 739 3988 sl
749 3941 776 3985 trs
782 3941 890 4000 milico:
908 3945 974 4004 quod
985 3954 1068 3994 monet
1080 3949 1200 4011 Sigonius.

168 4004 267 4052 emeris
282 4016 337 4054 axe.
369 4003 404 4050 m
421 4004 446 4048 la
459 4004 603 4066 publicarat
618 4009 687 4050 extra
750 4004 782 4052 ta
804 4005 904 4071 Plleatl]
938 4007 1034 4058 Pileum
1060 4020 1112 4060 erat
1138 4016 1235 4079 insigne

168 4071 243 4124 mdes.
264 4068 291 4114 in
312 4069 366 4128 ipsa
386 4068 426 4114 vie
452 4069 556 4128 publica.
589 4067 685 4130 Itaque,
716 4075 821 4128 recepte
831 4070 956 4123 libertatis.

166 4145 245 4194 quum
257 4133 383 4180 Graeclam
394 4146 442 4178 noa
458 4133 606 4193 permisisset
620 4134 685 4180 mill·
751 4133 782 4181 'll
799 4133 928 4197 Pomponio
940 4133 1094 4204 propretorc]
1111 4142 1169 4192 Vid.
1181 4152 1232 4196 not.

168 4200 235 4244 tibus
248 4198 352 4258 epulari,
363 4197 410 4242 nisl
426 4211 455 4244 ea
470 4198 523 4258 lege
539 4203 568 4244 ut
584 4198 609 4243 ln
625 4199 687 4258 pub-
719 4198 975 4264 candetum
1145 4199 1147 4207 ⁴

165 4263 215 4312 lieu
237 4267 414 4320 ,vescerenturp
435 4262 600 4308 Beneventani
629 4270 686 4310 ante
750 4261 782 4310 ts
799 4264 828 4312 C.
847 4265 971 4314 cucurum
986 4269 1233 4337 Neroacm1Adjeei.

168 4328 232 4386 sores
254 4326 359 4388 quisque
379 4327 506 4387 protulisse
533 4339 577 4374 sua
603 4327 686 4376 omnia
717 4341 773 4376 mus
783 4335 924 4390 praenomen
935 4345 966 4379 ex
978 4331 1032 4382 Put.
1045 4337 1112 4384 libro.

166 4392 291 4440 dicuntur·
