3060 4960
119 2501 121 2505 ’
152 2499 214 2566 tor,
231 2501 412 2574 spreturum
424 2509 497 2552 eum
509 2485 615 2552 literas
627 2507 709 2564 sues,
720 2487 849 2564 diceret,
861 2486 998 2553 dictator
1009 2489 1050 2557 sd
1066 2489 1099 2554 id
1114 2488 1217 2573 ipsum

438 160 533 220 LIB.
554 157 666 218 XXXc
683 156 786 217 cA'e.
808 155 922 217 XXIV.
1152 153 1210 220 567

148 347 238 414 quum
253 327 291 392 de
301 347 336 390 re
348 323 474 410 majore,
490 345 580 410 quam
595 331 712 409 quanta
727 345 764 386 ea
779 327 863 398 essct,
879 321 1062 386 immnuta
1075 319 1212 384 incidere
1220 337 1251 385 υ.
1262 337 1290 392 c.
1301 343 1357 388 stc.

146 425 212 478 'reon
218 422 332 501 posset,
343 433 406 475 non
416 413 518 477 uideri
527 411 598 488 sili,
608 411 731 476 ahsente
741 410 893 473 ronedum
903 409 1014 484 alteo,
1024 405 1211 486 ommim,
1220 403 1251 452 Α·
1260 405 1287 450 ⁰·
1301 409 1356 450 ²⁰³·

148 523 215 566 earn
228 521 292 564 rem
306 501 371 584 agi,
380 501 457 564 sctis
471 521 509 563 ec
523 499 678 582 dignitate
685 497 798 580 populi
811 495 948 558 Romani
961 517 1032 560 esse.
1077 492 1121 568 Q.
1137 491 1212 557 Me-

147 587 252 664 tellus,
269 585 323 673 qui
340 585 476 650 triennio
491 597 565 650 ente
579 581 688 648 consul
711 581 910 668 dictatorque
923 579 1035 660 fuerat,
1055 580 1155 658 Quum
1169 581 1212 644 P.

147 675 263 757 Scipio,
279 673 420 736 racundo
434 672 591 746 exercitus,
607 691 699 755 agros
714 670 906 752 populando,
922 669 956 732 in
971 691 1037 733 eam
1050 667 1213 732 necessita-
1245 693 1247 698 ·

145 771 206 825 tem
215 759 520 842 compedissetlrostes,
529 766 564 821 ut
571 758 834 840 supplicespacem
840 764 999 838 peterent,·
1015 764 1045 820 et
1056 775 1212 818 nemeam-

147 849 232 911 nium
241 849 342 910 aeriter
352 846 529 910 ccistimore
533 853 648 926 posset,
657 863 717 928 qua
726 851 823 906 mente
831 863 868 906 cn
874 851 1117 928 perpeteretur,
1123 861 1213 926 quarn

147 936 187 1009 is,
200 933 255 1017 qui
265 939 339 995 onte
346 939 459 1014 portas
471 931 682 1014 Karthaginis
691 926 799 992 bellurn
805 939 928 1014 gereret
932 962 944 1002 ,·
960 929 1075 996 mitius
1084 927 1214 992 alterius
1247 969 1249 974 ,

147 1020 284 1093 consilio,
298 1039 388 1102 quarn
396 1018 559 1100 Scipionis,
572 1017 782 1098 accipiendam
793 1015 1017 1080 abnuendamue
1020 1037 1128 1099 pacem
1141 1035 1212 1078 esse.

148 1105 176 1158 ³²5
187 1103 236 1170 Μ.
253 1103 398 1168 Valerius
414 1102 575 1180 Loevinus,
615 1103 647 1165 ui
667 1101 717 1164 bis
737 1100 848 1166 consul
862 1099 975 1178 fuerat,
991 1103 1211 1184 Spendatores,

149 1213 212 1256 nou
226 1194 353 1275 legatos,
369 1192 493 1265 uenisse,
506 1125 676 1276 erguibct:
690 1187 901 1272 jubendosque
913 1189 1010 1252 ltalia
1021 1191 1174 1266 recedere,
1183 1196 1213 1251 et

148 1281 286 1344 custodes
295 1299 359 1340 cunt
372 1278 412 1340 iis
422 1278 665 1360 usqueadnauer
675 1276 836 1340 mittendos
843 1308 855 1347 ,·
872 1275 1069 1360 Scipionique
1080 1275 1213 1340 scriberi-

150 1368 231 1440 dum,
255 1363 421 1428 trehellum
447 1363 622 1426 remitteret.
668 1359 788 1426 Laelius
805 1359 997 1446 Fulviusque
1011 1359 1212 1448 adjecerunt:

148 1453 198 1516 ‘Et
205 1452 376 1533 Scipionem
388 1452 423 1514 in
434 1471 469 1514 eo
477 1451 612 1532 positam
623 1449 851 1531 tabuissecpern
856 1450 959 1531 pacis,
970 1451 999 1512 si
1010 1448 1177 1514 Hannibal
1183 1451 1215 1512 'et

151 1538 254 1621 Mago
267 1534 322 1600 ec‘
334 1537 435 1600 Italia
449 1556 510 1598 uon
524 1545 748 1599 revocarentur.
787 1536 900 1598 Omnia
921 1536 1116 1600 simulaturos
1127 1535 1215 1598 Kar-

150 1625 370 1708 thaginienses,
380 1625 468 1686 duces
479 1641 528 1685 eos
537 1624 744 1705 exercitusque
751 1627 967 1704 enspectnntes.
976 1623 1096 1697 deinde,
1109 1642 1214 1707 quam·

151 1711 372 1776 sternentium
380 1709 539 1793 foedcrurn
553 1717 584 1774 ct
599 1710 736 1772 Deorum
750 1709 881 1771 omnium
892 1706 1011 1786 aldtus,
1027 1707 1134 1773 bellurn
1146 1730 1215 1792 ges·

150 1807 246 1862 turos.
291 1795 342 1860 Eo
363 1794 465 1881 magis
483 1793 551 1857 8⁶in
568 1794 691 1858 Loevini
713 1793 901 1858 sententiam
922 1793 1106 1859 discessum.
1151 1793 1259 1865 Lens
1270 1817 1359 1864 infern

150 1885 217 1970 geti
232 1902 312 1966 pace
325 1880 452 1958 infecte,
468 1901 621 1967 ecprope
636 1881 704 1944 sine
718 1901 881 1966 responso,
897 1879 1029 1950 dimissi.
1223 1883 1321 1930 cimini.

196 1968 332 2034 XXlV.
357 1968 420 2032 Per
433 1989 487 2032 eos
501 1967 568 2032 dies
581 1968 641 2032 Cn.
655 1967 805 2032 Servilius
816 1965 938 2048 consul,
951 1966 978 2011 ⁸7
986 1967 1072 2033 baud
1087 1966 1213 2044 dubius,
1357 1971 1371 1982 ’”

174 2056 230 2120 ιιίιι
245 2065 368 2141 pecntoe
384 2053 487 2120 ltalire
500 2073 596 2139 penes
610 2075 644 2118 se
658 2053 760 2138 glorie
775 2066 866 2131 esset,
881 2053 969 2120 velut
982 2054 1110 2140 pulsum
1126 2052 1167 2119 eb
1183 2073 1217 2120 se

194 2141 374 2208 annibalem
501 2161 589 2218 nens,
603 2139 637 2204 in
655 2139 806 2217 Siciliam,
822 2140 896 2204 inde
909 2139 943 2203 in
961 2139 1102 2206 Africam
1114 2151 1215 2204 trans·

150 2230 267 2307 iturus,
293 2227 427 2316 trajecit.
457 2265 462 2272 ·
517 2228 580 2294 uod
609 2226 665 2290 ubi
693 2227 808 2292 Romae
833 2225 997 2310 vulgatum
1023 2239 1084 2308 est,
1109 2226 1215 2312 primo
1225 2247 1270 2294 cn.
1281 2246 1359 2294 sint.

148 2328 345 2381 censuerunt
361 2314 481 2391 Patres,
498 2326 534 2378 ut
550 2325 670 2397 pretor
691 2313 842 2377 scriberet
864 2314 998 2391 consuli,
1013 2329 1157 2379 senatum
1172 2335 1215 2378 ae·
1225 2313 1270 2388 ¹3⁰⁵
1281 2327 1309 2360 ⁰¹
1321 2312 1380 2359 3ῑά-
1406 2355 1409 2362 ,

151 2423 252 2488 quam
274 2421 412 2480 censere,
427 2401 460 2464 in
478 2400 603 2465 Italiam
626 2400 739 2464 reverti
761 2421 854 2464 eum:
877 2399 1003 2478 deinde,
1019 2423 1117 2488 quum
1134 2377 1364 2486 prm-¹¹l¹⁰⁷⁰⁰⁸'

1227 2449 1284 2492 turc

152 2588 278 2640 creatus
294 2575 332 2640 P.
349 2574 520 2658 Sulpicius,
534 2595 596 2658 pro
612 2573 686 2659 jure
710 2574 837 2659 majoris
858 2576 992 2658 imperii,
1009 2575 1171 2641 consulem
1186 2575 1218 2639 in

153 2661 279 2728 ltaliam
307 2662 483 2733 revocavit:
506 2660 663 2746 reliquum
687 2661 774 2737 enni,
790 2683 862 2725 cum
880 2661 930 2726 M.
947 2661 1080 2728 Servilio
1103 2664 1219 2750 megis-

152 2762 205 2814 tro
219 2749 371 2836 equitum,
387 2748 622 2811 circumeundis
638 2747 741 2812 ltoliae
757 2747 899 2830 urbibus,
915 2771 987 2834 quae
1002 2747 1086 2814 bello
1102 2749 1220 2814 eliens·

153 2835 354 2913 tremerent,
377 2833 641 2920 88noscendisque
667 2835 714 2898 sin
741 2834 863 2898 alarum
895 2836 1011 2900 caussis
1035 2837 1219 2903 consumsit.

155 2921 219 2990 Per
233 2921 434 2986 induciarum
458 2934 582 3005 tempus
604 2932 691 2986 etex
751 2920 856 2986 rdiniu
870 2922 912 2986 ab
929 2921 1067 2986 Lentulo
1082 2935 1220 3008 praetore
1229 2944 1383 2990 commestus

152 3019 281 3072 centum
311 3007 467 3073 onerarias
495 3027 605 3087 neves,
634 3029 708 3072 cunr
737 3019 919 3072 commeatu
948 3022 980 3074 et
1009 3010 1121 3111 viginti
1151 3008 1375 3086 mesterlin·

153 3106 308 3160 trsterunr
331 3093 491 3178 preeddio,
519 3107 550 3160 et
573 3093 615 3158 ab
640 3092 743 3175 hoste,
759 3106 790 3158 et
814 3097 854 3158 ab
878 3096 1117 3179 tempestatibus
1137 3075 1375 3162 marinarum.

153 3193 234 3258 tuto,
250 3182 283 3245 in
300 3181 442 3246 Africam
458 3183 709 3246 transmiserunt.
748 3181 809 3246 Cn.
826 3182 963 3246 Octavio
982 3179 1128 3247 ducentis
1141 3205 1217 3247 one·

152 3263 254 3345 retiis,
280 3268 410 3356 triginta
437 3266 543 3354 longis
571 3268 705 3332 navibus
733 3290 775 3334 ex
805 3267 914 3358 Sicilie
944 3268 1120 3354 trajicienti,
1151 3286 1364 3358 nonnxstnnc.
1471 3285 1472 3288 ’

151 3355 262 3419 eedem
289 3353 418 3419 fortune
437 3351 510 3418 fuit.
555 3353 594 3418 In
621 3367 825 3442 conspectum
855 3354 954 3420 ferme
981 3353 1099 3419 Africae
1124 3376 1216 3439 pros·

152 3463 231 3526 pero
256 3462 351 3505 cursu
375 3453 495 3506 vectum
521 3440 627 3526 primo
647 3441 792 3507 destituit
813 3457 940 3518 ventus;
971 3441 1086 3506 deinde
1108 3465 1215 3508 uersus

152 3531 184 3591 in
212 3527 358 3592 Africum
384 3526 533 3604 turbavit,
559 3549 597 3591 ac
618 3529 735 3612 passim
766 3551 859 3594 naves
884 3529 1015 3616 disjecit.
1045 3528 1113 3612 ipse
1141 3544 1372 3593 curnctnnsuts-

150 3613 303 3692 rostratis,
319 3635 377 3698 per
398 3613 547 3678 aduersos
567 3613 681 3678 fluctus
700 3615 824 3702 ingenti
846 3617 1002 3706 remigum
1025 3615 1133 3680 labore
1147 3609 1372 3682 enpjectnento.

543 3747 595 3802 fen
606 3755 650 3804 dei.
664 3757 739 3804 Gron.
748 3759 817 3804 Cret.

185 3893 215 3934 85
233 3887 272 3933 Μ.
289 3887 400 3934 Valerius
423 3885 545 3940 Laecr'nus,
567 3888 610 3948 qui
632 3887 668 3934 lte
700 3901 841 3949 persequens
865 3891 1020 3950 Annibalem,
1036 3893 1151 3952 tunquam
1174 3889 1215 3937 iiic

151 3949 393 4016 comulsueratwid.
401 3957 452 4000 uot.
463 3959 502 3999 50.
511 3951 563 4000 cdl.
571 3953 667 4002 XXIX.
699 3967 749 4000 ese
760 3955 842 4014 pulsus
851 3961 922 4003 esset.

150 4033 171 4065 c.
186 4023 224 4065 il.
733 4019 967 4084 BtstNoscendr'squc
988 4022 1142 4081 singularum
1159 4037 1216 4068 cau·

184 4083 281 4129 scere
300 4084 397 4129 herini
417 4084 560 4129 sententiam
579 4083 664 4131 disces·
698 4081 960 4148 ric]1uquirendoque‚
979 4101 1082 4146 quanam
1101 4088 1127 4132 in
1145 4100 1216 4132 cause

149 4145 616 4209 eum]Vrd.nnt-³9.udXXV111.45.
699 4151 798 4212 singule
818 4156 976 4212 essentque
993 4153 1079 4214 magis,
1097 4166 1149 4214 quae
1171 4153 1215 4200 mi-

185 4211 321 4261 attchd
338 4213 423 4260 dulice
442 4211 513 4274 quin]
529 4214 578 4262 Sibi
602 4215 666 4276 bsud
699 4229 744 4262 nus
767 4221 889 4270 nocentes,
911 4231 963 4278 que
984 4217 1083 4265 omnino
1112 4218 1216 4268 innoxie

149 4277 221 4325 dubie
236 4277 344 4324 tribuous
359 4283 448 4338 pacatae
464 4278 538 4325 italice
554 4278 664 4340 gloriam,
699 4282 778 4328 heberi
790 4287 895 4343 possent.

150 4358 203 4406 que
228 4347 307 4390 temen
342 4346 394 4390 tcta
416 4342 532 4402 Scipionis
558 4351 618 4403 eret,
641 4351 665 4391 ct

725 4421 817 4474 004
