3036 4972
284 119 338 183 192
670 109 782 172 TITI
810 111 942 172 u1vt1

121 291 256 343 uetur.
281 273 363 352 dius,
378 295 476 362 quum
491 295 532 339 ex
547 273 597 338 via
611 271 706 362 longe
725 274 962 362 perequitasset,
977 273 1067 340 nullo
1083 274 1178 340 obuio
1198 274 1292 342 boste-
1303 276 1337 342 in

120 359 189 408 M·
201 357 256 406 ²¹⁶·
281 383 429 446 campum
449 378 578 440 ¹rursum
599 377 739 445 evectus,
757 361 923 446 increpans
948 362 1106 446 ignaviam
1130 361 1239 440 bostis,
1262 384 1338 426 cum

171 521 174 530 Δ
281 469 399 536 magno
414 447 531 532 gaudio
546 459 578 511 et
596 447 806 532 gratulatione
819 447 972 528 victorin
995 459 1097 512 cestra
1110 449 1204 513 redit.
1231 449 1339 514 -Huic
1354 527 1356 530 Ι

281 555 399 622 pugnae
423 533 557 620 equestri
580 554 646 596 rem
662 533 804 620 (mquam
826 536 899 598 satis
921 545 1051 614 certum,
1066 534 1242 599 communis
1257 537 1339 598 exis-

281 621 405 684 timatio
432 623 492 700 est)
519 619 693 683 mirabilem
721 631 815 694 certe,
846 620 1000 704 adjiciunt
1028 620 1157 704 quidum
1185 621 1337 686 annuisse

282 728 381 794 quum
395 705 599 790 refugientem
615 705 656 770 ad
680 704 788 769 urbem
804 705 1131 793 TauresmIClaudius
1146 720 1335 792 sequeretur,

281 793 402 879 patenti
427 791 562 855 hostium
587 801 689 875 portae
713 791 882 869 invectum,
902 813 959 875 per
980 791 1121 870 alteram,
1141 792 1340 878 stupentibus

284 877 438 943 miraculo
453 876 605 953 hostibus,
620 876 774 941 intactum
789 878 931 941 evasisse.

258 1027 260 1030 .
296 970 304 985 ‘
327 963 493 1028 XLVIII.
517 963 634 1039 Quieta
655 963 729 1028 inde
750 963 862 1027 stativa
882 961 977 1039 fuere,
992 985 1030 1028 eo
1049 977 1134 1029 retro
1149 966 1242 1030 etiem
1263 987 1342 1030 con-

284 1050 333 1116 sul
351 1052 449 1115 movit
462 1062 575 1127 castra,
592 1063 626 1114 ut
647 1062 817 1114 sementem
834 1049 990 1133 Campani
1011 1049 1173 1118 fecerentz,
1188 1073 1247 1116 nec
1266 1065 1341 1117 ante

284 1136 415 1201 violavit
443 1159 554 1222 ugrum
584 1135 794 1220 Campanum,
820 1157 914 1220 quem
938 1136 1005 1220 jam
1031 1135 1103 1200 altae
1128 1137 1162 1200 in
1184 1139 1341 1222 segetibus

283 1222 393 1287 herbae
408 1221 557 1307 pabulum
574 1220 717 1304 praebere
733 1232 888 1305 poterent.
906 1220 940 1284 id
954 1225 1101 1289 convexit
1115 1223 1149 1286 in
1165 1223 1342 1288 Claudiana

241 1322 242 1327 ’
283 1322 388 1373 castre
416 1327 512 1390 super
543 1305 738 1382 Suessulam3
773 1306 878 1392 ibique
908 1305 1040 1373 hiberna
1066 1307 1243 1374 edificavit.
1287 1309 1339 1390 M.

286 1394 422 1476 Claudio
443 1391 623 1475 proconsuli
646 1392 821 1476 imperavit,
837 1405 883 1469 ut,
899 1405 1024 1457 retento
1045 1393 1139 1458 Nolae
1164 1387 1341 1460 necessario

284 1479 326 1546 ad
347 1479 496 1543 tuendam
514 1478 622 1543 urbem
643 1477 802 1562 praesidio,
818 1491 938 1543 ceteros
957 1478 1071 1544 milites
1085 1479 1256 1546 dimitteret
1273 1482 1341 1562 Ro·

284 1586 380 1642 mem,
396 1585 436 1628 ne
451 1565 541 1628 on'eri
563 1563 665 1642 sociis,
679 1576 712 1628 et
729 1564 847 1630 sumtui
867 1563 1050 1650 reipublicae
1071 1580 1184 1632 essent.
1228 1567 1271 1632 Et
1285 1565 1340 1639 Τί,

285 1651 450 1716 Gracchus
464 1676 484 1714 u
500 1651 610 1726 Cumis
626 1649 794 1714 Luceriam
818 1650 850 1713 in
866 1651 1015 1734 Apuliam
1035 1651 1065 1716 lc
1089 1653 1342 1739 'ones17quum¹

284 1737 435 1814 duxisset,
454 1736 504 1802 M.
520 1735 683 1800 Valerium
699 1737 772 1801 inde
787 1749 954 1820 praetorem
970 1673 1186 1816 Brundisium,
1202 1761 1275 1804 cum
1291 1759 1340 1816 eo,

307 1845 380 1887 uem
396 1823 540 1887 Luceriae
555 1822 719 1900 habuerat,
734 1823 878 1887 exercitu
900 1822 994 1900 misit,
1010 1825 1154 1911 tuerique
1169 1826 1343 1911 oram-agri

342 1909 451 1994 lentini
461 1917 483 1986 Ρ,
510 1921 541 1972 et
566 1907 742 1993 providere,
766 1908 851 1995 quod
881 1908 921 1972 ed
948 1908 1132 1996 Philippum
1158 1910 1343 1997 bellumque

286 1995 533 2061 Macedonicum
562 1993 728 2072 adtineret,
753 1995 854 2080 jussit.
900 1993 999 2060 Exitu
1028 1997 1144 2080 metatis
1172 1999 1249 2082 ejus,
1279 2019 1344 2084 qua

285 2080 354 2148 bruc
375 2089 470 2170 gesta„
488 2081 736 2166 perscripsimus,
761 2081 862 2144 literae
876 2104 905 2146 e
931 2080 969 2144 P.
996 2096 1027 2146 et
1054 2082 1115 2146 Cn.
1140 2083 1343 2168 Scipionibus

285 2180 451 2242 venerunt,
460 2179 609 2318 guentae,
624 2189 782 2252 quamque
803 2165 969 2252 prosperus
985 2168 1018 2230 in
1036 2167 1196 2253 Hispania
1209 2191 1259 2232 res
1273 2191 1344 2318 pes·

284 2255 405 2320 sissent.
427 2277 459 2318 se
503 2252 673 2338 pecuniarii
689 2252 722 2315 in
743 2252 945 2336 stipendium,
961 2254 1217 2339 vestimentaque,
1232 2269 1263 2318 et
1291 2277 1344 2318 ru·

283 2355 426 2406 mentum
442 2338 602 2416 exercitui,
617 2352 649 2403 et
669 2337 760 2401 sociis
782 2338 944 2403 navalibus
959 2340 1066 2402 omnia
1080 2339 1199 2404 deesse.
1243 2339 1356 2417 Quod.

286 2427 326 2491 ad
341 2426 533 2511 stipendium
555 2423 703 2502 adtinsat,
719 2424 745 2488 si
763 2426 909 2500 serarium
931 2425 1023 2510 inops
1045 2442 1135 2502 esset,
1151 2449 1184 2490 se
1204 2425 1344 2512 aliquam

285 2513 441 2580 rationem
466 2510 610 2589 inituros,
634 2533 698 2597 quo
721 2499 818 2574 m'odo
838 2510 879 2575 ab
905 2510 1059 2595 Hispanis
1082 2524 1218 2576 sumant.
1239 2525 1345 2578 cetere

286 2599 397 2684 utique
421 2598 462 2661 ab
486 2596 591 2660 Romu
613 2595 766 2660 mittenda
791 2617 875 2660 esse:
898 2616 957 2659 nec
980 2595 1070 2660 aliter
1092 2610 1147 2662 aut
1171 2597 1345 2664 exercitum

285 2695 341 2750 aut
370 2682 566 2768 provinciam
596 2680 622 2720 ¹⁸
630 2681 759 2745 retineri
786 2681 888 2766 posse.
932 2681 1048 2747 Literis
1076 2685 1224 2760 recitatis,
1251 2705 1347 2750 nemo

286 2771 429 2836 omnium
453 2781 533 2849 erat,
551 2767 639 2854 quin,
656 2778 688 2832 et
704 2789 778 2831 vera
798 2767 902 2845 scribi,
918 2779 950 2832 et
975 2768 1128 2853 postulari
1148 2791 1251 2855 aequa,
1266 2769 1346 2835 fute-

205 2851 212 2866 ’
287 2855 473 2921 τοῐιπενεεὰ
496 2853 686 2919 obcurrebut
708 2853 830 2932 animis,
849 2865 984 2940 quantos
1006 2855 1162 2919 exercitus
1183 2869 1347 2922 terrestres

287 2942 475 3042 navalesque
489 2953 663 3017 tuerentur,
680 2953 859 3026 quantaque
880 2961 963 3004 nove
984 2939 1088 3005 classis
1109 2963 1183 3008 mox
1204 2941 1349 3027 paranda

125 3045 249 3094 nomano·
287 3040 377 3106 esset,
409 3049 434 3090 ει
464 3027 581 3092 bellum
609 3025 856 3091 Macedonicum
883 3037 1072 3090 moveretur.
1117 3025 1259 3105 Siciliam
1287 3043 1348 3092 act

125 3124 183 3158 ¹¹¹¹
191 3111 571 3200 i¹¹⁰ui¹¹Sardiniamque
592 3124 666 3177 ante
687 3111 811 3176 bellum‘
819 3111 986 3200 vectigales
1007 3111 1146 3191 fuissent,
1161 3112 1215 3178 vix
1236 3114 1349 3199 prresi-

288 3201 344 3266 des
361 3199 596 3285 provinciarum
617 3199 772 3264 exercitus
793 3197 894 3263 elere:
916 3198 943 3238 ¹⁹
952 3199 1071 3264 tributo
1087 3210 1210 3264 sumtus
1232 3200 1349 3286 subpe-

288 3287 393 3354 dituri.
422 3285 577 3373 ²⁰quum¹
592 3285 709 3371 ipsum
739 3284 895 3349 tributum
923 3284 1149 3350 conferentium
1179 3306 1349 3352 numerum

319 3425 400 3473 wem
411 3427 485 3473 Gron.
605 3428 619 3468 P
629 3425 747 3472 Salentini
758 3423 819 3470 Eud.
931 3427 945 3468 <1
954 3428 977 3471 st
987 3425 1060 3471 Gron.
1072 3423 1143 3471 Grev.
1255 3426 1266 3455 ¹
1276 3437 1351 3485 quum

287 3490 305 3537 l.
316 3503 397 3538 umen
407 3504 459 3537 eum
471 3491 548 3551 r‘prrrm
558 3489 632 3536 Gron.
644 3503 724 3536 oerum
732 3501 804 3550 quum
814 3487 882 3536 Creu.

292 3617 294 3622 ·
321 3606 352 3653 16
370 3604 447 3661 Quum
468 3607 525 3653 ratis
546 3602 644 3667 mrem]
668 3603 804 3651 Gronovius
870 3603 900 3651 18
921 3603 1028 3652 nunes
1046 3603 1134 3665 porse]
1177 3601 1225 3649 iiic
1247 3601 1351 3648 'verim

203 3693 208 3700 ·
287 3684 319 3718 ex
329 3671 438 3730 vestigiis
449 3669 520 3716 MSS.
534 3671 607 3716 aliem
618 3669 708 3714 formet
722 3668 806 3715 lectio·
836 3669 927 3728 scripti.
971 3667 1083 3728 Plerique
1115 3668 1205 3714 habent
1244 3667 1352 3714 attineri.

288 3747 423 3794 nem,quae
433 3735 500 3780 huud
514 3732 803 3794 paulomeliorvideture
836 3732 978 3780 Victorinus
1004 3747 1085 3780 rerem
1115 3731 1228 3779 exhibere
1254 3731 1352 3778 videtur

290 3795 369 3854 Quam
387 3811 442 3844 vera
461 3799 501 3852 rit,
521 3797 647 3844 communis
666 3797 805 3843 existimatio
837 3797 901 3843 Livii
911 3810 1022 3851 manum,
1032 3797 1138 3843 obtineri.

286 3865 339 3910 cri.-
356 3861 382 3908 id
403 3866 449 3916 est,
469 3875 544 3922 quern
565 3874 622 3907 veru
644 3861 684 3915 sit,
703 3859 804 3920 quilibet
868 3861 899 3907 19
915 3857 1352 3924 Tritutolhcivibmcollewquum

215 3929 219 3938 '
288 3938 368 3986 perse
380 3921 490 3986 judicare
504 3931 591 3986 potest.
623 3925 717 3972 Eodem
733 3938 806 3972 sensu
833 3923 887 3988 jum
906 3925 1032 3985 vectigalia
1053 3940 1084 3972 ex
1105 3926 1235 3985 provinciis
1252 3923 1354 3972 defecis-

287 3991 307 4037 1.
320 3989 401 4037 IV.·c.
413 3988 453 4036 20.
465 3989 560 4049 scripsit
571 3989 668 4038 Livius:
685 3989 806 4036 esutima·
837 3996 898 4037 sent.

289 4053 323 4102 tio
333 4053 623 4102 emmerammenses.
870 4053 901 4100 20
920 4045 997 4109 Quum
1013 4055 1089 4114 qurum
1106 4053 1219 4100 tributum
1233 4052 1352 4115 eonferen-

323 4115 354 4166 lt
372 4117 433 4166 Cum
449 4115 560 4180 desisset]
581 4117 807 4180 Reposuimuscum
838 4119 898 4164 tium
918 4132 1041 4166 ausurum
1061 4148 1094 4164 ·.
1117 4119 1277 4176 immunem,
1300 4121 1354 4164 tum

289 4187 334 4243 pro
354 4180 420 4240 dum,
442 4183 579 4230 auctoribus
600 4184 695 4245 scriptis
718 4183 806 4230 nostris
838 4184 878 4244 qut
904 4184 1056 4246 superessent]
1080 4184 1290 4242 &presentemur
1312 4181 1356 4228 hie

289 4246 412 4304 omnum,
423 4249 448 4296 et
458 4247 605 4309 principibus
615 4249 769 4296 editionibus.
839 4254 949 4296 veterum
975 4249 1095 4296 editorum
1119 4246 1258 4302 lectionem,
1277 4259 1357 4312 quum
