3060 4960
364 193 421 248 aas
547 179 639 194 ’“
758 188 1034 253 Τιτιιῐνιι

205 371 237 419 u.
247 373 274 419 c.
285 375 341 420 rso.
349 366 352 374 '
359 355 503 438 priuata,
514 372 596 416 nuuc
602 347 730 436 publicu
740 355 854 433 docuit,
863 356 962 440 probe
971 357 1078 422 videor
1088 355 1175 423 scire.
1204 357 1295 422 Urbis
1307 355 1402 442 aufui

205 439 272 486 Μ·
283 443 339 486 2⁰⁹·
355 438 448 525 juro,
463 442 552 524 leger,
567 461 675 522 mores,
689 461 741 506 uos
754 463 801 504 rae
813 452 932 524 oportet
950 445 1095 509 doceatis.
1139 443 1298 508 Excusare
1310 443 1404 527 inpru-

366 526 485 608 dentia,
500 525 542 590 de
562 545 642 610 pace
658 525 765 591 multia
778 527 882 592 verbis
896 528 1056 607 disseruit,
1072 551 1168 614 quam
1189 552 1247 596 nee
1259 531 1405 615 iniquaet

366 613 541 680 necessaria
552 625 643 678 esset.
687 612 726 678 Id
740 613 884 678 omnium
899 614 1038 680 maxima
1051 615 1177 682 difficile
1191 630 1268 694 erat,
1283 615 1360 703 quod
1373 635 1406 678 ex

367 699 500 764 navibus
521 720 579 784 per
601 699 744 764 inducias
760 700 860 786 captis
874 701 964 777 nibil,
980 714 1097 788 praeter
1118 703 1203 789 ipsas
1224 699 1406 802 eompmebst

208 798 481 851 rmum-‘navem
518 805 623 872 nsque
653 786 815 873 inquisitio
844 801 912 852 erat
939 787 1049 866 facilis,
1080 787 1313 854 adversantibus
1338 809 1406 874 pau,

206 867 278 928 piant
289 867 350 914 Kar-

206 932 273 994 theg.

366 873 458 960 “qui
480 885 700 960 arguerentur.
746 871 872 938 Placuit
891 896 986 939 naves
1000 875 1102 954 reddi,
1117 889 1149 941 et
1164 877 1304 941 homines
1316 874 1409 959 utique

367 959 494 1046 inquiri.
541 957 666 1037 Cetera,
681 979 754 1045 quar
768 958 923 1038 abessent,
940 961 1127 1027 aestimanda
1142 961 1283 1047 Scipioni
1298 960 1410 1046 permit-

369 1047 412 1111 ti:
439 1059 536 1197 atqpp
556 1046 602 1109 ita
626 1045 795 1148 ⁰⁰pecunia
819 1046 906 1112 luere
930 1047 1224 1150 Karthagipieuses.
1269 1049 1346 1114 Sunt
1364 1045 1410 1132 qui

367 1131 589 1306 {litut
600 1132 1410 1306 littr²i.¹¹¹.ttt;tt⁰¹¹t3tttl{tlibi

366 1305 547 1391 tulantique
560 1319 634 1370 ante
645 1305 751 1369 omnia
767 1305 919 1388 Scipioni,
932 1320 968 1371 ut
1022 1308 1151 1373 annibal
1164 1309 1223 1374 sibi
1240 1308 1409 1380 traderetur,

368 1413 557 1478 responsum
571 1413 648 1471 esse,
665 1389 884 1457 Hannibalem
897 1392 930 1457 in
946 1393 1057 1459 Africa
1070 1415 1136 1459 non
1151 1418 1228 1461 esse.

367 1509 372 1526 ι
412 1477 614 1544 XXXVIII.
645 1476 817 1564 Postquam
844 1477 1005 1544 redieruut
1033 1481 1074 1546 ad
1102 1481 1283 1566 Scipionem
1312 1477 1433 1572 legurm.

301 1577 305 1596 '
369 1587 442 1652 quae
456 1563 584 1649 publica
598 1563 631 1627 in
647 1563 780 1628 navibus
792 1563 926 1643 fuerant,
943 1588 982 1630 ex
997 1567 1132 1652 publicis
1152 1569 1311 1654 descripta
1331 1565 1410 1631 ratio·

210 1849 346 1896 InducioeIn

369 1652 463 1716 uibus
485 1663 675 1738 quaestoresr
701 1671 774 1737 quae
796 1651 928 1736 privata,
943 1653 1085 1739 profiteri
1110 1655 1233 1720 domini
1250 1653 1341 1740 jussi3
1361 1673 1409 1738 pro

369 1759 407 1802 ea
421 1759 547 1802 summa
562 1737 707 1825 pecuniae
720 1735 864 1824 elviginti
886 1738 1026 1826 quinque
1049 1739 1148 1806 millia
1171 1741 1283 1826 pundo
1303 1736 1411 1826 argenti

370 1824 538 1907 praesentia
562 1837 690 1889 exacta:
717 1822 916 1910 iuduciaeque
940 1825 1259 1912 Karthaginiensibus
1284 1825 1409 1894 dataeiu

207 1921 255 1961 tm
262 1929 360 1964 aem
370 1922 432 1976 tres
446 1933 581 1977 menses.
628 1909 793 1986 Additum,
809 1931 850 1974 ue
863 1933 921 1996 per
935 1912 1135 1978 induciarum
1157 1926 1285 1999 tempus
1297 1913 1356 1978 alio
1368 1933 1409 1976 us·

367 2019 475 2086 quam,
492 2019 588 2084 quam
606 1997 753 2074 Romam,
768 1997 932 2063 mitterent
952 1998 1088 2086 legatos:
1112 2013 1155 2078 et,
1167 2004 1356 2088 quicumque
1373 1999 1410 2062 le·

242 2101 248 2111 ·
367 2085 433 2172 pati
450 2083 680 2172 Karthaginem
696 2084 863 2164 venissent,
877 2105 919 2148 ue
939 2101 1013 2151 ante
1034 2086 1231 2153 dimitterent
1245 2111 1309 2165 eos,
1328 2105 1410 2172 quam

369 2173 550 2238 Romanum
588 2171 820 2255 imperatorem,
846 2170 911 2257 qui,
938 2187 969 2238 et
1016 2194 1067 2237 uoe
1118 2177 1235 2240 'tentes
1260 2174 1409 2245 venisseut,
1481 2245 1482 2256 ἶ

362 2259 534 2324 certiorem
559 2257 709 2323 iacerent.
755 2257 838 2321 Cum
866 2257 978 2344 legatis
1061 2271 1090 2324 rt
1114 2261 1328 2347 aginiensibus
1348 2258 1409 2324 'Ro-
1481 2325 1482 2330 ,

366 2365 454 2411 mam
477 2345 564 2410 mirsi
587 2343 628 2409 L.
644 2342 797 2408 Veturius
812 2342 917 2422 Philo,
932 2358 964 2409 et
987 2343 1037 2410 M.
1054 2345 1198 2412 Marcius
1214 2347 1319 2426 Ralla,
1333 2357 1363 2410 et
1378 2343 1411 2408 L.

369 2432 478 2518 Scipio
503 2430 703 2515 imperatoris
725 2428 832 2494 irater.
867 2429 984 2497 mPerd
997 2453 1050 2497 eos
1075 2431 1144 2498 dies
1166 2447 1409 2500 commeatuum

366 2518 477 2585 Sicilia
494 2517 703 2603 Sardiniaque
727 2528 848 2581 tautam
870 2516 1020 2582 vilitatem
1042 2539 1180 2585 annonas
1194 2519 1371 2595 effecerunt,
1384 2528 1413 2580 ut

245 2651 271 2661 ..
366 2603 1054 2690 provecturairumentummercatornautis
1068 2605 1269 2692 relinqueret.
1313 2608 1411 2672 Roma

366 2694 407 2758 ad
423 2691 575 2756 nuncium
598 2690 737 2775 primum
748 2711 751 2720 ·
761 2689 940 2754 rebellionis
957 2690 1274 2778 KarthagIniensium
1290 2692 1412 2778 trepida·

366 2794 435 2845 tum
457 2778 576 2854 iuerat3
596 2779 763 2863 jussusque
777 2790 844 2841 erat
858 2775 910 2840 Ti.
925 2775 1079 2842 Claudius
1098 2792 1221 2844 mature
1237 2782 1270 2846 in
1288 2781 1411 2848 Siciliam

365 2867 496 2934 classem
526 2864 650 2940 ducere,
669 2881 771 2949 arque
795 2862 869 2926 iude
892 2862 925 2926 iu
948 2862 1088 2928 Africam
1115 2866 1272 2952 trajicere,
1294 2882 1325 2933 et
1348 2866 1413 2932 ulter

366 2953 478 3017 consul
500 2951 550 3016 M.
567 2949 719 3016 Servilius
733 2948 774 3012 ad
796 2949 906 3013 urbem
930 2953 1057 3028 morari,
1072 2950 1185 3030 donec,
1201 2977 1268 3039 quo
1282 2966 1361 3018 statu
1372 2973 1412 3015 res

367 3039 400 3102 iu
417 3037 527 3103 Africa
551 3049 664 3113 essent,
680 3035 825 3101 selretur.
872 3038 912 3100 Se
957 3037 1018 3099 iter
1031 3038 1139 3102 omnia
1163 3037 1412 3125 incomparanda

265 3125 271 3141 ¹
366 3124 613 3210 deducendaque
638 3121 735 3189 classe
757 3122 799 3185 ab
821 3120 874 3186 Ti.
893 3122 1029 3188 Caudio
1055 3125 1184 3190 consule
1205 3127 1292 3192 facta
1315 3137 1411 3201 erant;

366 3211 454 3299 quod
470 3211 580 3276 Patres
596 3209 636 3274 de
654 3229 733 3294 pace
749 3201 905 3293 Scipionis
919 3209 1024 3294 potius
1039 3210 1205 3277 arbitrium
1221 3237 1300 3291 esse,
1314 3211 1413 3299 quibus

222 3330 248 3362 ro
266 3316 272 3360 ι
291 3315 320 3362 'a
367 3298 490 3387 legibus
504 3299 644 3372 daretur,
660 3317 756 3382 quam
772 3294 919 3372 consulis,
935 3311 1132 3369 censuerant.
1178 3297 1330 3388 Prodigia
1368 3321 1413 3362 uo·

366 3408 440 3473 que,
458 3383 608 3449 nunciata
624 3381 683 3446 sub
698 3381 799 3465 ipsam
815 3380 929 3446 famam
951 3381 1143 3460 rebellionis,
1159 3397 1315 3449 terrorem
1372 3397 1412 3448 tu·

366 3471 479 3538 lerant.
525 3469 635 3534 Cumis
651 3465 723 3532 solis
737 3467 823 3532 orbis
844 3467 945 3533 minui
959 3470 1052 3546 visus,
1069 3483 1101 3535 et
1115 3471 1198 3556 pluit
1219 3471 1346 3554 lapideo
1364 3471 1413 3534 im-

366 3559 427 3625 brI.
449 3571 482 3622 et
503 3558 535 3621 in
551 3555 713 3620 Veliterno
737 3575 817 3641 agro
840 3567 924 3618 terra
949 3555 1131 3638 ingentibus
1153 3560 1296 3622 cavernis
1317 3579 1412 3622 conse·

366 3646 424 3722 dit,
441 3644 631 3729 arboresque
655 3641 689 3703 in
715 3639 909 3724 profundum
936 3640 1067 3706 baustae.
1111 3643 1232 3708 Aricioe
1254 3644 1367 3720 forum,
1387 3654 1414 3704 et

366 3732 451 3802 circa
472 3729 623 3807 tabernas,
641 3727 818 3792 Frusinone
839 3747 950 3794 murus
972 3727 1094 3814 aliquot
1114 3729 1200 3806 locis,
1216 3742 1248 3794 et
1262 3747 1363 3816 porta,
1382 3728 1415 3792 de

811 3861 825 3899 d
836 3863 897 3912 Part
907 3855 983 3914 Grod.

400 3989 430 4032 u9
448 3983 498 4040 Qut
514 3976 683 4046 mererentur]
699 3979 732 4028 lis
743 3979 786 4041 qul
803 3993 839 4026 ras
853 3981 880 4028 iu
946 3985 974 4028 61
996 3981 1099 4045 Vs'gc'sttt'
1119 3984 1222 4046 quiaque
1240 3984 1321 4032 ninia
1336 3973 1412 4044 prado]

367 4048 467 4095 naribus
497 4056 577 4110 captas
606 4048 725 4110 possidms
753 4059 881 4107 arguerem
912 4046 1008 4126 Selibra
1021 4055 1137 4096 nostrates
1152 4054 1241 4098 89062.
1258 4051 1411 4108 uunquam

257 4167 260 4176 ,
366 4120 407 4162 tur
911 4126 944 4160 uu
977 4127 995 4159 s.

408 4143 415 4159 0
945 4127 976 4159 cu

400 4181 432 4224 60
449 4176 558 4223 Pecunia
577 4174 653 4242 tuere]
669 4177 707 4224 Sic
726 4176 791 4223 solus
802 4176 882 4224 ibus·
946 4181 978 4224 62
995 4178 1090 4226 Pareae
1100 4175 1162 4244 dier]
1177 4173 1411 4228 Gruuoriauaeditb·

366 4257 440 4292 naus.
474 4243 552 4288 Ceteri
569 4249 618 4292 tam
636 4241 881 4302 (ὶιοιιονίιιιιίμιιιιιιιι
913 4255 956 4290 urs
967 4243 1057 4293 babent
1066 4253 1128 4307 part,
1139 4259 1273 4306 operarum,
1286 4251 1312 4292 ut
1323 4243 1411 4292 ridetur,

366 4309 451 4366 uestri,
461 4309 596 4368 pecuniam.
622 4310 714 4357 Tamen
725 4307 822 4369 vulgus
833 4309 879 4356 Iec-
914 4307 1013 4357 incuria.

365 4379 431 4426 tione
443 4375 503 4424 nibil
515 4376 598 4423 verius.
