3136 4970
10 1063 119 1124 p.

10 1327 16 1368 ι

9 1419 15 1456 ι

9 1505 15 1544 ι

9 1593 15 1630 ι

9 1681 15 1720 ι

8 1769 15 1808 ι

8 1855 15 1894 ι

8 1925 14 1980 ι

458 167 553 230 arn.
574 136 723 228 xxnni.
748 167 853 227 cun.
876 167 977 230 xxx.
1031 183 1037 192 ·
1185 175 1244 237 an·

182 325 309 396 moad·
322 328 453 396 nonina
466 329 689 401 damnatorum
704 331 739 396 in
750 330 911 411 coneilio.
938 330 1028 398 Nudi
1049 332 1082 396 in
1091 331 1242 409 -rned'mm
1251 347 1387 401 tutu-stu

182 414 462 500 protrahebantur.
470 430 510 482 et
523 417 616 482 simui
640 416 744 482 omnis
763 413 934 504 adparatus
956 416 1104 504 supplicii
1125 417 1322 506 supro-“est
1333 417 1395 465 W

183 501 342 586 mebatur.
357 503 485 592 deligati
506 503 550 568 ad
570 503 691 588 palum,
705 504 864 593 virgisque
886 505 971 582 oaesi,
989 517 1021 570 et
1044 506 1147 570 securi
1169 529 1242 592 per-
1251 481 1404 606 ffi'ff'

182 588 278 666 ausi,
297 589 375 656 adeo
396 587 601 676 torpentibus
617 604 718 671 matu,
731 591 787 678 qui
800 589 943 670 admunt,
959 604 995 658 ut
1007 613 1072 658 non
1087 593 1185 658 ruodo
1197 592 1295 658 fes-nae
1305 612 1372 658 uana

181 676 291 740 rocior
303 697 369 742 vox
384 675 533 742 adversus
550 677 750 742 atrocitatem
765 699 885 763 poeuae,
898 677 955 743 sed
964 699 1010 742 ,ne
1023 678 1158 766 gemitus
1173 679 1242 765 qui·

180 761 269 840 dem,
283 762 500 828 exaudiretur.
543 761 689 828 ⁶⁰Tracti
704 762 777 826 inde
792 763 948 830 demedio
958 785 1078 840 omnes,
1088 777 1243 848 purgato·
1345 817 1352 844 ,

181 869 246 932 que
262 849 433 916 recaduti
449 849 564 914 milites
579 851 767 916 nominatim
788 848 873 934 apud
897 851 1041 915 tribunos
1054 851 1191 916 miiitum
1208 853 1242 918 iu

182 935 283 1000 verba
297 935 337 1001 P.
352 935 679 1022 Scipionisjurarnnt,
695 936 948 1022 stipendiumque
961 935 1033 1000 ⁸¹ad
1046 958 1164 1002 nomen
1178 940 1242 1002 sin·

180 1020 266 1107 gulis
280 1025 475 1107 persolutum
489 1033 563 1088 estu
583 1051 588 1084 :
609 1021 711 1102 Hunc
724 1021 820 1086 finem
835 1021 1019 1110 exitumque
1032 1023 1144 1088 seditio
1161 1023 1241 1092 mili.

180 1120 251 1172 tum
378 1108 462 1188 apud
479 1109 653 1174 Sucronem
669 1107 791 1173 habuit.
1196 1183 1200 1192 1
1234 1146 1239 1166 .

228 1193 302 1261 XX
342 1243 350 1261 .
374 1194 438 1261 Per
459 1193 545 1260 idem
574 1208 698 1280 tempus
726 1194 767 1259 ad
798 1193 914 1258 Baetim
942 1195 1073 1260 fluvium
1104 1195 1237 1276 Hanno,
1250 1209 1430 1272 nannum,

181 1279 351 1365 praefectur
377 1279 538 1366 Magonis,
564 1283 678 1345 missus
702 1280 893 1358 aGadibus,
919 1301 992 1345 cum
1016 1304 1115 1368 parva
1140 1274 1392 1352 manumm*

181 1365 351 1447 Afrururn,
368 1367 511 1432 mercede
526 1365 690 1453 Hispanos
706 1365 906 1432 sollicitando
920 1367 960 1430 ad
983 1382 1120 1454 quatuor
1140 1369 1237 1436 miliia
1247 1352 1343 1450 {1⁰:¹22
1348 1404 1388 1452 m,

174 1454 334 1540 juneuum
349 1454 492 1519 armavit.
513 1455 623 1518 castris
642 1451 758 1518 deinde
778 1465 891 1518 exutus
904 1452 946 1518 ab
962 1453 1002 1518 L.
1019 1453 1156 1532 Marcio,
1171 1479 1295 1522 mamus
1438 1462 1441 1470 “

180 1539 269 1606 xima
287 1551 376 1626 parte
395 1540 530 1604 militum
557 1540 639 1605 inter
664 1539 834 1605 tumultum
861 1552 1026 1624 captorum
1051 1555 1238 1622 castrorum,

178 1625 371 1712 quibusdam
394 1627 489 1691 etiam
511 1627 545 1690 in
558 1625 634 1709 fuga
647 1626 780 1702 amissis,
795 1625 917 1712 palatos
931 1640 1138 1712 persequente
1151 1630 1239 1716 equi·

180 1725 224 1790 te,
240 1735 313 1778 oum
333 1712 443 1799 paucis
465 1713 534 1799 ipse
555 1712 677 1800 effugit.
721 1711 810 1778 Dum
828 1711 898 1784 haea
912 1711 954 1776 ad
971 1711 1085 1777 Boetim
1106 1713 1238 1780 fluvium

178 1820 282 1952 idi?
284 1797 725 1952 &diffidi-iiii
734 1799 771 1948 ii
781 1818 969 1950 3333?
970 1809 1039 1950 {ti
1040 1822 1087 1950 231
1102 1799 1240 1952 tiit?
1378 1823 1395 1896 *¹

179 1993 270 2037 mum
285 1995 304 2037 e
317 1972 461 2040 faucibus
470 1973 612 2060 angustis
626 1971 776 2058 panditur
786 1992 884 2036 mare.
909 1997 912 2004 ’
929 1971 1045 2050 Gades,
1059 1933 1125 2036 siire
1139 1910 1240 2040 eeita-
1285 1949 1290 1982 ³

177 2057 278 2135 mine,
291 2059 318 2102 ⁶²
326 2059 507 2145 proditione
521 2057 704 2146 reeipiendi,
720 2057 805 2124 ultro
819 2057 874 2144 qui
885 2077 954 2124 eam
967 2079 1037 2122 rem
1052 2056 1239 2143 polliceren-
1353 2061 1356 2068 ’

179 2155 244 2222 tur,
261 2145 294 2209 in
308 2157 409 2212 castra
427 2146 573 2210 Romana
597 2143 804 2222 venientibus,
820 2167 903 2226 spes,
922 2143 1002 2208 sicut
1023 2158 1097 2210 ante
1117 2143 1238 2212 dictum

178 2243 238 2307 est,
253 2232 365 2297 fuerat.
380 2231 569 2317 6'patefacta
583 2231 742 2296 inmatura
755 2230 894 2315 proditio
908 2246 964 2308 est,
975 2251 1047 2296 com
1073 2229 1238 2298 reheusos—

178 2340 244 2404 que
254 2339 365 2384 omues
376 2317 653 2402 MagoAdherbali
663 2317 792 2404 praetori
801 2316 1029 2404 Karthaginem
1039 2253 1240 2384 devehendus

178 2403 287 2470 tradit.
309 2404 481 2482 Adherbal,
497 2404 666 2490 conjuratis
676 2405 709 2468 in
721 2404 978 2491 quinqueremem
989 2403 1143 2490 inpositis,
1156 2427 1239 2490 proe·
1336 2443 1338 2450 ·

179 2491 338 2578 missaque
352 2514 399 2572 ea,
414 2491 489 2578 quia
503 2487 634 2570 tardior,
666 2509 740 2556 uam
751 2490 897 2567 triremis,
909 2502 987 2566 erat,
996 2492 1063 2576 ipse
1077 2513 1149 2556 curn
1165 2506 1239 2557 octo

179 2578 362 2644 triremibus
376 2578 502 2645 modico
516 2514 682 2642 intervalia
694 2577 849 2663 sequitur.
885 2575 905 2642 J
908 2596 957 2641 am
968 2575 1083 2644 fretum
1098 2578 1239 2644 intrabat

179 2665 427 2751 quinqueremis,
442 2687 540 2753 quum
557 2663 687 2742 Laelius,
702 2675 734 2728 et
747 2662 861 2748 ipsein
877 2663 1097 2749 quinqueremi
1110 2688 1129 2729 e
1143 2680 1238 2751 portu
1247 2681 1391 2730 amanam

180 2751 331 2832 Carteiae,
339 2751 543 2838 sequentibus
552 2764 672 2837 septem
684 2749 876 2827 triremibus,
885 2763 1019 2827 evectus,
1031 2750 1238 2818 inAdherba·
1246 2753 1271 2791 θ’
1280 2745 1350 2793 Lam

177 2837 242 2902 lem
255 2860 294 2904 aa
308 2839 448 2904 triremes
469 2836 639 2920 inuehitur,
655 2836 914 2923 quinqueremem
935 2837 1010 2900 satis
1030 2836 1163 2902 credens
1181 2813 1380 2936 deffinfssij

177 2945 326 3009 prensam
346 2926 463 3012 rapido
484 2924 517 2989 in
531 2923 623 3002 freto,
639 2923 706 2988 8⁴in
722 2921 896 2988 adversum
910 2935 1022 2988 aestum
1045 2922 1236 3008 reciprocari

179 3031 245 3074 non
260 3033 362 3097 posse.
406 3011 529 3077 Poenus
543 3013 576 3076 in
590 3031 626 3076 re
640 3010 744 3075 subita
757 3030 931 3094 parumper
943 3010 1083 3075 incertus
1096 3012 1237 3098 trepidae
1301 3089 1304 3097 Ι

179 3098 235 3175 vit,
262 3109 369 3163 utrum
393 3099 650 3184 quinqueremem
677 3108 869 3182 sequeretur,
885 3117 927 3160 an
948 3095 981 3160 in
1004 3094 1110 3162 hostes
1128 3114 1236 3166 *rostra
1328 3149 1330 3156 .

177 3197 384 3250 annumeret.
428 3183 502 3268 Ipsa
515 3183 675 3248 cunctatio
687 3180 869 3248 facultatem
889 3181 1103 3248 detractandae
1118 3206 1237 3272 pugnae

178 3269 307 3336 ademit.
316 3272 384 3357 jam
406 3270 490 3336 enim
510 3268 570 3336 sub
589 3271 655 3336 ictu
677 3267 729 3334 teli
744 3280 845 3346 erant,
859 3281 893 3333 et
913 3267 1054 3352 undique
1075 3268 1237 3335 instabant

177 3356 297 3422 hostes.
317 3371 413 3424 testas
428 3377 556 3444 quoqne
569 3355 735 3420 arbitrium
750 3354 938 3422 moderandi
953 3375 1046 3420 naves
1065 3352 1237 3426 ademerat.

566 3515 621 3560 ‘ert
631 3513 678 3561 del.
689 3513 763 3560 Gron.
776 3512 847 3561 crav.
935 3503 939 3508 ’

211 3644 356 3694 toward
377 3644 431 3692 inde
451 3644 479 3692 de
502 3644 577 3693 medio
602 3644 691 3707 auser]
723 3646 886 3692 toimmatara
898 3640 1002 3704 proditio
1018 3645 1067 3689 ert:
1083 3647 1235 3704 strumae.

177 3712 268 3760 nacta
287 3711 374 3761 deinde
393 3711 423 3757 de
441 3711 521 3757 medio
538 3723 622 3756 eorum
639 3723 693 3756 om·
724 3709 764 3758 23.
781 3709 832 3757 Per
846 3720 883 3755 roe
901 3708 963 3768 iprae
977 3706 1025 3754 dier
1041 3705 1176 3769 perfugae
1188 3709 1238 3757 Ga.

176 3779 247 3824 nium
261 3775 306 3836 qui
321 3775 399 3823 eecud
416 3775 522 3835 pereuad
533 3775 629 3822 fueram
639 3787 691 3821 cor·
719 3775 789 3822 diurn
805 3771 1071 3834 manumulierum
1089 3771 1235 3820 urbm...

176 3853 691 3970 poii'·1⁰'.4dtrorueuliitqnisqueadno·
719 3839 938 3966 ffldduddmatedddio]
964 3903 1030 3956 Ante
1050 3903 1105 3950 =hue
1134 3903 1235 3949 verbum

176 3983 235 4018 mea
246 3985 319 4018 suum
327 3970 489 4031 responderat.
625 3991 628 3998 ·
722 3967 856 4015 delevimus
872 3965 1016 4027 pudicitiam
1031 3965 1080 4024 red,
1099 3966 1237 4014 volemibus

209 4035 242 4083 62
258 4035 397 4083 Proetum
422 4027 558 4094 ncipiertdi]
590 4029 692 4094 Conjee.
722 4032 826 4092 scriptia.

176 4105 234 4148 iura
245 4101 367 4157 Rhenani,
384 4095 453 4161 cujus
463 4099 540 4144 codex
550 4097 635 4144 habuit
647 4111 691 4156 par
754 4095 787 4142 64
802 4097 834 4142 Ῑιι
845 4093 969 4140 aduersum
984 4098 1067 4142 artum
1082 4095 1236 4157 reciperari]

175 4163 304 4220 ditiorum
321 4166 404 4222 ceteri,
416 4169 444 4210 ut
458 4169 483 4210 et
494 4162 553 4209 clim
564 4162 689 4217 edebatur,
722 4158 870 4220 cucumsgi,
886 4162 911 4204 et
926 4163 990 4204 retro
1007 4161 1122 4206 adversus
1141 4166 1236 4206 contra·

170 4229 368 4289 mansuum.
400 4230 462 4276 Saue
471 4225 612 4287 proditionis
621 4237 689 4270 men·
719 4225 750 4272 rii
772 4223 847 4270 aestus
868 4221 919 4268 vim
938 4223 1028 4269 auxilio
1047 4223 1082 4270 ira
1098 4223 1237 4270 triremibus

174 4293 211 4340 tio
228 4295 383 4340 hio-omnino
399 4297 535 4353 opportuna
545 4297 590 4337 est.
623 4289 688 4336 Nam
721 4287 798 4336 sociis.

176 4364 203 4406 et
213 4359 240 4407 in
250 4361 280 4406 iis
290 4373 346 4420 qua
360 4371 418 4408 runa
435 4361 578 4420 sequuntur,
585 4354 689 4417 potesne
799 4413 820 4479 h
