3036 4972
311 105 314 114 ’
367 181 376 198 =
448 147 544 210 urs.
566 148 690 212 xxru.
716 151 820 212 car.
847 153 916 214 xx.
1150 156 1202 224 ror

142 315 222 380 elam
245 312 433 398 inportandi
454 291 637 400 aam'emet,
664 313 764 395 farre,
781 337 821 382 ea
845 314 929 403 agris
955 315 1040 382 circa
1064 317 1349 406 undiqnencsae.

141 414 304 476 convecto,
331 421 430 484 quum
454 399 618 485 complura
641 400 728 474 dolia
756 401 953 487 complesset,
982 403 1133 470 nuncium
1163 403 1350 472 odiam

139 488 363 576 magistratum
395 487 573 552 Casilinum
606 487 701 564 misit,
731 501 767 554 ut
794 489 978 572 exciperent
1006 489 1101 568 dolia,
1132 511 1350 578 quaecanrnum

139 575 243 638 amnis
265 572 413 638 deferret.
457 574 639 660 Insequenti
662 585 767 648 nocte,
784 575 914 640 intentis
935 577 1082 642 omnibus
1097 577 1130 641 in
1145 574 1367 644 gustandum:

137 682 211 725 men
227 682 266 724 ac
281 682 369 744 spem
385 661 426 726 ab
440 661 558 726 nuncio
583 661 733 744 Romano
753 660 879 743 factam,
898 661 982 727 dolia
1002 663 1108 728 medio
1130 664 1203 730 mis-
1212 642 1366 750 ffiffmsti'

136 771 171 811 sa
195 747 286 810 amni
312 746 535 812 defluxerunt:
567 747 732 834 aequaliter
761 749 845 812 inter
872 769 981 814 omnes
1008 749 1202 818 frumentum
1212 768 1327 815 mittitur.

134 833 287 898 divisum.
333 833 374 897 ld
401 845 528 916 postero
556 856 683 920 quoque
717 834 771 898 die
806 857 844 900 ac
873 835 967 900 tertio
999 833 1118 902 factum
1146 853 1202 906 est

134 934 232 984 nocte
257 933 291 984 et
314 919 520 986 mittebantur
545 936 577 984 et
605 920 849 1006 perveniebant:
872 941 911 984 eo
939 923 1098 988 custodias
1128 924 1203 992 bos·

134 1007 215 1071 tium
245 1005 408 1074 fallebant.
452 1006 612 1072 Imbribus
637 1006 753 1072 deinde
772 1006 934 1072 continuis
958 1007 1083 1074 citatior
1108 1010 1203 1084 solito

133 1093 251 1168 amnis,
269 1107 446 1158 transverso
460 1094 578 1158 vortice
592 1092 678 1158 dolia
691 1092 808 1178 inpulit
821 1094 864 1158 ad
882 1093 997 1180 ripam,
1036 1117 1110 1162 uam
1127 1096 1201 1164 hos·

133 1192 180 1245 tes
207 1178 389 1244 servabant.
410 1179 455 1243 ibi
473 1179 627 1246 haerentia
649 1181 733 1244 inter
755 1180 873 1246 obnata
893 1181 971 1266 ripis
993 1117 1102 1248 stilicta
1123 1205 1201 1248 con·

132 1266 343 1352 spiciunturz.
356 1267 609 1353 nunciatumque
632 1265 812 1332 Hannibali
835 1278 891 1346 est,
906 1280 938 1332 et
958 1265 1075 1334 deinde
1095 1269 1200 1336 inten-

131 1353 236 1417 tiored
250 1352 398 1418 custodia
419 1365 560 1433 cautum,
574 1375 615 1418 ne
629 1354 708 1438 quid
721 1351 843 1418 falleret
854 1353 1017 1420 Vulturno
1031 1356 1070 1422 ad
1086 1355 1198 1422 urbem

132 1440 278 1504 missum.
323 1437 431 1504 Nuces
462 1451 568 1504 tamen
598 1437 676 1504 fusa:
701 1439 742 1504 ab
769 1441 922 1506 Romanis
950 1442 1070 1522 castris,
1099 1465 1198 1530 quum
1208 1461 1292 1510 Nuces
1304 1465 1362 1512 mir·
1478 1491 1483 1498 -

131 1526 240 1591 medio
262 1525 350 1590 amni
368 1525 409 1589 ad
425 1525 602 1590 Casilinum
624 1525 810 1603 defluerent,
833 1525 973 1592 cratibus
994 1529 1301 1614 excipieban·²¹¹¹¹}¹!¹·

130 1627 193 1678 tur.
242 1612 415 1677 Postremo
429 1613 469 1677 ad
483 1612 518 1677 id
532 1624 660 1677 ventum
682 1612 800 1696 inopiae
821 1625 877 1689 est,
894 1628 929 1678 ut
944 1616 1013 1679 lora
1027 1592 1354 1717 detractas-ffflffss*

131 1721 195 1786 que
216 1699 316 1764 scutis
337 1697 447 1783 pelles,
466 1699 522 1764 ubi
542 1696 663 1764 fervida
685 1697 859 1764 mollissent
873 1722 965 1787 aqua,
980 1702 1130 1768 mandere
1145 1725 1335 1782 coquemus.

132 1799 296 1862 narentur,
316 1807 377 1848 nec
400 1785 542 1851 muribus
564 1785 665 1850 aliove
687 1785 813 1850 anirtrali
835 1785 1040 1868 abstinerent,
1056 1801 1088 1853 et
1103 1787 1307 1856 omneduntur.

131 1871 305 1938 herbarum
330 1871 537 1959 radicumque
550 1893 650 1959 genus
672 1872 840 1959 aggeribus
861 1872 980 1938 infimis
1001 1876 1085 1938 muri
1107 1899 1198 1942 erue·

130 1971 220 2036 rent:
243 1957 321 2036 9δεῖ,
338 1981 436 2044 quum
460 1958 564 2023 hostes
587 1958 780 2036 obarassent,
803 1958 958 2045 quidquid
981 1958 1107 2026 herbidi
1134 1977 1197 2028 ter-

129 2046 197 2109 reni
212 2058 307 2110 extra
323 2064 448 2108 murum
465 2057 543 2121 erat,
559 2066 710 2131 raporum
726 2067 832 2110 semen
846 2045 1033 2131 injecerunt,
1048 2063 1085 2112 ut
1100 2047 1196 2114 Han·

129 2132 231 2211 nibal,
247 2135 338 2196 Eone
356 2153 456 2216 usqrre,
472 2135 542 2196 dum
564 2154 601 2195 ea
623 2141 798 2208 nuscuntur,
815 2133 859 2196 ad
874 2133 1044 2198 casilinum
1064 2156 1197 2202 sessum

129 2225 217 2283 sum?
242 2216 454 2282 exclamaret:
478 2230 521 2298 et,
537 2217 591 2304 qui
615 2215 735 2282 nullam
754 2231 847 2282 antea
867 2217 1047 2302 pactionem
1063 2219 1195 2286 auribus

129 2305 312 2382 admiserat,
330 2317 399 2368 tum
413 2304 542 2370 demum
565 2303 617 2390 agi
637 2325 742 2369 secum
758 2315 804 2367 est
819 2325 927 2388 passus
941 2303 982 2368 de
997 2302 1197 2370 redemtione

129 2390 360 2456 liberorumne
384 2391 473 2456 itum.
518 2389 730 2474 ⁹⁴‚Septunces
754 2389 823 2454 auri
845 2389 877 2452 in
900 2389 1042 2478 singulos
1058 2391 1195 2476 pretium

129 2479 291 2544 convenit.
342 2413 421 2542 Fide
449 2492 588 2562 accepta,
619 2499 684 2542 sese
713 2475 934 2540 tradiderunt:
967 2475 1070 2542 donec
1099 2494 1339 2544 omneflmmnau

129 2587 245 2630 aurum
268 2563 467 2649 persolutum
488 2576 543 2640 est,
561 2564 593 2626 in
609 2561 741 2628 vinculis
762 2559 879 2626 habiti:
904 2576 971 2628 tum
992 2564 1113 2628 remissi
1130 2560 1359 2642 Cu·‘¹.⁸f¹l‘¹¹¹⁰‚⁸·

130 2675 198 2716 mas
220 2673 296 2717 cum
319 2649 391 2716 fide.
437 2650 476 2714 Id
491 2651 594 2714 verius
609 2663 664 2726 est,
681 2669 775 2734 quam
798 2648 840 2713 ab
861 2651 967 2735 equite
988 2651 1020 2714 in
1043 2625 1312 2720 abeuntes⁸¹¹¹¹¹¹¹¹¹l

128 2738 261 2801 inmisso
290 2735 480 2801 interlectos
527 2735 715 2801 Praenestini
751 2735 891 2800 maxima
917 2758 991 2822 pars
1022 2733 1121 2804 luere.
1155 2761 1195 2806 ex

128 2825 311 2912 quingentis
333 2823 542 2910 septuaginta,
558 2823 614 2910 qui
635 2823 668 2885 in
691 2821 840 2907 praesidio
862 2821 1002 2900 fuerunt,
1018 2825 1126 2889 minus
1146 2827 1195 2900 di·

127 2913 263 2976 midium
290 2908 408 2973 ferrum
430 2909 591 2996 famesque
610 2907 778 2973 absumsit:
802 2909 898 2972 ceteri
914 2908 1088 2975 incolumes
1105 2911 1195 2978 Prae·

127 3011 214 3062 neste
238 3019 311 3064 cum
333 3009 468 3082 praetore
483 3018 541 3060 suo
557 2993 701 3060 Manicio
727 2993 843 3076 (scriba
858 2994 884 3058 is
898 3009 991 3060 antea
1004 2994 1122 3080 suerat)
1143 3021 1195 3064 re·

126 3084 267 3150 dierunt.
315 3084 426 3148 Statua
448 3083 514 3168 ejus
536 3081 654 3145 indicio
668 3080 739 3158 fuit,
757 3080 920 3146 Praeneste
933 3081 967 3145 in
982 3081 1052 3147 loro
1066 3098 1192 3163 statuta,

125 3169 272 3250 loricata,
288 3169 405 3240 amicta
420 3180 504 3269 toga,
520 3167 622 3232 velato
634 3168 754 3248 capite3
778 3179 809 3231 et
824 3167 885 3231 triu
905 3167 995 3256 signa
1009 3192 1082 3234 cum
1099 3172 1193 3237 titulo

124 3257 243 3324 lamnae
258 3279 358 3322 aeneae
372 3255 536 3339 inscrrpto,
553 3255 728 3318 Masticium
736 3275 799 3337 pro
813 3255 970 3331 militibus,
987 3259 1042 3339 qui
1057 3259 1194 3326 Casilini

126 3348 159 3409 in
168 3343 466 3429 praesidiofieerint,
479 3351 578 3406 votum
589 3343 712 3406 uomere.
750 3339 841 3404 Idem
853 3340 963 3405 titulus
978 3341 1078 3408 tribus
1092 3344 1191 3432 signis

125 3432 157 3496 in
175 3431 246 3496 aede
263 3429 416 3494 Fortunae
430 3427 543 3512 positis
558 3426 617 3490 luit
631 3425 801 3512 subjectus.
1173 3499 1177 3506 Δ

167 3517 253 3584 ΧΧ.
279 3515 454 3580 Casilinum
471 3512 626 3600 oppidum
645 3511 804 3577 redditum
823 3512 996 3597 Campanis
1011 3524 1068 3594 est,
1083 3513 1191 3580 firma·

124 3617 191 3669 tum
208 3603 312 3689 septin
338 3614 490 3667 entorum
502 3599 637 3665 militum
654 3599 695 3663 de
708 3599 849 3664 exercitu
866 3597 1061 3665 Hannibalis
1079 3601 1190 3686 praesi-

124 3693 194 3770 di0;
215 3703 270 3766 ne,
298 3626 354 3754 ubi
378 3687 498 3752 Poenus
524 3685 599 3750 inde
624 3685 827 3762 abscessisset,
857 3685 996 3749 Romani
1022 3685 1191 3775 obpugna-

123 3794 204 3846 rent.
251 3774 457 3844 Praenestinis
470 3771 626 3837 militibus
648 3784 773 3838 senatus
798 3771 963 3836 Romanus
988 3771 1109 3857 duplex
1134 3775 1189 3839 sti·

124 3866 273 3952 pendium
290 3875 322 3928 et
337 3859 544 3948 quinquennii
560 3858 684 3925 militiae
696 3859 892 3923 vacationem
907 3855 1056 3924 decrevit
1077 3861 1188 3928 civita·

528 4019 536 4037 κ
545 3997 558 4034 ⁴¹
573 3999 683 4046 tumme
692 3999 769 4046 Gran.

154 4123 185 4172 98
198 4125 241 4180 Et,
262 4137 336 4186 pum
355 4117 443 4180 meae]
466 4116 550 4172 Quum
570 4115 639 4164 I’oeni
666 4112 788 4178 jecerunt

125 4187 255 4240 ohannem
266 4186 390 4251 quidquid
407 4183 453 4229 soli
469 4181 638 4228 herbidicircn
701 4180 734 4226 94
749 4180 875 4241 Septunce:
900 4182 968 4246 carr]
997 4181 1108 4243 septenae
1132 4183 1186 4230 auri

123 4265 216 4304 rnurnm
237 4263 299 4312 erat,
321 4247 472 4300 frenarint
492 4247 535 4307 qui
554 4245 638 4292 Casili·
670 4245 749 4291 uncIae
770 4245 796 4290 in
819 4246 942 4306 ungulos:
966 4248 1045 4294 uncle:
1066 4253 1186 4294 nostrates

122 4330 176 4368 num
190 4325 324 4371 tuebantur
334 4326 454 4376 raporum
466 4324 549 4360 semen
560 4324 590 4358 eo
601 4311 639 4358 in-
670 4316 764 4370 septem
775 4323 832 4358 cum
843 4311 926 4371 gram:
938 4309 992 4360 168·

158 4407 226 4454 von.
243 4408 284 4456 rr.
727 4392 756 4436 Μ
841 4413 857 4418 ·
