3036 4972
363 203 419 262 roa
759 193 871 257 τιτι
899 192 1037 279 μνη

199 374 335 426 u.c.oss
358 382 432 430 nem
455 361 621 430 militarem
643 347 777 434 biennio
795 371 869 448 ante
892 357 932 425 L.
949 359 1093 426 Manlius
1113 370 1234 448 praetor
1254 362 1288 428 in
1311 361 1420 430 Gallia

197 442 228 490 Δ
239 443 268 492 ⁰·
279 441 335 490 ²¹⁷·
359 450 506 527 vovisset,
518 449 653 518 locatum
668 445 709 512 ad
724 447 756 511 id
768 459 895 528 tempus
909 467 976 511 non
990 469 1066 513 esse.
1081 448 1188 536 itaque
1202 447 1361 514 duumviri
1377 448 1421 513 ad

319 581 324 585 -
359 559 428 602 eam
444 557 512 624 rem
526 534 622 599 creati
642 555 662 596 a
678 531 727 598 M.
743 531 875 596 AEmilio
896 546 1037 618 praeture
1057 533 1154 609 urbis,
1172 535 1232 599 Cn.
1250 534 1371 619 Pupius
1385 548 1419 598 et

270 630 275 638 '
361 623 405 688 K.
421 621 593 700 Quinctius
609 617 814 696 Flamininus,
830 618 932 682 oedem
954 620 988 682 in
1009 641 1082 684 arce
1102 618 1276 685 faciendam
1294 622 1419 686 locave-

358 722 445 775 runt.
490 707 543 773 Ab
554 706 663 771 emam
680 718 818 806 praetore
831 725 872 768 ex
887 705 1158 790 senatusconsulto
1172 706 1272 772 literae
1287 708 1326 771 ad
1342 729 1421 771 con·

358 795 440 862 eules
448 795 567 870 missoe,
580 806 627 870 ut,
639 793 664 856 si
680 792 718 855 ris
733 785 901 867 videretur,
917 790 997 879 aiter
1010 813 1121 856 eorum
1137 792 1177 856 ad
1192 792 1335 858 consules
1350 813 1421 857 cre·

358 880 459 947 andos
471 877 746 964 Romamvenir'et:
762 899 795 942 se
805 877 838 940 in
849 898 919 941 eam
931 876 1027 954 diem,
1039 899 1134 962 quarn
1141 879 1422 964 jussissentcomi-

242 1031 245 1036 .
358 969 403 1033 tia
416 967 605 1034 edicturum.
650 965 702 1029 Ad
718 964 787 1028 boec
800 985 821 1028 a
834 962 1015 1028 consulibus
1026 965 1227 1050 rescriptum,
1239 966 1313 1030 Sine
1321 967 1420 1030 detri-

357 1063 457 1120 mento
465 1053 644 1136 reipublice
657 1051 779 1120 abscedi
788 1071 848 1112 non
856 1050 995 1132 posseab
1003 1051 1102 1115 bostat
1109 1053 1214 1135 itaque
1219 1073 1280 1134 per
1289 1054 1422 1116 interre-

354 1163 423 1227 gem
437 1141 561 1204 comitia
575 1138 721 1220 babendo¹
736 1130 798 1200 esse
814 1135 930 1220 potins,
946 1155 1034 1220 qaam
1048 1139 1199 1200 conadam
1213 1139 1295 1202 atter
1307 1159 1329 1200 a
1343 1138 1424 1202 bello

357 1235 546 1292 avocaretur.
570 1221 718 1287 Patribus
733 1221 847 1286 rectius
860 1223 962 1284 visum
977 1233 1033 1297 est,
1049 1221 1236 1287 dictatorem
1252 1246 1273 1289 e
1286 1223 1420 1288 consule

286 1337 292 1356 ¹
358 1311 421 1378 dici
447 1309 647 1376 comitiorum
677 1305 895 1372 habendorum
921 1327 1041 1372 caussa.
1071 1307 1175 1373 dictus
1202 1307 1242 1374 L.
1265 1309 1420 1374 Veturius

360 1397 466 1474 Philo,
498 1394 549 1461 Μ.
577 1392 791 1480 Pomponium
826 1391 1015 1458 Mathonem
1031 1475 1034 1481 Ι
1052 1391 1236 1483 magistrum
1274 1389 1421 1482 equilum

358 1483 450 1548 dixit.
496 1481 559 1547 His
575 1479 650 1544 vitio
664 1479 786 1556 creatis,
796 1479 954 1565 jussisque
968 1478 1020 1543 die
1034 1479 1272 1566 quartodecimo
1293 1503 1327 1546 se
1350 1501 1420 1546 ma-

359 1569 493 1659 gistratu
504 1565 661 1643 abdicare,
678 1568 716 1630 ad
727 1566 943 1652 interregnum
956 1587 1006 1630 res
1016 1565 1119 1632 rediit.

145 1621 151 1640 ⁸
199 1667 335 1720 occsa
404 1654 570 1720 XXXIV.
594 1651 787 1718 Consulibus
810 1663 1016 1736 prorogatum
1042 1651 1075 1715 in
1099 1673 1217 1718 aunum
1236 1652 1421 1738 imperium.

198 1732 336 1846 ptem&
360 1741 479 1806 interre
554 1739 671 1824 proditi
687 1761 707 1802 a
722 1737 871 1802 Patribus
886 1737 925 1802 C.
943 1737 1110 1815 Claudius,
1133 1740 1197 1823 Ap.
1213 1737 1310 1821 filius,
1334 1737 1421 1804 C‘en·

199 1811 345 1911 cffffi'
360 1827 428 1905 tho,
445 1829 476 1890 in
501 1827 572 1892 eP.
589 1824 757 1890 Cornelius
781 1819 890 1888 Asina.
937 1825 975 1887 ln
997 1826 1064 1911 ejus
1086 1825 1204 1889 interne
1227 1847 1269 1890 no
1289 1825 1422 1891 comitia

199 1929 249 1976 aas
257 1927 337 1974 virro
359 1913 468 1980 habita
490 1933 606 2001 magno
631 1910 802 1975 certamine
827 1909 957 1974 Patrum
983 1931 1021 1974 ae
1048 1908 1159 1996 plebis.
1203 1847 1243 1976 b.
1266 1910 1423 1976 Terentio

198 1991 339 2040 ΜΨ
360 2001 507 2078 Varroni,
533 2019 637 2085 quem,
661 1997 709 2060 sui
734 1996 857 2084 generis
885 1995 1057 2073 hominem,
1083 1996 1188 2082 plebei
1215 1997 1423 2064 insecmione

91 2079 98 2092 =
199 2057 351 2105 candidatus.
401 2087 408 2102 .

359 2088 541 2174 principum
579 2079 823 2170 epularibusque
840 2081 962 2147 artibus
981 2082 1192 2159 conciliatum,
1212 2083 1252 2147 ab
1268 2083 1310 2160 Q.
1329 2083 1424 2148 Fabii

359 2107 871 2326 iniustissume
886 2167 1422 2321 intersistentes

488 2304 498 2336 s
1328 2301 1338 2334 a
1403 2293 1421 2308 ·
1509 2291 1510 2298 ’

359 2359 424 2412 tres
440 2281 637 2429 summabpe
652 2339 829 2415 obstabant,
845 2361 886 2405 ne
905 2361 938 2404 se
958 2340 1141 2406 insectando
1155 2341 1215 2405 sibi
1230 2343 1350 2428 oequari
1365 2344 1422 2407 ad-

360 2442 538 2498 suescerent
551 2429 706 2494 homines.
750 2425 794 2504 Q.
809 2425 935 2492 Baebius
949 2425 1133 2493 Herennius
1148 2427 1293 2492 tribunus
1329 2428 1422 2508 labis,

359 2530 515 2604 cognatus
532 2516 571 2581 C.
588 2514 748 2592 Terentii,
763 2513 963 2590 criminando
984 2535 1049 2578 non
1075 2527 1218 2579 senatum
1239 2535 1272 2578 m
1317 2537 1347 2592 o,
1364 2515 1422 2580 aed

361 2603 455 2668 etiam
470 2623 615 2689 augures,
631 2599 716 2686 quod
732 2598 916 2664 dictatorem
933 2597 1167 2686 prohibuissent
1181 2601 1309 2666 comitia
1323 2602 1423 2686 perii-

360 2711 441 2768 cere,
458 2709 515 2775 per
529 2686 681 2752 invidiam
703 2705 813 2750 eorum
836 2684 975 2750 savorem
998 2685 1168 2752 candidato
1188 2709 1246 2751 suo
1267 2687 1421 2752 concilia-

202 2776 426 2842 aestimabat.
470 2769 519 2840 Ab
532 2771 701 2838 bominibus
720 2769 879 2848 notitione,
889 2793 950 2855 per
963 2775 1070 2838 midias
1087 2794 1185 2838 annos
1208 2775 1316 2837 bedam
1337 2795 1422 2858 qaas

201 2855 339 2967 fflffig·
360 2863 506 2938 rentibus,
525 2859 735 2926 Hannibalem
749 2859 783 2920 in
796 2857 924 2922 Italiam
939 2861 1120 2923 mactum.-
1141 2860 1182 2923 ab
1198 2861 1314 2936 iisdem
1331 2882 1422 2944 qaam

147 3012 154 3022 ,
362 2948 511 3012 aretari·
529 2946 639 3030 possit,
652 2943 775 3030 frande
791 2945 827 3007 id
850 2943 957 3008 bellam
978 2947 1073 3009 trabi.
1089 2945 1186 3010 laaraas
1210 2955 1342 3030 qrtatuor
1361 2947 1423 3012 mi-

361 3034 450 3097 litnm
464 3030 633 3122 legionibus
655 3031 806 3094 universis
820 3032 961 3116 pugnari
976 3053 1066 3114 posse
1086 3033 1268 3115 adparuisse
1281 3053 1326 3108 eo,
1342 3037 1427 3116 qnod

362 3119 413 3183 M.
423 3119 589 3194 Minucia,
599 3116 838 3192 absenteFabio,
846 3137 997 3199 prospere
1000 3127 1169 3202 pugnasset
1174 3152 1186 3191 ,·
1203 3119 1280 3182 daus
1289 3119 1425 3202 legiones

361 3206 444 3271 hosti
463 3207 508 3269 acl
526 3206 635 3268 cadem
656 3201 795 3286 offertos,
810 3203 921 3266 dein&
935 3225 973 3266 ea
986 3205 1055 3286 ipsa
1069 3206 1150 3268 cade
1170 3213 1300 3286 ereptas,
1315 3214 1350 3268 at
1362 3227 1422 3288 pa-

362 3303 410 3356 ter
431 3302 646 3377 patronusque
659 3290 880 3372 adpellaretur,
895 3291 950 3372 qni
963 3291 1057 3372 prius
1079 3291 1199 3354 vincere
1214 3289 1425 3372 prohibuisset

299 3434 303 3443 t
361 3379 528 3454 hmanas,
555 3397 645 3462 qaam
670 3376 763 3440 cinci.
809 3375 950 3440 Catenates
978 3375 1089 3439 binde
1113 3375 1265 3440 Fabianis
1289 3377 1423 3458 artibus,

361 3488 450 3550 quum
461 3464 613 3529 debellare
621 3470 757 3545 possent,
768 3459 875 3524 bellum
885 3462 1026 3526 traaisse.
1069 3461 1221 3545 Idfoedns
1230 3463 1312 3525 inter
1322 3484 1425 3527 omnes

362 3551 476 3616 nobiles
490 3552 598 3616 ictum:
621 3569 675 3611 nee
685 3548 786 3630 finem
807 3555 881 3610 ante
898 3547 971 3610 belii
983 3546 1151 3623 babituros,
1167 3568 1259 3631 qrtam
1273 3551 1424 3613 mrasrrlem

362 3660 432 3705 vere
438 3636 601 3724 plebeiam,
614 3635 650 3699 id
657 3643 712 3712 est,
724 3631 902 3696 ”bominem
914 3653 1030 3710 ewam,
1034 3633 1196 3720 fecissent.
1207 3654 1278 3696 nan
1287 3634 1426 3717 plebeios
1508 3639 1509 3659 ³

758 3771 774 3800 ²
783 3769 853 3816 nam
864 3769 940 3817 Gran.
951 3769 1020 3817 crea.

393 3888 426 3937 68
443 3886 506 3936 eam
525 3889 623 3949 qaam
648 3883 753 3932 mana
779 3883 877 3944 legioni·
907 3887 1006 3934 heberet
1041 3881 1163 3947 mtjomm
1195 3884 1325 3946 imagines,
1351 3885 1424 3952 eujus

362 3952 555 4015 tulpiacense
571 3951 694 3998 monac
705 3962 752 3996 vox
763 3947 875 3996 raditum.
907 3946 1012 4012 majores
1022 3961 1149 4010 nunquam
1165 3949 1276 3996 amulam
1294 3952 1425 4013 magnoru-

363 4017 421 4065 Pur.
430 4017 507 4064 codex
522 4016 596 4062 habet
611 4029 666 4061 cam
683 4018 783 4074 quatuor
800 4013 877 4059 mua
908 4021 963 4060 tum
979 4014 1118 4074 guinem.
1151 4013 1211 4060 lade
1222 4015 1289 4060 enim
1300 4018 1367 4075 spuet
1376 4016 1425 4063 lto-

361 4080 496 4142 legionibus.
523 4077 680 4138 suspicamur
700 4076 727 4125 ei
746 4077 824 4124 millia
844 4079 876 4124 ab
907 4091 993 4124 manos
1012 4078 1132 4124 nobilitas.
1166 4071 1232 4124 iiiuc
1252 4091 1312 4125 mcx
1330 4083 1425 4128 mentio

362 4145 518 4206 imprudente
544 4142 641 4188 librario
665 4143 778 4189 additum
805 4155 874 4188 esser
908 4143 935 4188 tt
952 4141 1101 4202 plebeiorum
1121 4143 1250 4200 nobilium,
1266 4143 1290 4189 id
1313 4151 1362 4204 est,
1381 4146 1424 4192 ho-

363 4210 419 4256 inde
427 4209 533 4268 aliquem
541 4206 671 4254 correxisse
678 4207 789 4262 mitam,
798 4219 876 4268 quum
907 4206 1004 4253 minum
1024 4218 1057 4252 ex
1076 4207 1176 4252 familiis
1191 4207 1301 4266 plebeiis,
1317 4223 1424 4270 quorum

362 4273 550 4336 potiuaeradere
557 4271 685 4318 debuisset.
908 4267 1300 4333 majorummliseuaaederant.

395 4339 428 4388 69
443 4337 570 4385 liminare
589 4336 685 4399 mam]
720 4335 768 4390 Qui
797 4334 877 4382 nullas
