3060 4960
422 149 655 213 mnrxxrx.
685 148 789 210 cnr.
810 147 896 210 xx1.
1130 125 1188 210 eu

132 331 167 394 ut
181 339 246 384 mun
260 321 299 384 de
312 317 476 402 prouincia
493 318 635 384 tenues
638 314 794 400 juberent.
840 311 877 379 Si
885 315 933 379 P.
948 311 1053 396 Scipio
1064 312 1137 397 jau
1159 316 1231 379 inu,
1243 333 1271 379 c.
1281 330 1338 381 tta.

132 407 274 493 Africam
288 405 465 490 trajecisset,
479 403 598 468 tribuni
610 401 710 486 plebis
726 410 817 486 utque
830 402 932 466 ceditis
944 419 1008 463 eum
1024 400 1137 465 duobus
1150 403 1194 466 le·
1201 399 1233 448 A.
1244 399 1272 444 ⁰·
1281 395 1348 447 Μ’*

129 495 227 578 gatis,
239 493 452 577 pmmanr'me
459 489 893 573 pretoridoeeoscensuisset,
905 489 939 550 in
949 485 1195 572 Afrionmpsufi-

131 583 336 644 ciseermtur:
357 577 476 643 tribuni
488 586 581 662 mqsse
598 577 711 654 edilis,
724 576 779 659 qni
798 575 975 638 reducerent
989 574 1062 636 inde
1075 573 1194 656 septo-

131 687 219 730 nem:
241 665 349 750 legati,
360 666 415 748 qui
424 664 572 730 enereitui
578 671 756 746 preessent,
768 662 863 724 donec
872 681 965 724 uourss
975 660 1144 742 imperator
1152 661 1198 724 ad

128 773 201 820 etun
222 751 385 816 enercitum
404 752 538 816 recuset.
581 750 638 814 Sin
653 748 703 812 Μ.
719 747 907 829 Pomponius
928 755 958 808 et
979 747 1077 809 mrem
1098 748 1197 830 legati

133 835 564 924 coruperissentmequejusnc,
575 855 671 920 neque
680 836 837 900 uoluntate
845 834 888 897 P.
897 833 1053 915 scipionis
1062 853 1099 895 eo
1097 833 1196 917 fectu

132 947 209 1006 esse,
223 933 258 988 ut
267 925 311 988 ud
324 924 485 988 euerritum
498 923 603 1005 Scipio
616 927 762 997 manuel,
778 919 953 1002 bellumque,
966 927 1002 982 ut
1016 920 1194 1003 propontis·

133 1021 191 1088 set,
201 1019 332 1096 gereret.
377 1007 454 1074 Hoc
466 1007 551 1074 iucto
565 1005 847 1085 senatusconsulto,
858 1025 932 1069 cum
944 1005 1080 1069 tribunis
1093 1004 1290 1090 plebisscgm
1300 1022 1351 1070 uo-

134 1109 242 1162 ectum
257 1107 314 1174 est,
330 1095 356 1136 ¹⁰
365 1108 401 1160 ut
412 1105 636 1180 comparerent
649 1094 732 1158 inter
746 1115 789 1167 se,
803 1103 858 1158 sut
874 1103 959 1156 sorte
973 1089 1125 1178 legerent,
1140 1093 1256 1178 quiem·
1265 1087 1323 1134 Νὴ·

135 1182 203 1248 duo
217 1203 290 1247 cum
304 1195 442 1268 proetore
462 1204 500 1246 ac
520 1179 532 1244 l
573 1181 631 1245 ntis
645 1179 737 1244 irent.
780 1178 806 1220 ²¹
816 1178 869 1244 Ad
884 1176 1051 1265 collegium
1067 1155 1298 1262 pontifi-'mm'

134 1291 211 1334 cum
225 1268 359 1334 celatum
373 1267 414 1332 de
435 1289 475 1332 ex
498 1266 549 1332 iun
574 1268 610 1344 is,
625 1287 699 1353 quae
715 1265 828 1330 Locns
840 1265 874 1328 in
897 1263 1017 1349 templo
1033 1263 1196 1352 Proserpi·

136 1377 190 1420 nae
205 1357 298 1433 tacte,
314 1355 437 1432 dolata,
453 1289 596 1441 eidtaque
609 1353 683 1417 inde
696 1357 814 1416 esseut..
853 1350 993 1416 Tribuni
1031 1345 1108 1416 lebis'
1122 1373 1196 1418 cum

136 1454 277 1526 prsetoce
290 1441 444 1506 etdecem
466 1440 575 1529 legetis
592 1437 725 1526 profecti
741 1437 791 1503 M.
808 1437 960 1503 Claudias
1037 1437 1151 1503 rcellus
1165 1451 1198 1504 et

138 1527 191 1594 M.
208 1527 337 1592 Cincius
352 1525 546 1592 Alimentus:
569 1526 607 1590 iis
627 1525 728 1590 aedilis
748 1525 849 1611 plebis
863 1524 966 1604 datus,
981 1545 1086 1624 quem,
1102 1525 1198 1590 siant

135 1615 172 1678 in
190 1614 299 1680 Sicilia
313 1613 442 1700 praetori
461 1613 549 1679 dicto
571 1611 702 1678 audiens
725 1633 790 1676 non
812 1624 894 1676 esset
917 1611 1035 1696 Scipro,
1056 1612 1197 1697 estjam

136 1699 330 1766 in.Airicem
353 1699 533 1786 trajecisset,
548 1699 574 1738 ¹²
582 1697 738 1784 prendere
759 1695 878 1763 tribuni
900 1698 1055 1775 uberent,
1071 1721 1109 1764 ac
1125 1701 1199 1785 jure

136 1801 345 1854 sacrosancte
359 1786 523 1872 potestatis
539 1787 737 1852 reducerent.
782 1784 877 1850 Prius
961 1784 1084 1864 rorice,
1100 1787 1197 1872 quam

136 1873 333 1950 Messanam,
349 1873 513 1938 cunsilium
527 1885 606 1938 erat.
645 1901 648 1908 ’
1010 1891 1022 1928 l

183 1960 284 2025 XXI.
294 1989 297 1996 ’
307 1960 459 2025 Ceterum
474 1959 594 2045 duplex
607 1957 691 2023 funus
705 1971 760 2035 est,
777 1959 860 2044 quod
875 1957 916 2022 sd
934 1955 1126 2023 Pleminium
1141 1959 1199 2024 ud-

136 2047 230 2112 tinet.
253 2047 317 2124 alii,
332 2046 462 2124 auditis,
475 2067 548 2133 quae
565 2046 678 2110 Rome
692 2060 762 2110 acta
779 2058 890 2123 essent,
906 2045 939 2108 in
954 2043 1098 2112 exsilium
1116 2041 1200 2111 Neu·

137 2133 239 2219 polim
256 2145 382 2198 euntem
395 2131 478 2198 forte
496 2133 529 2196 in
545 2131 589 2210 Q.
606 2130 785 2208 Metellum,
801 2153 899 2196 unum
919 2135 967 2196 ex'
984 2129 1106 2232 legatis,
1121 2133 1200 2198 inci-

137 2219 234 2296 disse,
250 2235 282 2284 et
296 2219 336 2284 ab
351 2241 389 2283 eo
405 2218 612 2306 Rhegiumvi
630 2231 801 2284 retractum
823 2219 971 2282 tradunt:
993 2218 1059 2296 alsi,
1074 2218 1115 2282 ab
1130 2219 1201 2306 ipso

139 2305 292 2390 Scipione
314 2305 458 2391 legatum·
476 2327 549 2370 cnm
575 2305 706 2392 triginta
730 2304 934 2369 nobilissimis
955 2306 1100 2391 equitum
1125 2305 1200 2370 mis·
1227 2367 1230 2376 ,

138 2397 224 2473 suns,
243 2392 297 2480 qui
320 2391 364 2468 Q.
381 2391 569 2457 Pleminium
595 2392 629 2458 in
655 2404 790 2468 catenus,
813 2405 845 2456 et
873 2412 946 2456 cum
971 2413 1011 2456 eo
1038 2393 1200 2461 seditionis
1208 2411 1342 2460 stemnius

139 2479 310 2568 princrpes‚
336 2479 538 2564 conjicerent.
583 2478 753 2555 licernes,
776 2501 832 2543 seu
853 2491 927 2542 ante
948 2479 1118 2565 Scipionis,
1145 2475 1350 2604 semme

138 2580 208 2629 tum
225 2565 369 2665 praetoris
377 2567 478 2652 jussu,
495 2565 603 2630 traditi
616 2564 651 2628 in
669 2565 846 2630 custodiam
863 2564 916 2630 Rh
958 2565 1028 2630 inis.
1074 2566 1201 2632 Proetor

137 2651 297 2740 legensque
308 2651 429 2716 Locros
444 2651 577 2737 profecti
590 2651 738 2736 primam,
750 2652 843 2716 sicuti
857 2587 1044 2718 maddatum
1059 2668 1138 2730 erat,
1149 2677 1192 2718 re

138 2737 267 2825 ligionis
292 2760 402 2802 curam
429 2737 578 2803 habuere.
599 2759 728 2804 omnem
753 2741 838 2802 enim
868 2761 989 2804 sacrem
1019 2741 1363 2828 pecuniamsmpoeu.

138 2847 276 2925 qumque
293 2824 378 2909 apud
400 2823 601 2926 Pleminium,
617 2847 752 2924 quaeque
776 2824 861 2911 apud
883 2825 998 2889 milites
1023 2841 1102 2907 erat,
1123 2831 1351 2894 cons-nisime·

139 2925 298 2996 qnnrtem‚
314 2933 387 2974 cnm
407 2933 444 2974 ea
459 2931 554 2996 qnam
574 2933 635 3000 spes
657 2933 764 2976 secum
785 2911 972 2988 adtulerunt,
985 2913 1022 3002 in
1045 2911 1200 2980 thesauris
1208 2897 1357 3012 eumpro-

139 3010 360 3081 reposuerunt,
376 3019 413 3061 ac
431 2996 590 3082 pisculere
612 3019 736 3062 sacrum
754 2997 906 3063 iecerunt.
921 3011 995 3063 tum
1010 3015 1138 3066 vocatos
1158 3002 1200 3067 ad
1209 3029 1314 3088 ponitur.

139 3083 327 3149 concionem
342 3083 457 3148 milites
470 3097 589 3170 proetor
610 3085 702 3172 signe
723 3097 815 3150 extra
835 3085 947 3150 urbem
969 3085 1081 3151 efferre
1096 3089 1200 3174 jubet,
1251 3107 1253 3112 ·

139 3175 309 3258 oss'treqne
329 3171 362 3234 in
383 3191 497 3254 campo
517 3170 611 3248 locat,
633 3193 706 3236 cum
728 3171 818 3258 gravi
839 3171 953 3248 edicto,
968 3175 1005 3238 Si
1026 3176 1095 3257 quis
1116 3179 1202 3240 miles
1257 3237 1260 3252 ζ

128 3267 202 3322 ‹unt-
211 3260 247 3321 iu
261 3258 335 3321 urle
347 3258 519 3333 restitisset,
535 3268 590 3322 out
610 3279 705 3322 secum
725 3261 889 3333 sustulisset,
905 3257 1021 3342 13quod
1034 3281 1117 3324 suum
1140 3283 1201 3325 nou

139 3354 229 3414 esset.
272 3343 474 3410 Locrensibus
488 3365 521 3407 se
534 3347 782 3426 pessumierunt,
799 3343 913 3428 ¹⁴qood
924 3345 974 3409 eui
993 3347 1119 3430 quisque
1132 3369 1202 3432 cog·

140 3441 251 3510 nocem
260 3431 474 3516 pmleuderet.
489 3429 632 3516 1⁵st’qm‘sl
644 3453 704 3496 non
719 3437 916 3516 seruporeret,
927 3441 1086 3516 repeteret.
1120 3434 1204 3500 Ante

152 3641 155 3646 ’
176 3635 208 3682 10
227 3633 261 3682 Ut
282 3639 444 3696 'conponerent
469 3636 531 3684 teser
556 3651 590 3696 se,
615 3645 656 3686 eut
687 3637 1105 3702 munidenennnondecerntmun
1160 3675 1163 3688 .

141 3703 204 3746 sorte
220 3697 332 3762 legerent]
351 3700 433 3748 Primo
451 3703 601 3749 restituimus
618 3711 655 3760 ut,
712 3705 752 3755 ‘12
769 3706 898 3770 Prendere]
926 3707 965 3754 Sic
991 3708 1082 3754 hebent
1103 3708 1202 3768 seriptis

141 3765 380 3824 quodcbuheneno
394 3771 486 3812 temere
496 3773 619 3816 mutatum
629 3769 656 3814 in
687 3771 713 3815 et
734 3772 760 3818 in
783 3774 828 3819 hac
851 3787 876 3819 re
894 3773 1019 3834 proprium
1037 3779 1074 3818 est
1092 3775 1204 3822 verbum.

141 3833 186 3874 uest
200 3829 284 3889 scripti
300 3835 406 3880 tuentur.
440 3829 550 3878 Secundo
566 3834 660 3880 codices
691 3835 969 3898 Vulgoeomprelseudere.

142 3893 196 3941 fere
212 3907 297 3940 omnes
314 3895 405 3940 trabem
421 3899 555 3942 tantmnut
570 3911 659 3957 cormpo-
725 3899 756 3948 13
774 3899 840 3956 Quod
856 3915 925 3948 sunm
942 3916 988 3948 nors
1004 3901 1072 3965 essm]
1097 3902 1159 3951 Haee
1178 3906 1204 3951 in

142 3963 234 4015 metet,
250 3959 351 4018 reliquis
365 3959 473 4006 omisstsc
491 3961 565 4020 idque
579 3962 659 4020 place·
691 3964 743 4010 solo
754 3964 820 4011 Vlct.
834 3967 916 4013 codiee
931 3968 1145 4028 reperimusque
1164 3969 1205 4016 Li-

140 4035 172 4069 τε
190 4024 277 4082 possit,
298 4022 319 4068 si
341 4035 473 4082 mmpurere
494 4025 529 4071 sic
550 4026 659 4073 absolute
691 4027 917 4077 vlaneternenesse
933 4033 1139 4079 nondubitamus.

142 4089 204 4148 poni
213 4089 328 4148 probetur
340 4089 426 4136 eodem
442 4101 524 4143 sensu,
536 4103 585 4150 quo
600 4103 660 4136 mm·
725 4092 757 4138 14
774 4091 841 4148 Quod
855 4094 892 4140 rui
910 4096 1004 4156 quisque
1019 4097 1147 4164 mosset]
1165 4099 1204 4146 Sic

137 4153 229 4213 perere
249 4153 311 4199 iuter
332 4166 362 4198 se.
396 4152 451 4200 Hoc
469 4153 568 4214 quidem
586 4155 658 4216 longe
690 4156 771 4217 regius
790 4162 815 4202 et
832 4159 918 4216 optimi
937 4161 1026 4221 quique
1040 4163 1110 4210 codd.
1145 4164 1205 4211 Vul-

143 4217 314 4264 usitntiuscst.
409 4253 410 4256 ,
691 4225 737 4282 gos
755 4225 904 4280 cognouere.
1170 4271 1171 4276 ,

178 4280 206 4327 ll
225 4281 265 4327 Au
275 4283 395 4344 τοῑὶιςίιιω
404 4284 552 4346 pontificum]
571 4284 659 4344 Scripsi
724 4284 755 4331 1⁵
772 4285 874 4344 Siquid
892 4301 938 4333 stou
956 4295 1103 4350 eorupereret,
1120 4299 1206 4354 repete.

141 4344 175 4392 ad
193 4347 330 4394 cusentum:
355 4350 419 4408 quod
441 4355 520 4396 utrum
539 4361 583 4408 pro
602 4363 659 4396 vero
691 4349 739 4412 ret]
754 4349 849 4403 Ultimo
860 4353 933 4400 verbo
950 4360 1032 4401 curent
1051 4356 1158 4418 plerique
1177 4359 1206 4404 li-
1286 4353 1291 4360 '
