<?xml version="1.0" encoding="UTF-8"?>
<!DOCTYPE html PUBLIC "-//W3C//DTD XHTML 1.0 Transitional//EN"
    "http://www.w3.org/TR/xhtml1/DTD/xhtml1-transitional.dtd">
<html xmlns="http://www.w3.org/1999/xhtml" xml:lang="en" lang="en">
 <head>
  <title>
</title>
<meta http-equiv="Content-Type" content="text/html;charset=utf-8" />
  <meta name='ocr-system' content='tesseract 3.04.00' />
  <meta name='ocr-capabilities' content='ocr_page ocr_carea ocr_par ocr_line ocrx_word'/>
</head>
<body>
  <div class='ocr_page' id='page_1' title='image "./tliviipatavinih00crevgoog/tliviipatavinih00crevgoog_0045.png"; bbox 0 0 3064 4976; ppageno 0'>
   <div class='ocr_carea' id='block_1_1' title="bbox 328 251 995 344">
    <p class='ocr_par' dir='ltr' id='par_1_1' title="bbox 328 251 995 344">
     <span class='ocr_line' id='line_1_1' title="bbox 328 251 995 344; baseline 0 -32"><span class='ocrx_word' id='word_1_1' title='bbox 328 259 377 320; x_wconf 69' lang='lat' dir='ltr'><strong>as,</strong></span> <span class='ocrx_word' id='word_1_2' title='bbox 715 251 828 313; x_wconf 83' lang='lat' dir='ltr'><strong>rrrr</strong></span> <span class='ocrx_word' id='word_1_3' title='bbox 860 251 995 344; x_wconf 73' lang='grc' dir='ltr'><strong>ΙιΙ-νιι</strong></span> 
     </span>
    </p>
   </div>
   <div class='ocr_carea' id='block_1_2' title="bbox 167 413 1431 2490">
    <p class='ocr_par' dir='ltr' id='par_1_2' title="bbox 167 413 1403 1883">
     <span class='ocr_line' id='line_1_2' title="bbox 168 413 1392 504; baseline 0.006 -31"><span class='ocrx_word' id='word_1_4' title='bbox 168 427 197 473; x_wconf 81' lang='grc' dir='ltr'><strong>υ.</strong></span> <span class='ocrx_word' id='word_1_5' title='bbox 209 427 237 476; x_wconf 89' lang='lat' dir='ltr'><strong>c.</strong></span> <span class='ocrx_word' id='word_1_6' title='bbox 243 427 304 476; x_wconf 42' lang='lat' dir='ltr'><strong>rest.</strong></span> <span class='ocrx_word' id='word_1_7' title='bbox 327 414 438 494; x_wconf 87' lang='lat' dir='ltr'><strong>factus,</strong></span> <span class='ocrx_word' id='word_1_8' title='bbox 452 415 480 456; x_wconf 78' lang='lat'><strong>³²</strong></span> <span class='ocrx_word' id='word_1_9' title='bbox 489 413 574 504; x_wconf 83' lang='lat' dir='ltr'><strong>quoti</strong></span> <span class='ocrx_word' id='word_1_10' title='bbox 587 438 623 480; x_wconf 90' lang='lat' dir='ltr'><strong>ea</strong></span> <span class='ocrx_word' id='word_1_11' title='bbox 634 429 758 482; x_wconf 86' lang='lat' dir='ltr'><strong>senatus</strong></span> <span class='ocrx_word' id='word_1_12' title='bbox 772 417 1017 502; x_wconf 80' lang='lat' dir='ltr'><strong>principumque</strong></span> <span class='ocrx_word' id='word_1_13' title='bbox 1028 416 1181 482; x_wconf 86' lang='lat' dir='ltr'><strong>sententia</strong></span> <span class='ocrx_word' id='word_1_14' title='bbox 1193 413 1318 493; x_wconf 57' lang='lat' dir='ltr'><strong>fueram,</strong></span> <span class='ocrx_word' id='word_1_15' title='bbox 1331 415 1392 479; x_wconf 82' lang='lat' dir='ltr'><strong>im-</strong></span> 
     </span>
     <span class='ocr_line' id='line_1_3' title="bbox 167 493 1392 590; baseline 0 -24"><span class='ocrx_word' id='word_1_16' title='bbox 167 493 453 588; x_wconf 46' lang='lat' dir='ltr'><strong>buciliensium</strong></span> <span class='ocrx_word' id='word_1_17' title='bbox 471 503 583 590; x_wconf 89' lang='lat' dir='ltr'><strong>majori</strong></span> <span class='ocrx_word' id='word_1_18' title='bbox 606 502 749 569; x_wconf 77' lang='lat' dir='ltr'><strong>restituit.</strong></span> <span class='ocrx_word' id='word_1_19' title='bbox 772 504 816 568; x_wconf 94' lang='lat' dir='ltr'><strong>ob</strong></span> <span class='ocrx_word' id='word_1_20' title='bbox 838 500 871 567; x_wconf 91' lang='lat' dir='ltr'><strong>id</strong></span> <span class='ocrx_word' id='word_1_21' title='bbox 894 503 1042 567; x_wconf 88' lang='lat' dir='ltr'><strong>meritum</strong></span> <span class='ocrx_word' id='word_1_22' title='bbox 1055 501 1269 569; x_wconf 68' lang='lat' dir='ltr'><strong>3³commeatu</strong></span> <span class='ocrx_word' id='word_1_23' title='bbox 1284 499 1392 585; x_wconf 86' lang='lat' dir='ltr'><strong>eopia·</strong></span> 
     </span>
     <span class='ocr_line' id='line_1_4' title="bbox 352 589 1392 675; baseline -0.004 -21"><span class='ocrx_word' id='word_1_24' title='bbox 352 611 391 654; x_wconf 89' lang='lat' dir='ltr'><strong>ue</strong></span> <span class='ocrx_word' id='word_1_25' title='bbox 412 611 519 654; x_wconf 91' lang='lat' dir='ltr'><strong>rerum</strong></span> <span class='ocrx_word' id='word_1_26' title='bbox 542 591 696 668; x_wconf 89' lang='lat' dir='ltr'><strong>omnium,</strong></span> <span class='ocrx_word' id='word_1_27' title='bbox 711 590 867 654; x_wconf 79' lang='lat' dir='ltr'><strong>maxime&#39;</strong></span> <span class='ocrx_word' id='word_1_28' title='bbox 879 591 980 666; x_wconf 85' lang='lat' dir='ltr'><strong>vestis,</strong></span> <span class='ocrx_word' id='word_1_29' title='bbox 996 600 1043 653; x_wconf 92' lang='lat' dir='ltr'><strong>est</strong></span> <span class='ocrx_word' id='word_1_30' title='bbox 1056 589 1195 675; x_wconf 85' lang='lat' dir='ltr'><strong>adjutus,</strong></span> <span class='ocrx_word' id='word_1_31' title='bbox 1211 605 1329 675; x_wconf 66' lang='lat' dir='ltr'><strong>quamff</strong></span> <span class='ocrx_word' id='word_1_32' title='bbox 1342 589 1392 651; x_wconf 90' lang='lat' dir='ltr'><strong>in·</strong></span> 
     </span>
     <span class='ocr_line' id='line_1_5' title="bbox 328 611 1392 764; baseline -0.002 -26"><span class='ocrx_word' id='word_1_33' title='bbox 328 611 427 750; x_wconf 57' lang='lat' dir='ltr'><strong>pauses</strong></span> <span class='ocrx_word' id='word_1_34' title='bbox 448 674 619 764; x_wconf 71' lang='lat' dir='ltr'>frigoribus</span> <span class='ocrx_word' id='word_1_35' title='bbox 634 676 733 760; x_wconf 80' lang='lat' dir='ltr'>Alpes</span> <span class='ocrx_word' id='word_1_36' title='bbox 758 675 954 761; x_wconf 78' lang='lat' dir='ltr'><strong>praeparari¹¹</strong></span> <span class='ocrx_word' id='word_1_37' title='bbox 968 674 1135 764; x_wconf 78' lang='lat' dir='ltr'><strong>cogebant.</strong></span> <span class='ocrx_word' id='word_1_38' title='bbox 1180 675 1304 742; x_wconf 83' lang='lat' dir='ltr'><strong>Sedatis</strong></span> <span class='ocrx_word' id='word_1_39' title='bbox 1323 696 1392 738; x_wconf 82' lang='lat' dir='ltr'><strong>cer-</strong></span> 
     </span>
     <span class='ocr_line' id='line_1_6' title="bbox 329 761 1394 849; baseline -0.002 -23"><span class='ocrx_word' id='word_1_40' title='bbox 329 761 500 828; x_wconf 86' lang='lat' dir='ltr'><strong>taminibus</strong></span> <span class='ocrx_word' id='word_1_41' title='bbox 515 761 736 849; x_wconf 88' lang='lat' dir='ltr'><strong>Allobrogum,</strong></span> <span class='ocrx_word' id='word_1_42' title='bbox 753 783 851 847; x_wconf 92' lang='lat' dir='ltr'><strong>quum</strong></span> <span class='ocrx_word' id='word_1_43' title='bbox 873 762 936 825; x_wconf 89' lang='lat' dir='ltr'><strong>&#39;am</strong></span> <span class='ocrx_word' id='word_1_44' title='bbox 952 762 1050 846; x_wconf 80' lang='lat' dir='ltr'>Alpes</span> <span class='ocrx_word' id='word_1_45' title='bbox 1072 774 1201 844; x_wconf 87' lang='lat' dir='ltr'><strong>peteret,</strong></span> <span class='ocrx_word' id='word_1_46' title='bbox 1219 784 1283 826; x_wconf 92' lang='lat' dir='ltr'><strong>non</strong></span> <span class='ocrx_word' id='word_1_47' title='bbox 1305 771 1394 825; x_wconf 89' lang='lat' dir='ltr'><strong>recta</strong></span> 
     </span>
     <span class='ocr_line' id='line_1_7' title="bbox 331 846 1391 924; baseline -0.002 -12"><span class='ocrx_word' id='word_1_48' title='bbox 331 869 366 912; x_wconf 85' lang='lat' dir='ltr'><strong>re</strong></span> <span class='ocrx_word' id='word_1_49' title='bbox 390 850 461 913; x_wconf 89' lang='lat' dir='ltr'><strong>ione</strong></span> <span class='ocrx_word' id='word_1_50' title='bbox 474 849 535 914; x_wconf 93' lang='lat' dir='ltr'><strong>iter</strong></span> <span class='ocrx_word' id='word_1_51' title='bbox 556 847 710 924; x_wconf 80' lang='lat' dir='ltr'><strong>instituit3</strong></span> <span class='ocrx_word' id='word_1_52' title='bbox 733 847 786 912; x_wconf 88' lang='lat' dir='ltr'><strong>sed</strong></span> <span class='ocrx_word' id='word_1_53' title='bbox 801 847 827 887; x_wconf 77' lang='lat'><strong>³⁴</strong></span> <span class='ocrx_word' id='word_1_54' title='bbox 897 847 1009 922; x_wconf 76' lang='lat' dir='ltr'><strong>laevam</strong></span> <span class='ocrx_word' id='word_1_55' title='bbox 1025 848 1059 912; x_wconf 93' lang='lat' dir='ltr'><strong>in</strong></span> <span class='ocrx_word' id='word_1_56' title='bbox 1075 848 1271 914; x_wconf 80' lang='lat' dir='ltr'><strong>Tricastinos</strong></span> <span class='ocrx_word' id='word_1_57' title='bbox 1284 846 1391 922; x_wconf 72' lang='lat' dir='ltr'><strong>flexitr</strong></span> 
     </span>
     <span class='ocr_line' id='line_1_8' title="bbox 331 872 1403 1021; baseline -0.002 -23"><span class='ocrx_word' id='word_1_58' title='bbox 331 872 407 999; x_wconf 62' lang='lat' dir='ltr'><strong>iube</strong></span> <span class='ocrx_word' id='word_1_59' title='bbox 421 957 479 1021; x_wconf 89' lang='lat' dir='ltr'><strong>per</strong></span> <span class='ocrx_word' id='word_1_60' title='bbox 492 947 666 1000; x_wconf 85' lang='lat' dir='ltr'><strong>extremam</strong></span> <span class='ocrx_word' id='word_1_61' title='bbox 680 955 769 1000; x_wconf 86' lang='lat' dir='ltr'><strong>oram</strong></span> <span class='ocrx_word' id='word_1_62' title='bbox 786 934 1016 999; x_wconf 91' lang='lat' dir='ltr'><strong>Vocontiorum</strong></span> <span class='ocrx_word' id='word_1_63' title='bbox 1032 936 1101 1020; x_wconf 86' lang='lat' dir='ltr'><strong>agri</strong></span> <span class='ocrx_word' id='word_1_64' title='bbox 1120 934 1254 1001; x_wconf 87' lang='lat' dir='ltr'><strong>tetendit</strong></span> <span class='ocrx_word' id='word_1_65' title='bbox 1267 935 1299 997; x_wconf 91' lang='lat' dir='ltr'><strong>in</strong></span> <span class='ocrx_word' id='word_1_66' title='bbox 1316 931 1403 998; x_wconf 91' lang='lat' dir='ltr'><strong>Tri-·</strong></span> 
     </span>
     <span class='ocr_line' id='line_1_9' title="bbox 171 1019 1393 1107; baseline -0.003 -21"><span class='ocrx_word' id='word_1_67' title='bbox 171 1022 292 1098; x_wconf 68' lang='lat'><strong>⁰¹¹113¹¹2¹³</strong></span> <span class='ocrx_word' id='word_1_68' title='bbox 331 1021 453 1096; x_wconf 84' lang='lat' dir='ltr'><strong>corios:</strong></span> <span class='ocrx_word' id='word_1_69' title='bbox 475 1019 562 1086; x_wconf 88' lang='lat' dir='ltr'><strong>haud</strong></span> <span class='ocrx_word' id='word_1_70' title='bbox 586 1042 718 1106; x_wconf 81' lang='lat' dir='ltr'><strong>usquam</strong></span> <span class='ocrx_word' id='word_1_71' title='bbox 741 1020 884 1104; x_wconf 86' lang='lat' dir='ltr'><strong>inpedita</strong></span> <span class='ocrx_word' id='word_1_72' title='bbox 908 1019 968 1097; x_wconf 89' lang='lat' dir='ltr'><strong>via,</strong></span> <span class='ocrx_word' id='word_1_73' title='bbox 988 1022 1170 1107; x_wconf 83' lang='lat' dir='ltr'><strong>priusquam</strong></span> <span class='ocrx_word' id='word_1_74' title='bbox 1197 1023 1239 1086; x_wconf 85' lang='lat' dir='ltr'><strong>ad</strong></span> <span class='ocrx_word' id='word_1_75' title='bbox 1262 1021 1393 1086; x_wconf 90' lang='lat' dir='ltr'><strong>Druen-</strong></span> 
     </span>
     <span class='ocr_line' id='line_1_10' title="bbox 169 1100 1392 1194; baseline -0.002 -23"><span class='ocrx_word' id='word_1_76' title='bbox 169 1100 257 1134; x_wconf 55' lang='grc' dir='ltr'><strong>Μ’</strong></span> <span class='ocrx_word' id='word_1_77' title='bbox 332 1108 409 1172; x_wconf 86' lang='lat' dir='ltr'><strong>tiam</strong></span> <span class='ocrx_word' id='word_1_78' title='bbox 423 1107 542 1171; x_wconf 88' lang='lat' dir='ltr'><strong>flumen</strong></span> <span class='ocrx_word' id='word_1_79' title='bbox 557 1107 709 1192; x_wconf 89' lang='lat' dir='ltr'><strong>pervenit.</strong></span> <span class='ocrx_word' id='word_1_80' title='bbox 756 1105 787 1170; x_wconf 83' lang='lat' dir='ltr'><strong>Ia</strong></span> <span class='ocrx_word' id='word_1_81' title='bbox 809 1118 841 1172; x_wconf 91' lang='lat' dir='ltr'><strong>et</strong></span> <span class='ocrx_word' id='word_1_82' title='bbox 859 1107 926 1192; x_wconf 91' lang='lat' dir='ltr'><strong>ipse</strong></span> <span class='ocrx_word' id='word_1_83' title='bbox 941 1106 1076 1190; x_wconf 88' lang='lat' dir='ltr'><strong>Alpinus</strong></span> <span class='ocrx_word' id='word_1_84' title='bbox 1090 1108 1191 1172; x_wconf 86' lang='lat' dir='ltr'><strong>amnis</strong></span> <span class='ocrx_word' id='word_1_85' title='bbox 1212 1105 1392 1194; x_wconf 83' lang='lat' dir='ltr'><strong>longeom·</strong></span> 
     </span>
     <span class='ocr_line' id='line_1_11' title="bbox 331 1191 1392 1278; baseline -0.002 -20"><span class='ocrx_word' id='word_1_86' title='bbox 331 1194 421 1258; x_wconf 91' lang='lat' dir='ltr'><strong>nium</strong></span> <span class='ocrx_word' id='word_1_87' title='bbox 436 1192 553 1259; x_wconf 86' lang='lat' dir='ltr'><strong>Galliae</strong></span> <span class='ocrx_word' id='word_1_88' title='bbox 567 1192 733 1257; x_wconf 91' lang='lat' dir='ltr'><strong>fluminum</strong></span> <span class='ocrx_word' id='word_1_89' title='bbox 748 1191 952 1258; x_wconf 89' lang='lat' dir='ltr'><strong>difficillimus</strong></span> <span class='ocrx_word' id='word_1_90' title='bbox 969 1194 1100 1258; x_wconf 91' lang='lat' dir='ltr'><strong>transitu</strong></span> <span class='ocrx_word' id='word_1_91' title='bbox 1115 1205 1171 1258; x_wconf 88' lang='lat' dir='ltr'><strong>est.</strong></span> <span class='ocrx_word' id='word_1_92' title='bbox 1190 1215 1274 1270; x_wconf 84' lang='lat' dir='ltr'><strong>nam,</strong></span> <span class='ocrx_word' id='word_1_93' title='bbox 1291 1213 1392 1278; x_wconf 85' lang='lat' dir='ltr'><strong>quum</strong></span> 
     </span>
     <span class='ocr_line' id='line_1_12' title="bbox 331 1278 1392 1368; baseline -0.003 -23"><span class='ocrx_word' id='word_1_94' title='bbox 331 1302 423 1368; x_wconf 80' lang='lat' dir='ltr'><strong>aquae</strong></span> <span class='ocrx_word' id='word_1_95' title='bbox 438 1280 501 1343; x_wconf 86' lang='lat' dir='ltr'><strong>vim</strong></span> <span class='ocrx_word' id='word_1_96' title='bbox 522 1278 615 1344; x_wconf 86' lang='lat' dir='ltr'><strong>vebat</strong></span> <span class='ocrx_word' id='word_1_97' title='bbox 636 1279 809 1366; x_wconf 86' lang='lat' dir='ltr'><strong>ingentem,</strong></span> <span class='ocrx_word' id='word_1_98' title='bbox 827 1300 889 1343; x_wconf 92' lang='lat' dir='ltr'><strong>non</strong></span> <span class='ocrx_word' id='word_1_99' title='bbox 912 1292 1016 1342; x_wconf 83' lang='lat' dir='ltr'><strong>tamen</strong></span> <span class='ocrx_word' id='word_1_100' title='bbox 1039 1281 1166 1343; x_wconf 90' lang='lat' dir='ltr'><strong>navium</strong></span> <span class='ocrx_word' id='word_1_101' title='bbox 1190 1281 1312 1364; x_wconf 87' lang='lat' dir='ltr'><strong>patiens</strong></span> <span class='ocrx_word' id='word_1_102' title='bbox 1326 1291 1392 1343; x_wconf 86' lang='lat' dir='ltr'><strong>est:</strong></span> 
     </span>
     <span class='ocr_line' id='line_1_13' title="bbox 331 1364 1400 1454; baseline -0.008 -22"><span class='ocrx_word' id='word_1_103' title='bbox 331 1368 407 1454; x_wconf 89' lang='lat' dir='ltr'><strong>quia</strong></span> <span class='ocrx_word' id='word_1_104' title='bbox 420 1366 515 1433; x_wconf 89' lang='lat' dir='ltr'><strong>nullis</strong></span> <span class='ocrx_word' id='word_1_105' title='bbox 530 1365 684 1430; x_wconf 87' lang='lat' dir='ltr'><strong>coercitus</strong></span> <span class='ocrx_word' id='word_1_106' title='bbox 706 1364 791 1450; x_wconf 85' lang='lat' dir='ltr'><strong>ripis,</strong></span> <span class='ocrx_word' id='word_1_107' title='bbox 807 1365 951 1452; x_wconf 90' lang='lat' dir='ltr'><strong>pluribus</strong></span> <span class='ocrx_word' id='word_1_108' title='bbox 974 1365 1078 1440; x_wconf 88' lang='lat' dir='ltr'><strong>simul,</strong></span> <span class='ocrx_word' id='word_1_109' title='bbox 1097 1387 1199 1450; x_wconf 89' lang='lat' dir='ltr'><strong>neque</strong></span> <span class='ocrx_word' id='word_1_110' title='bbox 1219 1365 1331 1430; x_wconf 84' lang='lat' dir='ltr'><strong>iisdem</strong></span> <span class='ocrx_word' id='word_1_111' title='bbox 1346 1364 1400 1428; x_wconf 49' lang='lat' dir='ltr'><strong>al«</strong></span> 
     </span>
     <span class='ocr_line' id='line_1_14' title="bbox 331 1451 1392 1538; baseline -0.002 -23"><span class='ocrx_word' id='word_1_112' title='bbox 331 1453 394 1518; x_wconf 89' lang='lat' dir='ltr'><strong>veis</strong></span> <span class='ocrx_word' id='word_1_113' title='bbox 411 1453 522 1530; x_wconf 87' lang='lat' dir='ltr'><strong>fluens,</strong></span> <span class='ocrx_word' id='word_1_114' title='bbox 537 1451 653 1517; x_wconf 75' lang='lat' dir='ltr'><strong>³⁵nova</strong></span> <span class='ocrx_word' id='word_1_115' title='bbox 674 1473 797 1537; x_wconf 89' lang='lat' dir='ltr'><strong>semper</strong></span> <span class='ocrx_word' id='word_1_116' title='bbox 820 1452 900 1516; x_wconf 86' lang='lat' dir='ltr'><strong>vada</strong></span> <span class='ocrx_word' id='word_1_117' title='bbox 920 1470 1081 1537; x_wconf 86' lang='lat' dir='ltr'><strong>novosque</strong></span> <span class='ocrx_word' id='word_1_118' title='bbox 1101 1473 1163 1538; x_wconf 88' lang='lat' dir='ltr'><strong>gur</strong></span> <span class='ocrx_word' id='word_1_119' title='bbox 1187 1453 1242 1518; x_wconf 89' lang='lat' dir='ltr'><strong>ites</strong></span> <span class='ocrx_word' id='word_1_120' title='bbox 1263 1451 1392 1528; x_wconf 85' lang='lat' dir='ltr'><strong>faciens,</strong></span> 
     </span>
     <span class='ocr_line' id='line_1_15' title="bbox 234 1535 1395 1623; baseline -0.003 -19"><span class='ocrx_word' id='word_1_121' title='bbox 234 1551 239 1562; x_wconf 86' lang='lat'>&#39;</span> <span class='ocrx_word' id='word_1_122' title='bbox 332 1543 377 1623; x_wconf 88' lang='lat' dir='ltr'><strong>(et</strong></span> <span class='ocrx_word' id='word_1_123' title='bbox 392 1539 433 1604; x_wconf 94' lang='lat' dir='ltr'><strong>ob</strong></span> <span class='ocrx_word' id='word_1_124' title='bbox 455 1538 565 1603; x_wconf 88' lang='lat' dir='ltr'><strong>eadem</strong></span> <span class='ocrx_word' id='word_1_125' title='bbox 587 1537 687 1623; x_wconf 86' lang='lat' dir='ltr'><strong>pediti</strong></span> <span class='ocrx_word' id='word_1_126' title='bbox 731 1560 836 1622; x_wconf 93' lang='lat' dir='ltr'><strong>uoque</strong></span> <span class='ocrx_word' id='word_1_127' title='bbox 857 1536 977 1601; x_wconf 89' lang='lat' dir='ltr'><strong>incerta</strong></span> <span class='ocrx_word' id='word_1_128' title='bbox 993 1539 1042 1600; x_wconf 89' lang='lat' dir='ltr'><strong>via</strong></span> <span class='ocrx_word' id='word_1_129' title='bbox 1057 1539 1116 1614; x_wconf 89' lang='lat' dir='ltr'><strong>est)</strong></span> <span class='ocrx_word' id='word_1_130' title='bbox 1199 1535 1395 1602; x_wconf 57' lang='lat' dir='ltr'><strong>baecwsaxa</strong></span> 
     </span>
     <span class='ocr_line' id='line_1_16' title="bbox 329 1560 1393 1712; baseline 0.001 -24"><span class='ocrx_word' id='word_1_131' title='bbox 329 1628 474 1712; x_wconf 83' lang='lat' dir='ltr'><strong>glareosa</strong></span> <span class='ocrx_word' id='word_1_132' title='bbox 495 1623 630 1700; x_wconf 90' lang='lat' dir='ltr'><strong>volvens,</strong></span> <span class='ocrx_word' id='word_1_133' title='bbox 653 1560 733 1688; x_wconf 83' lang='lat' dir='ltr'><strong>nihii</strong></span> <span class='ocrx_word' id='word_1_134' title='bbox 754 1623 866 1689; x_wconf 88' lang='lat' dir='ltr'><strong>stabile</strong></span> <span class='ocrx_word' id='word_1_135' title='bbox 888 1647 945 1688; x_wconf 87' lang='lat' dir='ltr'><strong>nee</strong></span> <span class='ocrx_word' id='word_1_136' title='bbox 967 1637 1071 1688; x_wconf 91' lang='lat' dir='ltr'><strong>tutum</strong></span> <span class='ocrx_word' id='word_1_137' title='bbox 1095 1623 1285 1712; x_wconf 86' lang='lat' dir='ltr'><strong>ingredienti</strong></span> <span class='ocrx_word' id='word_1_138' title='bbox 1308 1645 1393 1708; x_wconf 76' lang='lat' dir='ltr'><strong>pree·</strong></span> 
     </span>
     <span class='ocr_line' id='line_1_17' title="bbox 331 1709 1400 1798; baseline -0.004 -22"><span class='ocrx_word' id='word_1_139' title='bbox 331 1715 400 1788; x_wconf 83' lang='lat' dir='ltr'><strong>bet3</strong></span> <span class='ocrx_word' id='word_1_140' title='bbox 423 1725 455 1776; x_wconf 92' lang='lat' dir='ltr'><strong>et</strong></span> <span class='ocrx_word' id='word_1_141' title='bbox 468 1725 547 1788; x_wconf 89' lang='lat' dir='ltr'><strong>turn,</strong></span> <span class='ocrx_word' id='word_1_142' title='bbox 561 1711 642 1775; x_wconf 85' lang='lat' dir='ltr'><strong>forte</strong></span> <span class='ocrx_word' id='word_1_143' title='bbox 664 1711 818 1774; x_wconf 85' lang='lat' dir='ltr'><strong>imbribus</strong></span> <span class='ocrx_word' id='word_1_144' title='bbox 839 1711 1136 1798; x_wconf 60' lang='lat' dir='ltr'><strong>auctuspingentem</strong></span> <span class='ocrx_word' id='word_1_145' title='bbox 1158 1709 1400 1798; x_wconf 86' lang='lat' dir='ltr'><strong>transgredien-·</strong></span> 
     </span>
     <span class='ocr_line' id='line_1_18' title="bbox 330 1795 1393 1883; baseline 0 -21"><span class='ocrx_word' id='word_1_146' title='bbox 330 1798 414 1864; x_wconf 89' lang='lat' dir='ltr'><strong>tibus</strong></span> <span class='ocrx_word' id='word_1_147' title='bbox 436 1797 616 1868; x_wconf 88' lang='lat' dir='ltr'><strong>tumultum·</strong></span> <span class='ocrx_word' id='word_1_148' title='bbox 629 1795 712 1875; x_wconf 69' lang='lat' dir='ltr'><strong>lecit,</strong></span> <span class='ocrx_word' id='word_1_149' title='bbox 728 1819 825 1882; x_wconf 89' lang='lat' dir='ltr'><strong>quum</strong></span> <span class='ocrx_word' id='word_1_150' title='bbox 853 1817 947 1881; x_wconf 89' lang='lat' dir='ltr'><strong>super</strong></span> <span class='ocrx_word' id='word_1_151' title='bbox 968 1809 1072 1862; x_wconf 83' lang='lat' dir='ltr'><strong>cetera</strong></span> <span class='ocrx_word' id='word_1_152' title='bbox 1096 1797 1307 1882; x_wconf 84' lang='lat' dir='ltr'><strong>trepidatione</strong></span> <span class='ocrx_word' id='word_1_153' title='bbox 1329 1797 1393 1883; x_wconf 88' lang='lat' dir='ltr'><strong>ipsi</strong></span> 
     </span>
    </p>

    <p class='ocr_par' dir='ltr' id='par_1_3' title="bbox 168 1882 1431 2490">
     <span class='ocr_line' id='line_1_19' title="bbox 324 1882 1073 1970; baseline -0.004 -22"><span class='ocrx_word' id='word_1_154' title='bbox 324 1907 387 1949; x_wconf 87' lang='lat' dir='ltr'><strong>sua</strong></span> <span class='ocrx_word' id='word_1_155' title='bbox 402 1897 496 1970; x_wconf 91' lang='lat' dir='ltr'><strong>atque</strong></span> <span class='ocrx_word' id='word_1_156' title='bbox 510 1884 639 1948; x_wconf 88' lang='lat' dir='ltr'><strong>incertis</strong></span> <span class='ocrx_word' id='word_1_157' title='bbox 653 1882 844 1949; x_wconf 84' lang='lat' dir='ltr'><strong>clamoribus</strong></span> <span class='ocrx_word' id='word_1_158' title='bbox 859 1883 1073 1947; x_wconf 87' lang='lat' dir='ltr'><strong>turbarentur.</strong></span> 
     </span>
     <span class='ocr_line' id='line_1_20' title="bbox 169 1968 1392 2056; baseline 0.002 -26"><span class='ocrx_word' id='word_1_159' title='bbox 169 1983 297 2031; x_wconf 76' lang='lat' dir='ltr'><strong>nonme·</strong></span> <span class='ocrx_word' id='word_1_160' title='bbox 375 1969 531 2036; x_wconf 84' lang='lat' dir='ltr'><strong>XXXII.</strong></span> <span class='ocrx_word' id='word_1_161' title='bbox 560 1970 597 2034; x_wconf 91' lang='lat' dir='ltr'><strong>P.</strong></span> <span class='ocrx_word' id='word_1_162' title='bbox 621 1969 789 2034; x_wconf 83' lang='lat' dir='ltr'><strong>Cornelius</strong></span> <span class='ocrx_word' id='word_1_163' title='bbox 817 1971 940 2046; x_wconf 87' lang='lat' dir='ltr'><strong>consul,</strong></span> <span class='ocrx_word' id='word_1_164' title='bbox 966 1969 1074 2034; x_wconf 89' lang='lat' dir='ltr'><strong>triduo</strong></span> <span class='ocrx_word' id='word_1_165' title='bbox 1098 1968 1164 2036; x_wconf 84' lang='lat' dir='ltr'><strong>fere</strong></span> <span class='ocrx_word' id='word_1_166' title='bbox 1189 1982 1270 2055; x_wconf 88' lang='lat' dir='ltr'><strong>post,</strong></span> <span class='ocrx_word' id='word_1_167' title='bbox 1297 1991 1392 2056; x_wconf 88' lang='lat' dir='ltr'><strong>quam</strong></span> 
     </span>
     <span class='ocr_line' id='line_1_21' title="bbox 169 2049 1394 2146; baseline -0.003 -22"><span class='ocrx_word' id='word_1_168' title='bbox 169 2049 217 2095; x_wconf 69' lang='lat'><strong>¹¹⁰⁸</strong></span> <span class='ocrx_word' id='word_1_169' title='bbox 227 2051 257 2094; x_wconf 68' lang='lat'><strong>⁸¹⁶</strong></span> <span class='ocrx_word' id='word_1_170' title='bbox 271 2062 322 2096; x_wconf 71' lang='lat'><strong>⁰³⁸·</strong></span> <span class='ocrx_word' id='word_1_171' title='bbox 335 2056 499 2124; x_wconf 85' lang='lat' dir='ltr'><strong>Hannibal</strong></span> <span class='ocrx_word' id='word_1_172' title='bbox 514 2056 555 2121; x_wconf 86' lang='lat' dir='ltr'><strong>ab</strong></span> <span class='ocrx_word' id='word_1_173' title='bbox 569 2058 639 2142; x_wconf 87' lang='lat' dir='ltr'><strong>ripa</strong></span> <span class='ocrx_word' id='word_1_174' title='bbox 655 2055 806 2123; x_wconf 84' lang='lat' dir='ltr'><strong>Rhodani</strong></span> <span class='ocrx_word' id='word_1_175' title='bbox 823 2053 930 2133; x_wconf 84' lang='lat' dir='ltr'><strong>movit,</strong></span> <span class='ocrx_word' id='word_1_176' title='bbox 946 2055 1103 2142; x_wconf 87' lang='lat' dir='ltr'><strong>quadrato</strong></span> <span class='ocrx_word' id='word_1_177' title='bbox 1122 2057 1247 2146; x_wconf 85' lang='lat' dir='ltr'><strong>agmine</strong></span> <span class='ocrx_word' id='word_1_178' title='bbox 1262 2056 1302 2120; x_wconf 90' lang='lat' dir='ltr'><strong>ad</strong></span> <span class='ocrx_word' id='word_1_179' title='bbox 1324 2077 1394 2120; x_wconf 56' lang='lat' dir='ltr'><strong>oasa</strong></span> 
     </span>
     <span class='ocr_line' id='line_1_22' title="bbox 168 2113 1393 2224; baseline -0.003 -12"><span class='ocrx_word' id='word_1_180' title='bbox 168 2115 248 2224; x_wconf 59' lang='lat' dir='ltr'><strong>m}</strong></span> <span class='ocrx_word' id='word_1_181' title='bbox 255 2113 323 2224; x_wconf 50' lang='lat'><em>{¹2¹¹</em></span> <span class='ocrx_word' id='word_1_182' title='bbox 330 2159 380 2211; x_wconf 89' lang='lat' dir='ltr'><strong>tra</strong></span> <span class='ocrx_word' id='word_1_183' title='bbox 395 2144 531 2209; x_wconf 87' lang='lat' dir='ltr'><strong>bostium</strong></span> <span class='ocrx_word' id='word_1_184' title='bbox 549 2155 688 2219; x_wconf 80' lang='lat' dir='ltr'><strong>venerat,</strong></span> <span class='ocrx_word' id='word_1_185' title='bbox 704 2140 822 2206; x_wconf 88' lang='lat' dir='ltr'><strong>nullam</strong></span> <span class='ocrx_word' id='word_1_186' title='bbox 840 2140 1008 2207; x_wconf 83' lang='lat' dir='ltr'><strong>dimicandi</strong></span> <span class='ocrx_word' id='word_1_187' title='bbox 1024 2164 1145 2208; x_wconf 88' lang='lat' dir='ltr'><strong>moram</strong></span> <span class='ocrx_word' id='word_1_188' title='bbox 1167 2142 1317 2210; x_wconf 84' lang='lat' dir='ltr'><strong>facturus.</strong></span> <span class='ocrx_word' id='word_1_189' title='bbox 1341 2164 1393 2208; x_wconf 87' lang='lat' dir='ltr'><strong>ee·</strong></span> 
     </span>
     <span class='ocr_line' id='line_1_23' title="bbox 168 2227 1392 2328; baseline -0.001 -33"><span class='ocrx_word' id='word_1_190' title='bbox 168 2248 232 2288; x_wconf 75' lang='lat' dir='ltr'><strong>serta</strong></span> <span class='ocrx_word' id='word_1_191' title='bbox 247 2243 320 2290; x_wconf 77' lang='lat' dir='ltr'><strong>venta</strong></span> <span class='ocrx_word' id='word_1_192' title='bbox 330 2245 444 2309; x_wconf 81' lang='lat' dir='ltr'><strong>terum,</strong></span> <span class='ocrx_word' id='word_1_193' title='bbox 460 2230 515 2294; x_wconf 93' lang='lat' dir='ltr'><strong>ubi</strong></span> <span class='ocrx_word' id='word_1_194' title='bbox 538 2228 661 2294; x_wconf 86' lang='lat' dir='ltr'><strong>deserta</strong></span> <span class='ocrx_word' id='word_1_195' title='bbox 682 2228 889 2328; x_wconf 77' lang='lat' dir='ltr'><strong>munimenta,</strong></span> <span class='ocrx_word' id='word_1_196' title='bbox 905 2249 963 2292; x_wconf 89' lang='lat' dir='ltr'><strong>nec</strong></span> <span class='ocrx_word' id='word_1_197' title='bbox 979 2227 1071 2294; x_wconf 83' lang='lat' dir='ltr'><strong>facile</strong></span> <span class='ocrx_word' id='word_1_198' title='bbox 1085 2253 1118 2294; x_wconf 90' lang='lat' dir='ltr'><strong>se</strong></span> <span class='ocrx_word' id='word_1_199' title='bbox 1131 2241 1257 2295; x_wconf 84' lang='lat' dir='ltr'><strong>tantum</strong></span> <span class='ocrx_word' id='word_1_200' title='bbox 1272 2228 1300 2270; x_wconf 78' lang='lat'><strong>³⁷</strong></span> <span class='ocrx_word' id='word_1_201' title='bbox 1307 2250 1392 2314; x_wconf 84' lang='lat' dir='ltr'><strong>prae-</strong></span> 
     </span>
     <span class='ocr_line' id='line_1_24' title="bbox 168 2313 1431 2490; baseline -0.013 -20"><span class='ocrx_word' id='word_1_202' title='bbox 168 2336 283 2449; x_wconf 46' lang='lat' dir='ltr'><strong>lilii</strong></span> <span class='ocrx_word' id='word_1_203' title='bbox 328 2314 808 2490; x_wconf 62' lang='lat' dir='ltr'><strong>itiitqtltttllnlltt</strong></span> <span class='ocrx_word' id='word_1_204' title='bbox 825 2313 872 2464; x_wconf 73' lang='lat' dir='ltr'><strong>ii</strong></span> <span class='ocrx_word' id='word_1_205' title='bbox 888 2315 1431 2486; x_wconf 68' lang='lat' dir='ltr'><strong>ltittltltiilitiiit</strong></span> 
     </span>
    </p>
   </div>
   <div class='ocr_carea' id='block_1_3' title="bbox 330 2485 1393 2573">
    <p class='ocr_par' dir='ltr' id='par_1_4' title="bbox 330 2485 1393 2573">
     <span class='ocr_line' id='line_1_25' title="bbox 330 2485 1393 2573; baseline -0.001 -18"><span class='ocrx_word' id='word_1_206' title='bbox 330 2514 392 2556; x_wconf 81' lang='lat' dir='ltr'><strong>rus.</strong></span> <span class='ocrx_word' id='word_1_207' title='bbox 439 2491 489 2554; x_wconf 90' lang='lat' dir='ltr'><strong>Ne</strong></span> <span class='ocrx_word' id='word_1_208' title='bbox 518 2501 623 2560; x_wconf 86' lang='lat' dir='ltr'><strong>tamen</strong></span> <span class='ocrx_word' id='word_1_209' title='bbox 652 2487 739 2553; x_wconf 87' lang='lat' dir='ltr'><strong>nuda</strong></span> <span class='ocrx_word' id='word_1_210' title='bbox 767 2485 893 2552; x_wconf 84' lang='lat' dir='ltr'><strong>auxiliis</strong></span> <span class='ocrx_word' id='word_1_211' title='bbox 926 2488 1080 2554; x_wconf 85' lang='lat' dir='ltr'><strong>Romanis</strong></span> <span class='ocrx_word' id='word_1_212' title='bbox 1113 2488 1271 2573; x_wconf 86' lang='lat' dir='ltr'><strong>Hispania</strong></span> <span class='ocrx_word' id='word_1_213' title='bbox 1300 2501 1393 2570; x_wconf 87' lang='lat' dir='ltr'><strong>esset,</strong></span> 
     </span>
    </p>
   </div>
   <div class='ocr_carea' id='block_1_4' title="bbox 330 2699 1392 2834">
    <p class='ocr_par' dir='ltr' id='par_1_5' title="bbox 330 2699 1392 2834">
     <span class='ocr_line' id='line_1_26' title="bbox 362 2699 1392 2770; baseline 0.004 -14"><span class='ocrx_word' id='word_1_214' title='bbox 362 2716 373 2742; x_wconf 74' lang='lat'>⁸</span> <span class='ocrx_word' id='word_1_215' title='bbox 384 2724 411 2756; x_wconf 85' lang='lat' dir='ltr'><strong>sa</strong></span> <span class='ocrx_word' id='word_1_216' title='bbox 422 2723 440 2755; x_wconf 87' lang='lat' dir='ltr'><strong>s.</strong></span> <span class='ocrx_word' id='word_1_217' title='bbox 448 2724 474 2770; x_wconf 84' lang='lat' dir='ltr'><strong>p.</strong></span> <span class='ocrx_word' id='word_1_218' title='bbox 486 2707 593 2770; x_wconf 69' lang='lat' dir='ltr'><strong>afirmat</strong></span> <span class='ocrx_word' id='word_1_219' title='bbox 604 2710 620 2754; x_wconf 85' lang='lat' dir='ltr'><strong>l.</strong></span> <span class='ocrx_word' id='word_1_220' title='bbox 632 2713 682 2754; x_wconf 84' lang='lat' dir='ltr'><strong>erat</strong></span> <span class='ocrx_word' id='word_1_221' title='bbox 693 2724 710 2754; x_wconf 89' lang='lat' dir='ltr'><strong>s.</strong></span> <span class='ocrx_word' id='word_1_222' title='bbox 721 2723 746 2767; x_wconf 79' lang='grc' dir='ltr'><strong>ρ.</strong></span> <span class='ocrx_word' id='word_1_223' title='bbox 757 2707 895 2769; x_wconf 76' lang='lat' dir='ltr'><strong>afuturum</strong></span> <span class='ocrx_word' id='word_1_224' title='bbox 906 2709 980 2755; x_wconf 84' lang='lat' dir='ltr'><strong>Grou.</strong></span> <span class='ocrx_word' id='word_1_225' title='bbox 1093 2699 1214 2756; x_wconf 72' lang='lat' dir='ltr'><strong>fmarcinus</strong></span> <span class='ocrx_word' id='word_1_226' title='bbox 1224 2709 1272 2768; x_wconf 79' lang='lat' dir='ltr'><strong>leg.</strong></span> <span class='ocrx_word' id='word_1_227' title='bbox 1283 2713 1307 2756; x_wconf 81' lang='lat' dir='ltr'><strong>et</strong></span> <span class='ocrx_word' id='word_1_228' title='bbox 1315 2710 1392 2760; x_wconf 79' lang='lat' dir='ltr'><strong>Gron·</strong></span> 
     </span>
     <span class='ocr_line' id='line_1_27' title="bbox 330 2769 950 2834; baseline -0.006 -10"><span class='ocrx_word' id='word_1_229' title='bbox 330 2777 400 2824; x_wconf 80' lang='lat' dir='ltr'><strong>Crev.</strong></span> <span class='ocrx_word' id='word_1_230' title='bbox 481 2776 555 2833; x_wconf 63' lang='lat' dir='ltr'><strong>iqua</strong></span> <span class='ocrx_word' id='word_1_231' title='bbox 567 2773 636 2820; x_wconf 78' lang='lat' dir='ltr'><strong>Eteri.</strong></span> <span class='ocrx_word' id='word_1_232' title='bbox 718 2769 731 2810; x_wconf 75' lang='lat' dir='ltr'>h</span> <span class='ocrx_word' id='word_1_233' title='bbox 737 2785 872 2834; x_wconf 72' lang='lat' dir='ltr'><strong>preparare</strong></span> <span class='ocrx_word' id='word_1_234' title='bbox 882 2772 950 2820; x_wconf 77' lang='lat' dir='ltr'><strong>seu</strong></span> 
     </span>
    </p>
   </div>
   <div class='ocr_carea' id='block_1_5' title="bbox 290 3005 1464 4490">
    <p class='ocr_par' dir='ltr' id='par_1_6' title="bbox 320 3005 1464 4103">
     <span class='ocr_line' id='line_1_28' title="bbox 360 3005 1396 3070; baseline -0.002 -17"><span class='ocrx_word' id='word_1_235' title='bbox 360 3007 392 3054; x_wconf 76' lang='lat'><strong>32</strong></span> <span class='ocrx_word' id='word_1_236' title='bbox 411 3006 477 3060; x_wconf 73' lang='lat' dir='ltr'><strong>Qrtod</strong></span> <span class='ocrx_word' id='word_1_237' title='bbox 498 3021 524 3054; x_wconf 84' lang='lat' dir='ltr'><strong>aa</strong></span> <span class='ocrx_word' id='word_1_238' title='bbox 546 3013 636 3055; x_wconf 76' lang='lat' dir='ltr'><strong>sasaim</strong></span> <span class='ocrx_word' id='word_1_239' title='bbox 655 3039 662 3054; x_wconf 89' lang='lat'><strong>.</strong></span> <span class='ocrx_word' id='word_1_240' title='bbox 680 3041 686 3055; x_wconf 95' lang='lat'>.</span> <span class='ocrx_word' id='word_1_241' title='bbox 705 3043 712 3057; x_wconf 92' lang='lat'><strong>.</strong></span> <span class='ocrx_word' id='word_1_242' title='bbox 731 3011 845 3056; x_wconf 72' lang='lat' dir='ltr'><strong>minatio</strong></span> <span class='ocrx_word' id='word_1_243' title='bbox 878 3010 972 3056; x_wconf 84' lang='lat' dir='ltr'><strong>flexisse</strong></span> <span class='ocrx_word' id='word_1_244' title='bbox 982 3007 1139 3070; x_wconf 74' lang='lat' dir='ltr'><strong>dicatur‚qui</strong></span> <span class='ocrx_word' id='word_1_245' title='bbox 1153 3005 1396 3070; x_wconf 78' lang='lat' dir='ltr'><strong>potiusrostigiare·</strong></span> 
     </span>
     <span class='ocr_line' id='line_1_29' title="bbox 320 3069 1033 3134; baseline 0 -12"><span class='ocrx_word' id='word_1_246' title='bbox 320 3069 416 3134; x_wconf 60' lang='lat' dir='ltr'><strong>surra]</strong></span> <span class='ocrx_word' id='word_1_247' title='bbox 434 3071 473 3118; x_wconf 85' lang='lat' dir='ltr'><strong>Sic</strong></span> <span class='ocrx_word' id='word_1_248' title='bbox 487 3073 526 3118; x_wconf 86' lang='lat' dir='ltr'><strong>edi</strong></span> <span class='ocrx_word' id='word_1_249' title='bbox 540 3074 688 3129; x_wconf 80' lang='lat' dir='ltr'><strong>curavimus.</strong></span> <span class='ocrx_word' id='word_1_250' title='bbox 700 3074 776 3122; x_wconf 81' lang='lat' dir='ltr'><strong>sacnti</strong></span> <span class='ocrx_word' id='word_1_251' title='bbox 787 3088 846 3122; x_wconf 81' lang='lat' dir='ltr'><strong>arra·</strong></span> <span class='ocrx_word' id='word_1_252' title='bbox 877 3074 971 3134; x_wconf 84' lang='lat' dir='ltr'><strong>legebat</strong></span> <span class='ocrx_word' id='word_1_253' title='bbox 982 3087 1033 3122; x_wconf 84' lang='lat' dir='ltr'><strong>sua·</strong></span> 
     </span>
     <span class='ocr_line' id='line_1_30' title="bbox 328 3135 1398 3198; baseline -0.001 -14"><span class='ocrx_word' id='word_1_254' title='bbox 328 3137 452 3184; x_wconf 85' lang='lat' dir='ltr'><strong>toritatem</strong></span> <span class='ocrx_word' id='word_1_255' title='bbox 485 3138 634 3198; x_wconf 88' lang='lat' dir='ltr'><strong>optimorum</strong></span> <span class='ocrx_word' id='word_1_256' title='bbox 666 3140 787 3193; x_wconf 82' lang='lat' dir='ltr'><strong>codicum,</strong></span> <span class='ocrx_word' id='word_1_257' title='bbox 814 3152 845 3186; x_wconf 87' lang='lat' dir='ltr'><strong>ex</strong></span> <span class='ocrx_word' id='word_1_258' title='bbox 908 3137 941 3184; x_wconf 79' lang='lat'><strong>35</strong></span> <span class='ocrx_word' id='word_1_259' title='bbox 957 3135 1195 3198; x_wconf 78' lang='lat' dir='ltr'><strong>Nosasampsruada</strong></span> <span class='ocrx_word' id='word_1_260' title='bbox 1209 3149 1320 3196; x_wconf 68' lang='lat' dir='ltr'><strong>nouoque</strong></span> <span class='ocrx_word' id='word_1_261' title='bbox 1332 3149 1398 3196; x_wconf 72' lang='lat' dir='ltr'><strong>grst-</strong></span> 
     </span>
     <span class='ocr_line' id='line_1_31' title="bbox 327 3198 1397 3266; baseline 0.001 -20"><span class='ocrx_word' id='word_1_262' title='bbox 327 3201 416 3263; x_wconf 87' lang='lat' dir='ltr'><strong>quibns</strong></span> <span class='ocrx_word' id='word_1_263' title='bbox 428 3203 491 3249; x_wconf 82' lang='lat' dir='ltr'><strong>banc</strong></span> <span class='ocrx_word' id='word_1_264' title='bbox 507 3202 634 3249; x_wconf 85' lang='lat' dir='ltr'><strong>lectionem</strong></span> <span class='ocrx_word' id='word_1_265' title='bbox 652 3204 742 3264; x_wconf 78' lang='lat' dir='ltr'><strong>profert</strong></span> <span class='ocrx_word' id='word_1_266' title='bbox 753 3203 845 3249; x_wconf 87' lang='lat' dir='ltr'><strong>Grono·</strong></span> <span class='ocrx_word' id='word_1_267' title='bbox 874 3203 937 3262; x_wconf 79' lang='lat' dir='ltr'><strong>giler</strong></span> <span class='ocrx_word' id='word_1_268' title='bbox 949 3198 1053 3266; x_wconf 78' lang='lat' dir='ltr'><strong>faciens]</strong></span> <span class='ocrx_word' id='word_1_269' title='bbox 1077 3203 1185 3249; x_wconf 80' lang='lat' dir='ltr'><strong>Verbum</strong></span> <span class='ocrx_word' id='word_1_270' title='bbox 1197 3201 1290 3264; x_wconf 65' lang='lat' dir='ltr'><strong>fidem</strong></span> <span class='ocrx_word' id='word_1_271' title='bbox 1306 3199 1397 3248; x_wconf 85' lang='lat' dir='ltr'><strong>additi·</strong></span> 
     </span>
     <span class='ocr_line' id='line_1_32' title="bbox 328 3265 1398 3328; baseline 0.001 -17"><span class='ocrx_word' id='word_1_272' title='bbox 328 3267 391 3314; x_wconf 85' lang='lat' dir='ltr'><strong>vius.</strong></span> <span class='ocrx_word' id='word_1_273' title='bbox 425 3266 456 3314; x_wconf 90' lang='lat' dir='ltr'><strong>ld</strong></span> <span class='ocrx_word' id='word_1_274' title='bbox 471 3267 606 3328; x_wconf 80' lang='lat' dir='ltr'><strong>elegantius</strong></span> <span class='ocrx_word' id='word_1_275' title='bbox 620 3274 645 3314; x_wconf 86' lang='lat' dir='ltr'><strong>et</strong></span> <span class='ocrx_word' id='word_1_276' title='bbox 662 3268 751 3314; x_wconf 83' lang='lat' dir='ltr'><strong>clarius</strong></span> <span class='ocrx_word' id='word_1_277' title='bbox 764 3268 844 3313; x_wconf 87' lang='lat' dir='ltr'><strong>visum</strong></span> <span class='ocrx_word' id='word_1_278' title='bbox 877 3266 940 3311; x_wconf 87' lang='lat' dir='ltr'><strong>tium</strong></span> <span class='ocrx_word' id='word_1_279' title='bbox 962 3273 1007 3314; x_wconf 87' lang='lat' dir='ltr'><strong>est.</strong></span> <span class='ocrx_word' id='word_1_280' title='bbox 1040 3267 1176 3313; x_wconf 76' lang='lat' dir='ltr'><strong>Gronovius</strong></span> <span class='ocrx_word' id='word_1_281' title='bbox 1199 3270 1271 3325; x_wconf 87' lang='lat' dir='ltr'><strong>putat</strong></span> <span class='ocrx_word' id='word_1_282' title='bbox 1292 3265 1398 3312; x_wconf 81' lang='lat' dir='ltr'><strong>verbum</strong></span> 
     </span>
     <span class='ocr_line' id='line_1_33' title="bbox 328 3329 1399 3394; baseline -0.001 -17"><span class='ocrx_word' id='word_1_283' title='bbox 328 3337 374 3388; x_wconf 80' lang='lat' dir='ltr'><strong>est,</strong></span> <span class='ocrx_word' id='word_1_284' title='bbox 385 3345 459 3392; x_wconf 87' lang='lat' dir='ltr'><strong>quarn</strong></span> <span class='ocrx_word' id='word_1_285' title='bbox 471 3332 593 3392; x_wconf 89' lang='lat' dir='ltr'><strong>quomodo</strong></span> <span class='ocrx_word' id='word_1_286' title='bbox 603 3333 677 3394; x_wconf 80' lang='lat' dir='ltr'><strong>vulgo</strong></span> <span class='ocrx_word' id='word_1_287' title='bbox 690 3332 730 3379; x_wconf 88' lang='lat' dir='ltr'><strong>bie</strong></span> <span class='ocrx_word' id='word_1_288' title='bbox 740 3332 844 3392; x_wconf 76' lang='lat' dir='ltr'><strong>legitate</strong></span> <span class='ocrx_word' id='word_1_289' title='bbox 877 3332 976 3386; x_wconf 71' lang='lat' dir='ltr'><strong>vobem,</strong></span> <span class='ocrx_word' id='word_1_290' title='bbox 988 3331 1053 3392; x_wconf 89' lang='lat' dir='ltr'><strong>quod</strong></span> <span class='ocrx_word' id='word_1_291' title='bbox 1068 3331 1132 3377; x_wconf 79' lang='lat' dir='ltr'><strong>inira</strong></span> <span class='ocrx_word' id='word_1_292' title='bbox 1147 3331 1276 3390; x_wconf 82' lang='lat' dir='ltr'><strong>reperitur,</strong></span> <span class='ocrx_word' id='word_1_293' title='bbox 1286 3329 1399 3376; x_wconf 77' lang='lat' dir='ltr'><strong>runcare</strong></span> 
     </span>
     <span class='ocr_line' id='line_1_34' title="bbox 328 3392 1399 3458; baseline -0.001 -15"><span class='ocrx_word' id='word_1_294' title='bbox 328 3395 387 3457; x_wconf 65' lang='lat' dir='ltr'><strong>atus</strong></span> <span class='ocrx_word' id='word_1_295' title='bbox 403 3400 454 3443; x_wconf 83' lang='lat' dir='ltr'><strong>erat</strong></span> <span class='ocrx_word' id='word_1_296' title='bbox 471 3401 580 3443; x_wconf 82' lang='lat' dir='ltr'><strong>assatas.</strong></span> <span class='ocrx_word' id='word_1_297' title='bbox 593 3429 600 3444; x_wconf 92' lang='lat'><strong>.</strong></span> <span class='ocrx_word' id='word_1_298' title='bbox 611 3427 618 3441; x_wconf 90' lang='lat'><strong>.</strong></span> <span class='ocrx_word' id='word_1_299' title='bbox 630 3427 637 3443; x_wconf 85' lang='lat'><strong>.</strong></span> <span class='ocrx_word' id='word_1_300' title='bbox 648 3397 760 3444; x_wconf 75' lang='lat' dir='ltr'><strong>amicalia</strong></span> <span class='ocrx_word' id='word_1_301' title='bbox 771 3395 844 3458; x_wconf 79' lang='lat' dir='ltr'><strong>sutu·</strong></span> <span class='ocrx_word' id='word_1_302' title='bbox 877 3395 909 3441; x_wconf 86' lang='lat' dir='ltr'><strong>ad</strong></span> <span class='ocrx_word' id='word_1_303' title='bbox 925 3397 1014 3442; x_wconf 82' lang='lat' dir='ltr'><strong>omnis.</strong></span> <span class='ocrx_word' id='word_1_304' title='bbox 1047 3394 1123 3454; x_wconf 86' lang='lat' dir='ltr'><strong>Nam,</strong></span> <span class='ocrx_word' id='word_1_305' title='bbox 1134 3395 1223 3456; x_wconf 88' lang='lat' dir='ltr'><strong>inquit,</strong></span> <span class='ocrx_word' id='word_1_306' title='bbox 1235 3397 1258 3440; x_wconf 83' lang='lat' dir='ltr'><strong>et</strong></span> <span class='ocrx_word' id='word_1_307' title='bbox 1271 3392 1331 3440; x_wconf 78' lang='lat' dir='ltr'><strong>uada</strong></span> <span class='ocrx_word' id='word_1_308' title='bbox 1346 3395 1399 3442; x_wconf 80' lang='lat' dir='ltr'><strong>vol·</strong></span> 
     </span>
     <span class='ocr_line' id='line_1_35' title="bbox 328 3458 1400 3522; baseline 0 -16"><span class='ocrx_word' id='word_1_309' title='bbox 328 3475 389 3508; x_wconf 82' lang='lat' dir='ltr'><strong>ram.</strong></span> <span class='ocrx_word' id='word_1_310' title='bbox 422 3459 593 3509; x_wconf 74' lang='lat' dir='ltr'><strong>‘Sensusests</strong></span> <span class='ocrx_word' id='word_1_311' title='bbox 609 3460 681 3514; x_wconf 82' lang='lat' dir='ltr'><strong>Quod</strong></span> <span class='ocrx_word' id='word_1_312' title='bbox 697 3462 732 3507; x_wconf 88' lang='lat' dir='ltr'><strong>ita</strong></span> <span class='ocrx_word' id='word_1_313' title='bbox 748 3466 846 3506; x_wconf 85' lang='lat' dir='ltr'><strong>senatus</strong></span> <span class='ocrx_word' id='word_1_314' title='bbox 878 3471 930 3506; x_wconf 83' lang='lat' dir='ltr'><strong>vere</strong></span> <span class='ocrx_word' id='word_1_315' title='bbox 951 3463 973 3506; x_wconf 81' lang='lat' dir='ltr'><strong>si</strong></span> <span class='ocrx_word' id='word_1_316' title='bbox 991 3459 1101 3522; x_wconf 77' lang='lat' dir='ltr'><strong>gurgites</strong></span> <span class='ocrx_word' id='word_1_317' title='bbox 1119 3461 1181 3508; x_wconf 81' lang='lat' dir='ltr'><strong>bene</strong></span> <span class='ocrx_word' id='word_1_318' title='bbox 1201 3458 1291 3505; x_wconf 86' lang='lat' dir='ltr'><strong>dieitur</strong></span> <span class='ocrx_word' id='word_1_319' title='bbox 1305 3459 1400 3518; x_wconf 73' lang='lat' dir='ltr'><strong>amnb,</strong></span> 
     </span>
     <span class='ocr_line' id='line_1_36' title="bbox 328 3523 1401 3588; baseline -0.001 -17"><span class='ocrx_word' id='word_1_320' title='bbox 328 3526 489 3588; x_wconf 82' lang='lat' dir='ltr'><strong>Allobrogum</strong></span> <span class='ocrx_word' id='word_1_321' title='bbox 504 3531 645 3572; x_wconf 76' lang='lat' dir='ltr'><strong>censuerat:</strong></span> <span class='ocrx_word' id='word_1_322' title='bbox 664 3537 752 3585; x_wconf 82' lang='lat' dir='ltr'><strong>nempe</strong></span> <span class='ocrx_word' id='word_1_323' title='bbox 770 3525 848 3584; x_wconf 84' lang='lat' dir='ltr'><strong>irnpe-</strong></span> <span class='ocrx_word' id='word_1_324' title='bbox 878 3523 921 3581; x_wconf 88' lang='lat' dir='ltr'><strong>qni</strong></span> <span class='ocrx_word' id='word_1_325' title='bbox 940 3525 1059 3571; x_wconf 82' lang='lat' dir='ltr'><strong>volvendo</strong></span> <span class='ocrx_word' id='word_1_326' title='bbox 1077 3537 1171 3580; x_wconf 71' lang='lat' dir='ltr'><strong>menas,</strong></span> <span class='ocrx_word' id='word_1_327' title='bbox 1185 3523 1243 3568; x_wconf 78' lang='lat' dir='ltr'><strong>facit</strong></span> <span class='ocrx_word' id='word_1_328' title='bbox 1261 3523 1324 3568; x_wconf 82' lang='lat' dir='ltr'><strong>vada</strong></span> <span class='ocrx_word' id='word_1_329' title='bbox 1342 3523 1401 3580; x_wconf 84' lang='lat' dir='ltr'><strong>bae,</strong></span> 
     </span>
     <span class='ocr_line' id='line_1_37' title="bbox 328 3585 1402 3716; baseline -0.007 -12"><span class='ocrx_word' id='word_1_330' title='bbox 328 3591 393 3703; x_wconf 54' lang='lat' dir='ltr'><strong>ring</strong></span> <span class='ocrx_word' id='word_1_331' title='bbox 403 3588 678 3713; x_wconf 47' lang='lat' dir='ltr'><strong>{ffiwibbeffffl</strong></span> <span class='ocrx_word' id='word_1_332' title='bbox 684 3602 776 3716; x_wconf 44' lang='lat' dir='ltr'><strong>xm]</strong></span> <span class='ocrx_word' id='word_1_333' title='bbox 795 3653 847 3700; x_wconf 85' lang='lat' dir='ltr'><strong>Ad·</strong></span> <span class='ocrx_word' id='word_1_334' title='bbox 878 3585 1101 3712; x_wconf 53' lang='lat' dir='ltr'><strong>ivlibcetugruerglileriunr</strong></span> <span class='ocrx_word' id='word_1_335' title='bbox 1109 3586 1402 3712; x_wconf 48' lang='lat' dir='ltr'><strong>{zmfflizimaexprmo</strong></span> 
     </span>
     <span class='ocr_line' id='line_1_38' title="bbox 328 3669 1401 3777; baseline -0.005 -10"><span class='ocrx_word' id='word_1_336' title='bbox 328 3721 449 3768; x_wconf 85' lang='lat' dir='ltr'><strong>mittenda</strong></span> <span class='ocrx_word' id='word_1_337' title='bbox 474 3720 570 3766; x_wconf 87' lang='lat' dir='ltr'><strong>videtur</strong></span> <span class='ocrx_word' id='word_1_338' title='bbox 584 3669 671 3765; x_wconf 59' lang='lat' dir='ltr'><strong>punias</strong></span> <span class='ocrx_word' id='word_1_339' title='bbox 698 3717 795 3772; x_wconf 83' lang='lat' dir='ltr'><strong>codicis,</strong></span> <span class='ocrx_word' id='word_1_340' title='bbox 817 3718 848 3764; x_wconf 85' lang='lat' dir='ltr'><strong>ad</strong></span> <span class='ocrx_word' id='word_1_341' title='bbox 877 3715 985 3776; x_wconf 80' lang='lat' dir='ltr'><strong>plurilus</strong></span> <span class='ocrx_word' id='word_1_342' title='bbox 999 3715 1071 3764; x_wconf 84' lang='lat' dir='ltr'><strong>simui</strong></span> <span class='ocrx_word' id='word_1_343' title='bbox 1084 3730 1155 3777; x_wconf 82' lang='lat' dir='ltr'><strong>neque</strong></span> <span class='ocrx_word' id='word_1_344' title='bbox 1171 3713 1252 3762; x_wconf 65' lang='lat' dir='ltr'><strong>tndem</strong></span> <span class='ocrx_word' id='word_1_345' title='bbox 1265 3715 1401 3776; x_wconf 75' lang='lat' dir='ltr'><strong>alwisfla-</strong></span> 
     </span>
     <span class='ocr_line' id='line_1_39' title="bbox 328 3779 1401 3846; baseline -0.004 -14"><span class='ocrx_word' id='word_1_346' title='bbox 328 3799 402 3846; x_wconf 87' lang='lat' dir='ltr'><strong>quem</strong></span> <span class='ocrx_word' id='word_1_347' title='bbox 421 3782 522 3846; x_wconf 84' lang='lat' dir='ltr'><strong>plurimi</strong></span> <span class='ocrx_word' id='word_1_348' title='bbox 536 3785 601 3830; x_wconf 85' lang='lat' dir='ltr'><strong>vsrie</strong></span> <span class='ocrx_word' id='word_1_349' title='bbox 611 3783 733 3837; x_wconf 85' lang='lat' dir='ltr'><strong>alludunt,</strong></span> <span class='ocrx_word' id='word_1_350' title='bbox 745 3782 848 3840; x_wconf 83' lang='lat' dir='ltr'><strong>scriptu·</strong></span> <span class='ocrx_word' id='word_1_351' title='bbox 880 3793 928 3836; x_wconf 83' lang='lat' dir='ltr'><strong>eus,</strong></span> <span class='ocrx_word' id='word_1_352' title='bbox 947 3795 992 3842; x_wconf 81' lang='lat' dir='ltr'><strong>per</strong></span> <span class='ocrx_word' id='word_1_353' title='bbox 1013 3795 1072 3828; x_wconf 83' lang='lat' dir='ltr'><strong>noua</strong></span> <span class='ocrx_word' id='word_1_354' title='bbox 1093 3794 1182 3842; x_wconf 77' lang='lat' dir='ltr'><strong>semper</strong></span> <span class='ocrx_word' id='word_1_355' title='bbox 1204 3779 1263 3827; x_wconf 79' lang='lat' dir='ltr'><strong>vada</strong></span> <span class='ocrx_word' id='word_1_356' title='bbox 1285 3791 1401 3842; x_wconf 61' lang='lat' dir='ltr'><strong>novemus</strong></span> 
     </span>
     <span class='ocr_line' id='line_1_40' title="bbox 329 3845 1228 3906; baseline -0.006 -9"><span class='ocrx_word' id='word_1_357' title='bbox 329 3849 614 3897; x_wconf 80' lang='lat' dir='ltr'><strong>raaGronovioalistar</strong></span> <span class='ocrx_word' id='word_1_358' title='bbox 631 3850 757 3892; x_wconf 62' lang='lat' dir='ltr'><strong>aasumensi</strong></span> <span class='ocrx_word' id='word_1_359' title='bbox 773 3847 849 3906; x_wconf 79' lang='lat' dir='ltr'><strong>eopia·</strong></span> <span class='ocrx_word' id='word_1_360' title='bbox 877 3845 1228 3906; x_wconf 50' lang='lat' dir='ltr'><strong>garamannum...</strong></span> 
     </span>
     <span class='ocr_line' id='line_1_41' title="bbox 330 3908 1464 3976; baseline -0.003 -16"><span class='ocrx_word' id='word_1_361' title='bbox 330 3929 373 3976; x_wconf 75' lang='lat' dir='ltr'><strong>qus</strong></span> <span class='ocrx_word' id='word_1_362' title='bbox 399 3926 479 3960; x_wconf 71' lang='lat' dir='ltr'><strong>ranam</strong></span> <span class='ocrx_word' id='word_1_363' title='bbox 504 3913 618 3968; x_wconf 77' lang='lat' dir='ltr'><strong>onmium,</strong></span> <span class='ocrx_word' id='word_1_364' title='bbox 644 3911 746 3957; x_wconf 70' lang='lat' dir='ltr'><strong>marina</strong></span> <span class='ocrx_word' id='word_1_365' title='bbox 770 3913 848 3968; x_wconf 68' lang='lat' dir='ltr'><strong>vesto,</strong></span> <span class='ocrx_word' id='word_1_366' title='bbox 912 3910 945 3957; x_wconf 80' lang='lat'><strong>³6</strong></span> <span class='ocrx_word' id='word_1_367' title='bbox 961 3909 1026 3956; x_wconf 75' lang='lat' dir='ltr'><strong>Sara</strong></span> <span class='ocrx_word' id='word_1_368' title='bbox 1040 3908 1160 3974; x_wconf 73' lang='lat' dir='ltr'><strong>gimo]</strong></span> <span class='ocrx_word' id='word_1_369' title='bbox 1178 3909 1267 3956; x_wconf 82' lang='lat' dir='ltr'><strong>Glarea</strong></span> <span class='ocrx_word' id='word_1_370' title='bbox 1280 3915 1319 3956; x_wconf 85' lang='lat' dir='ltr'><strong>est</strong></span> <span class='ocrx_word' id='word_1_371' title='bbox 1334 3913 1401 3957; x_wconf 82' lang='lat' dir='ltr'><strong>terra</strong></span> <span class='ocrx_word' id='word_1_372' title='bbox 1458 3921 1464 3934; x_wconf 91' lang='lat'><strong>·</strong></span> 
     </span>
     <span class='ocr_line' id='line_1_42' title="bbox 329 3973 1402 4040; baseline -0.005 -15"><span class='ocrx_word' id='word_1_373' title='bbox 329 3983 364 4025; x_wconf 84' lang='lat' dir='ltr'><strong>ert</strong></span> <span class='ocrx_word' id='word_1_374' title='bbox 383 3977 486 4040; x_wconf 77' lang='lat' dir='ltr'><strong>adjutas,</strong></span> <span class='ocrx_word' id='word_1_375' title='bbox 509 3990 578 4038; x_wconf 71' lang='lat' dir='ltr'><strong>ptam</strong></span> <span class='ocrx_word' id='word_1_376' title='bbox 600 3975 699 4038; x_wconf 72' lang='lat' dir='ltr'><strong>iqfames</strong></span> <span class='ocrx_word' id='word_1_377' title='bbox 713 3973 847 4036; x_wconf 74' lang='lat' dir='ltr'><strong>frigoribus</strong></span> <span class='ocrx_word' id='word_1_378' title='bbox 879 3974 994 4036; x_wconf 84' lang='lat' dir='ltr'><strong>lapidosa,</strong></span> <span class='ocrx_word' id='word_1_379' title='bbox 1017 3975 1120 4022; x_wconf 87' lang='lat' dir='ltr'><strong>minutis</strong></span> <span class='ocrx_word' id='word_1_380' title='bbox 1141 3973 1233 4022; x_wconf 80' lang='lat' dir='ltr'><strong>saxulis</strong></span> <span class='ocrx_word' id='word_1_381' title='bbox 1258 3979 1284 4020; x_wconf 85' lang='lat' dir='ltr'><strong>et</strong></span> <span class='ocrx_word' id='word_1_382' title='bbox 1309 3973 1402 4034; x_wconf 84' lang='lat' dir='ltr'><strong>lapillis</strong></span> 
     </span>
     <span class='ocr_line' id='line_1_43' title="bbox 330 4039 1401 4103; baseline -0.003 -16"><span class='ocrx_word' id='word_1_383' title='bbox 330 4041 401 4103; x_wconf 75' lang='lat' dir='ltr'><strong>Alpis</strong></span> <span class='ocrx_word' id='word_1_384' title='bbox 407 4041 542 4102; x_wconf 74' lang='lat' dir='ltr'><strong>preparari</strong></span> <span class='ocrx_word' id='word_1_385' title='bbox 552 4039 665 4100; x_wconf 78' lang='lat' dir='ltr'><strong>rogabunt.</strong></span> <span class='ocrx_word' id='word_1_386' title='bbox 879 4051 970 4100; x_wconf 80' lang='lat' dir='ltr'><strong>aspera.</strong></span> <span class='ocrx_word' id='word_1_387' title='bbox 992 4039 1078 4098; x_wconf 81' lang='lat' dir='ltr'><strong>ltaque</strong></span> <span class='ocrx_word' id='word_1_388' title='bbox 1089 4053 1137 4086; x_wconf 89' lang='lat' dir='ltr'><strong>non</strong></span> <span class='ocrx_word' id='word_1_389' title='bbox 1149 4040 1207 4085; x_wconf 84' lang='lat' dir='ltr'><strong>setis</strong></span> <span class='ocrx_word' id='word_1_390' title='bbox 1218 4043 1328 4100; x_wconf 83' lang='lat' dir='ltr'><strong>apparet,</strong></span> <span class='ocrx_word' id='word_1_391' title='bbox 1339 4039 1401 4100; x_wconf 87' lang='lat' dir='ltr'><strong>quid</strong></span> 
     </span>
    </p>

    <p class='ocr_par' dir='ltr' id='par_1_7' title="bbox 328 4103 1403 4360">
     <span class='ocr_line' id='line_1_44' title="bbox 362 4103 1400 4170; baseline -0.004 -18"><span class='ocrx_word' id='word_1_392' title='bbox 362 4105 396 4152; x_wconf 78' lang='lat' dir='ltr'><strong>st</strong></span> <span class='ocrx_word' id='word_1_393' title='bbox 411 4105 452 4152; x_wconf 76' lang='lat' dir='ltr'><strong>Ari</strong></span> <span class='ocrx_word' id='word_1_394' title='bbox 467 4105 550 4151; x_wconf 68' lang='lat' dir='ltr'><strong>mam</strong></span> <span class='ocrx_word' id='word_1_395' title='bbox 568 4105 594 4149; x_wconf 85' lang='lat' dir='ltr'><strong>iu</strong></span> <span class='ocrx_word' id='word_1_396' title='bbox 611 4104 753 4150; x_wconf 74' lang='lat' dir='ltr'><strong>Tricastinos</strong></span> <span class='ocrx_word' id='word_1_397' title='bbox 761 4105 846 4170; x_wconf 74' lang='lat' dir='ltr'><strong>flexit]</strong></span> <span class='ocrx_word' id='word_1_398' title='bbox 879 4103 928 4149; x_wconf 84' lang='lat' dir='ltr'><strong>sint</strong></span> <span class='ocrx_word' id='word_1_399' title='bbox 953 4115 1009 4150; x_wconf 75' lang='lat' dir='ltr'><strong>sara</strong></span> <span class='ocrx_word' id='word_1_400' title='bbox 1030 4103 1142 4163; x_wconf 73' lang='lat' dir='ltr'><strong>glareosa.</strong></span> <span class='ocrx_word' id='word_1_401' title='bbox 1177 4103 1268 4150; x_wconf 87' lang='lat' dir='ltr'><strong>Melius</strong></span> <span class='ocrx_word' id='word_1_402' title='bbox 1291 4103 1400 4161; x_wconf 84' lang='lat' dir='ltr'><strong>videtur,</strong></span> 
     </span>
     <span class='ocr_line' id='line_1_45' title="bbox 331 4162 1401 4230; baseline -0.002 -14"><span class='ocrx_word' id='word_1_403' title='bbox 331 4170 400 4216; x_wconf 86' lang='lat' dir='ltr'><strong>Nihil</strong></span> <span class='ocrx_word' id='word_1_404' title='bbox 419 4171 450 4216; x_wconf 89' lang='lat' dir='ltr'><strong>de</strong></span> <span class='ocrx_word' id='word_1_405' title='bbox 468 4170 514 4216; x_wconf 82' lang='lat' dir='ltr'><strong>boe</strong></span> <span class='ocrx_word' id='word_1_406' title='bbox 528 4168 654 4215; x_wconf 85' lang='lat' dir='ltr'><strong>Annibalis</strong></span> <span class='ocrx_word' id='word_1_407' title='bbox 670 4169 755 4215; x_wconf 80' lang='lat' dir='ltr'><strong>itinera</strong></span> <span class='ocrx_word' id='word_1_408' title='bbox 773 4170 847 4217; x_wconf 85' lang='lat' dir='ltr'><strong>hebet</strong></span> <span class='ocrx_word' id='word_1_409' title='bbox 878 4169 944 4229; x_wconf 84' lang='lat' dir='ltr'><strong>quod</strong></span> <span class='ocrx_word' id='word_1_410' title='bbox 965 4162 1062 4230; x_wconf 82' lang='lat' dir='ltr'><strong>subjicit</strong></span> <span class='ocrx_word' id='word_1_411' title='bbox 1081 4163 1227 4223; x_wconf 83' lang='lat' dir='ltr'><strong>Gronovius,</strong></span> <span class='ocrx_word' id='word_1_412' title='bbox 1245 4179 1303 4214; x_wconf 81' lang='lat' dir='ltr'><strong>suaa</strong></span> <span class='ocrx_word' id='word_1_413' title='bbox 1319 4167 1401 4228; x_wconf 80' lang='lat' dir='ltr'><strong>glare-</strong></span> 
     </span>
     <span class='ocr_line' id='line_1_46' title="bbox 330 4233 957 4295; baseline -0.002 -16"><span class='ocrx_word' id='word_1_414' title='bbox 330 4234 452 4295; x_wconf 85' lang='lat' dir='ltr'><strong>l’olybius.</strong></span> <span class='ocrx_word' id='word_1_415' title='bbox 486 4234 519 4280; x_wconf 86' lang='lat' dir='ltr'><strong>Et</strong></span> <span class='ocrx_word' id='word_1_416' title='bbox 533 4247 591 4280; x_wconf 83' lang='lat' dir='ltr'><strong>sane</strong></span> <span class='ocrx_word' id='word_1_417' title='bbox 606 4247 654 4280; x_wconf 90' lang='lat' dir='ltr'><strong>non</strong></span> <span class='ocrx_word' id='word_1_418' title='bbox 673 4233 743 4279; x_wconf 79' lang='lat' dir='ltr'><strong>facile</strong></span> <span class='ocrx_word' id='word_1_419' title='bbox 759 4233 848 4280; x_wconf 82' lang='lat' dir='ltr'><strong>intelli·</strong></span> <span class='ocrx_word' id='word_1_420' title='bbox 881 4246 957 4292; x_wconf 73' lang='lat' dir='ltr'><strong>mqroe.</strong></span> 
     </span>
     <span class='ocr_line' id='line_1_47' title="bbox 328 4295 1403 4360; baseline -0.001 -17"><span class='ocrx_word' id='word_1_421' title='bbox 328 4299 403 4358; x_wconf 83' lang='lat' dir='ltr'><strong>gitur,</strong></span> <span class='ocrx_word' id='word_1_422' title='bbox 419 4301 541 4358; x_wconf 90' lang='lat' dir='ltr'><strong>quomodo</strong></span> <span class='ocrx_word' id='word_1_423' title='bbox 557 4299 674 4356; x_wconf 75' lang='lat' dir='ltr'><strong>Annibal,</strong></span> <span class='ocrx_word' id='word_1_424' title='bbox 686 4298 728 4357; x_wconf 87' lang='lat' dir='ltr'><strong>qui</strong></span> <span class='ocrx_word' id='word_1_425' title='bbox 748 4300 849 4345; x_wconf 84' lang='lat' dir='ltr'><strong>adversa</strong></span> <span class='ocrx_word' id='word_1_426' title='bbox 912 4297 945 4344; x_wconf 80' lang='lat' dir='ltr'><strong>st</strong></span> <span class='ocrx_word' id='word_1_427' title='bbox 960 4295 1118 4360; x_wconf 67' lang='lat' dir='ltr'><strong>Progressus]</strong></span> <span class='ocrx_word' id='word_1_428' title='bbox 1131 4297 1170 4344; x_wconf 89' lang='lat' dir='ltr'><strong>Sic</strong></span> <span class='ocrx_word' id='word_1_429' title='bbox 1178 4297 1403 4356; x_wconf 83' lang='lat' dir='ltr'><strong>deditGronovius,</strong></span> 
     </span>
    </p>

    <p class='ocr_par' dir='ltr' id='par_1_8' title="bbox 290 4361 1403 4424">
     <span class='ocr_line' id='line_1_48' title="bbox 290 4361 1403 4424; baseline -0.004 -12"><span class='ocrx_word' id='word_1_430' title='bbox 290 4403 294 4412; x_wconf 95' lang='lat'>.</span> <span class='ocrx_word' id='word_1_431' title='bbox 329 4365 382 4422; x_wconf 77' lang='lat' dir='ltr'><strong>ripa</strong></span> <span class='ocrx_word' id='word_1_432' title='bbox 401 4363 513 4410; x_wconf 80' lang='lat' dir='ltr'><strong>Rhodani</strong></span> <span class='ocrx_word' id='word_1_433' title='bbox 533 4363 563 4410; x_wconf 86' lang='lat' dir='ltr'><strong>ad</strong></span> <span class='ocrx_word' id='word_1_434' title='bbox 584 4364 676 4410; x_wconf 83' lang='lat' dir='ltr'><strong>Isaram</strong></span> <span class='ocrx_word' id='word_1_435' title='bbox 695 4370 847 4423; x_wconf 86' lang='lat' dir='ltr'><strong>pervenerat,</strong></span> <span class='ocrx_word' id='word_1_436' title='bbox 881 4363 959 4424; x_wconf 81' lang='lat' dir='ltr'><strong>magis</strong></span> <span class='ocrx_word' id='word_1_437' title='bbox 975 4362 1070 4422; x_wconf 84' lang='lat' dir='ltr'><strong>proprie</strong></span> <span class='ocrx_word' id='word_1_438' title='bbox 1085 4368 1110 4407; x_wconf 87' lang='lat' dir='ltr'><strong>et</strong></span> <span class='ocrx_word' id='word_1_439' title='bbox 1129 4361 1245 4422; x_wconf 83' lang='lat' dir='ltr'><strong>apposite,</strong></span> <span class='ocrx_word' id='word_1_440' title='bbox 1265 4375 1350 4424; x_wconf 65' lang='lat' dir='ltr'><strong>quam</strong></span> <span class='ocrx_word' id='word_1_441' title='bbox 1372 4370 1403 4410; x_wconf 86' lang='lat' dir='ltr'><strong>ut</strong></span> 
     </span>
    </p>

    <p class='ocr_par' dir='ltr' id='par_1_9' title="bbox 329 4427 1318 4490">
     <span class='ocr_line' id='line_1_49' title="bbox 329 4427 1318 4490; baseline -0.001 -16"><span class='ocrx_word' id='word_1_442' title='bbox 329 4427 477 4476; x_wconf 73' lang='lat' dir='ltr'><strong>Tricastinos</strong></span> <span class='ocrx_word' id='word_1_443' title='bbox 488 4430 544 4478; x_wconf 79' lang='lat' dir='ltr'><strong>inde</strong></span> <span class='ocrx_word' id='word_1_444' title='bbox 561 4434 644 4490; x_wconf 86' lang='lat' dir='ltr'><strong>petens</strong></span> <span class='ocrx_word' id='word_1_445' title='bbox 656 4428 686 4476; x_wconf 83' lang='lat' dir='ltr'><strong>ad</strong></span> <span class='ocrx_word' id='word_1_446' title='bbox 704 4428 791 4474; x_wconf 78' lang='lat' dir='ltr'><strong>laevam</strong></span> <span class='ocrx_word' id='word_1_447' title='bbox 804 4429 849 4475; x_wconf 88' lang='lat' dir='ltr'><strong>iter</strong></span> <span class='ocrx_word' id='word_1_448' title='bbox 881 4428 1005 4488; x_wconf 80' lang='lat' dir='ltr'><strong>legebatur</strong></span> <span class='ocrx_word' id='word_1_449' title='bbox 1016 4432 1097 4485; x_wconf 81' lang='lat' dir='ltr'><strong>antea,</strong></span> <span class='ocrx_word' id='word_1_450' title='bbox 1104 4439 1246 4489; x_wconf 72' lang='lat' dir='ltr'><strong>progressos.</strong></span> <span class='ocrx_word' id='word_1_451' title='bbox 1315 4437 1318 4444; x_wconf 81' lang='grc'><em>’</em></span> 
     </span>
    </p>
   </div>
   <div class='ocr_carea' id='block_1_6' title="bbox 0 0 1539 4976">
    <p class='ocr_par' dir='ltr' id='par_1_10' title="bbox 0 0 1539 4976">
     <span class='ocr_line' id='line_1_50' title="bbox 0 0 1539 4976; baseline 0 0"><span class='ocrx_word' id='word_1_452' title='bbox 0 0 1539 4976; x_wconf 95' lang='lat' dir='ltr'><strong> </strong></span> 
     </span>
    </p>
   </div>
  </div>
 </body>
</html>
