3064 4976
343 207 380 276 u
419 155 422 162 ¹
658 157 662 170 ’
746 187 1021 266 r1r1-nrv11'
1055 191 1058 196 '

339 361 606 458 ”jhn'gerldoqua
617 380 736 435 tractus
751 352 839 433 adid
851 369 973 434 bellum
988 369 1087 435 videri
1104 383 1219 457 posset.
1240 355 1401 437 ”vesteis

339 477 404 537 am,
421 455 529 522 urbem
551 456 745 542 opulentam,
760 466 856 542 caput
877 457 979 543 gentis
1000 458 1076 543 ejus,
1091 471 1256 546 expugnat
1277 459 1402 544 diripio

337 563 410 630 que.
447 543 524 621 Quo
538 555 624 607 metu
646 541 802 628 perculsae
816 543 953 608 minores
968 545 1119 622 civitates,
1136 545 1294 630 stipendio
1308 547 1402 630 inpo-

338 633 409 704 sito,
441 630 608 710 imperinm
642 651 802 714 accepere.
838 631 939 694 victor
972 631 1138 709 exercitus,
1168 632 1403 786 opulentusque

340 715 460 798 praeda,
478 716 711 804 Karthaginem
725 737 838 780 novam
862 717 894 780 in
919 715 1053 782 hiberna
1072 733 1118 782 est
1139 715 1305 784 deductus.
1370 718 1403 784 bi

338 801 427 886 large
441 803 607 887 partiendo
621 802 774 888 praedam,
788 803 945 888 stipendio
958 805 1121 889 praeterito
1132 827 1204 869 cum
1221 805 1285 871 fide
1299 805 1403 870 exsol-

337 888 452 967 vendo,
475 892 597 955 cunctis
623 891 739 954 civium
766 890 985 977 sociorumque
1008 891 1177 956 animisin
1199 915 1232 956 se
1257 892 1401 969 firmatis,

178 979 244 1058 Tum
254 982 315 1029 tres·
334 997 411 1040 ¹vere
423 977 528 1061 primo
543 977 576 1040 in
592 976 743 1041 Vaccaeos
757 990 938 1062 promotum
962 977 1090 1042 bellurn.
1136 979 1354 1044 Hermandica
1369 989 1403 1044 e't

177 1059 242 1094 ⁰⁸¹⁸·
339 1062 518 1127 Arbocalal
539 1062 566 1101 ’ὅ
576 1064 670 1127 urbes
686 1064 716 1126 vi
731 1075 843 1147 captae.
889 1063 1049 1129 Arbocala
1064 1077 1096 1128 et
1111 1065 1227 1129 virtute
1241 1077 1272 1131 et
1293 1065 1402 1130 mulsi:

338 1146 449 1213 tudine
471 1149 703 1236 oppidanorum
719 1149 774 1213 diu
790 1147 940 1214 defensa·
959 1149 1018 1215 Ab·
1031 1151 1248 1216 Hermandica
1260 1151 1401 1240 profugi,

336 1235 499 1300 exsulibus
519 1235 686 1312 Olcadum,
701 1235 810 1320 priore
832 1247 940 1300 astate
960 1236 1091 1300 domitae
1112 1239 1224 1324 gentis,
1248 1259 1347 1325 quum
1370 1261 1403 1304 se

332 1323 523 1408 junxissent,
551 1323 712 1387 concitant
735 1321 949 1406 Carpetanos:
977 1323 1145 1409 adortique
1175 1325 1402 1404 Hannibalern,
1474 1375 1477 1382 Α

339 1431 514 1497 regressum
538 1431 579 1473 ex
599 1409 751 1486 Vaccaeis,
771 1407 857 1473 haud
884 1410 993 1492 procul
1015 1409 1109 1498 Tago
1133 1411 1264 1476 flumine
1287 1429 1403 1500 agmen

337 1518 434 1582 grave
448 1495 559 1580 praeda
573 1495 749 1560 turbavere.
775 1494 938 1559 Hannibal
956 1496 1071 1582 proelio
1086 1496 1254 1573 abstinuit;
1277 1498 1404 1562 castria-

336 1605 400 1670 que
414 1604 511 1668 super
524 1583 626 1667 ripam
642 1582 761 1667 positis,
771 1598 875 1668 'quum
899 1581 1002 1667 prima
1016 1584 1104 1669 quies
1124 1584 1345 1671 silentiumque
1360 1585 1403 1650 ab

338 1669 480 1733 hostibus
494 1667 568 1746 fuit,
580 1691 706 1734 amnem
721 1668 803 1733 vado
817 1669 938 1753 trajecit
948 1683 968 1733 ε’
979 1669 1005 1708 ²⁴
1015 1670 1160 1756 valloque
1174 1669 1217 1734 ita
1231 1671 1401 1756 producto,

338 1769 374 1820 ut
403 1756 508 1821 locum
537 1756 586 1819 ad¹
607 1754 904 1842 transgrediendum
933 1754 1039 1821 hostes
1065 1757 1228 1835 baberent,
1253 1758 1404 1824 invadere

338 1865 392 1906 eos
414 1855 609 1909 transeuntes
632 1845 750 1906 statuit.
778 1841 825 1906 -E
849 1840 1151 1929 uitibuspraecepit,
1171 1860 1217 1926 ut,
1232 1865 1331 1931 quum
1352 1845 1404 1910 in-‘

337 1951 466 2016 grossos
486 1951 600 2016 aquam
626 1928 779 2008 viderent,
801 1863 1015 1994 adorirentur.
1061 1931 1207 1995 Peditum
1221 1941 1344 2018 ·‘agmen
1367 1932 1401 1996 io

337 2016 418 2100 ripa,
434 2015 653 2100 ”elephantos
668 2030 741 2080 ante
762 2016 974 2103 quadraginta
994 2016 1160 2103 disposuit.
1206 2017 1404 2104 Carpetano-

336 2123 408 2170 rum
424 2102 532 2166 ²⁶curn
554 2101 782 2188 adpendicibus
805 2101 963 2167 Olcadum
982 2103 1253 2190 Vaccaeorumque
1274 2117 1403 2170 centurn

336 2189 439 2253 millia
452 2187 555 2265 lirare3
575 2190 692 2254 invicta
705 2189 796 2264 acies,
814 2189 840 2253 si
855 2189 1166 2276 aequo-dimicaretur
1179 2210 1305 2276 campo.
1337 2192 1403 2257 Ita*

336 2275 400 2362 'que
419 2276 601 2362 etingenio
624 2273 753 2354 feroces,
774 2289 814 2340 et·
827 2275 1135 2354 multitudine-freti,
1151 2290 1183 2341 et
1205 2279 1291 2363 quod
1313 2291 1404 2344 metu

335 2363 464 2428 cessisse
479 2362 651 2427 credebant
669 2363 800 2440 hostem,
815 2362 842 2406 ²⁷
852 2362 885 2426 id
906 2364 1023 2427 morari
1039 2363 1204 2427 victoriam
1226 2365 1297 2443 rati,
1314 2365 1402 2449 quod

336 2449 500 2514 interesset
517 2449 629 2526 amnia,
645 2447 784 2514 clamore
805 2448 941 2527 sublato,
957 2449 1072 2533 passim
1095 2452 1164 2514 sine
1187 2448 1281 2513 ullius
1304 2451 1405 2536 iuspe-

175 2549 282 2606 vaeeat,
292 2551 317 2596 et
336 2536 395 2614 rio,
407 2558 471 2622 qua
484 2536 599 2622 cuique
613 2537 797 2619 proximum
814 2548 869 2612 est,
882 2537 916 2600 in
931 2557 1055 2600 amnem
1067 2548 1174 2601 ruunt.
1198 2536 1241 2601 Et
1255 2539 1296 2600 e'x
1310 2549 1404 2621 parte

172 2615 216 2690 stu
227 2615 321 2677 P⁰P¹¹¹¹'
336 2621 435 2688 altera
450 2621 529 2708 ripae
542 2621 569 2662 ²⁸
579 2623 624 2686 vis
638 2623 915 2708 ¹ingansequitum
930 2624 964 2686 in
986 2623 1104 2688 flumen
1128 2623 1265 2700 inmissa,
1281 2622 1404 2688 medio-

173 2687 314 2728 ΜΝ·
335 2731 397 2794 que
412 2708 502 2774 alveo
517 2708 764 2796 haudquaquam
779 2707 848 2794 pari
863 2709 1037 2775 certamine
1051 2731 1259 2786 concursum
1283 2711 1404 2796 quippe

336 2797 391 2860 ubi
417 2795 700 2882 pedes-instabilis,
723 2817 760 2861 ac
784 2796 838 2860 vix
859 2795 943 2860 vado
968 2796 1078 2874 lidens,
1101 2795 1185 2861 ”sel
1207 2797 1265 2860 ab*
1287 2799 1403 2862 inermi

448 2995 450 3002 ·
474 2970 611 3022 bernean
625 2971 772 3022 Cunctorum
783 2973 861 3021 Gron.
872 2967 942 3020 cren.
1072 2961 1119 3018 lat
1127 2971 1177 3018 del.
1189 2971 1265 3018 Gron-

367 3120 398 3170 21
415 3105 595 3182 Jun'grenooqoe]
623 3118 657 3164 Ut
685 3119 761 3180 partia
789 3118 852 3164 bello
885 3117 997 3177 draginta
1016 3117 1151 3165 collocavit.
1184 3115 1241 3173 Sed,
1261 3118 1322 3160 teste
1341 3112 1404 3162 Gro-

333 3187 474 3246 regionibns
497 3182 612 3246 jungeret
629 3183 802 3244 'Saguntinum
826 3197 853 3229 a·
885 3182 965 3238 novio,
978 3182 1086 3242 plerique
1098 3181 1170 3228 MSS·
1188 3193 1232 3240 pro
1247 3182 1300 3224 ante
1312 3177 1406 3224 babent

333 3264 417 3312 grum,
435 3253 478 3310 qui
500 3250 622 3298 Punicum
643 3248 775 3308 imperium
792 3260 853 3307 quo-
884 3245 1407 3306 autem,duo,quibusacaeditunusenoe-

334 3315 466 3364 dammone
476 3317 662 3362 denormaturus
673 3316 733 3358 erat.
750 3321 762 3366 ,ι’
803 3348 819 3363 ,,
885 3311 1050 3364 tricasinum
1068 3313 1141 3358 nunt.
1176 3309 1245 3356 Unde
1261 3307 1303 3354 ille
1321 3308 1406 3368 legen·

366 3379 547 3442 secesseram]
569 3375 743 3423 ImoAlthcum
755 3390 786 3422 ex
803 3378 853 3423 Pol.
886 3375 946 3422 duur
965 3382 1061 3422 censet:
1073 3375 1181 3435 peditum
1197 3387 1282 3434 agmen
1303 3373 1329 3418 hs
1350 3371 1406 3432 ss‘pa

334 3445 352 3492 l.
364 3445 414 3494 111.
446 3443 541 3491 Carteia
556 3443 603 3488 sita
621 3441 669 3488 fuit
685 3440 711 3487 in
724 3441 854 3488 oraOcea·
885 3442 909 3484 et
934 3439 1063 3501 elephantos
1086 3437 1254 3503 (quadraginta
1278 3441 1355 3484 autem
1380 3449 1405 3481 e-

331 3510 515 3568 namnetum
528 3506 686 3554 Herculeum.
718 3503 754 3550 Ea
770 3511 853 3552 autem
885 3507 951 3561 rant)
968 3500 1075 3565 disponit.
1109 3503 1148 3550 Sic
1167 3503 1233 3549 enirn
1251 3507 1276 3548 et
1294 3500 1406 3561 complu·

334 3577 401 3630 urbs,
412 3576 444 3621 de
455 3579 504 3633 qua
519 3572 558 3618 hic
570 3570 659 3630 agitur,
671 3580 747 3629 quum
759 3571 854 3618 dicatur
886 3581 924 3614 res
934 3571 1093 3624 membrana,
1102 3581 1150 3614 non
1162 3567 1280 3628 disposuit.

333 3639 410 3685 fuisse
426 3637 505 3699 gentis
516 3635 636 3682 Olcadum
650 3640 732 3692 caput,
746 3647 794 3680 oon
810 3648 855 3694 po·
918 3631 1043 3682 26'Cum
1085 3631 1246 3694 appendlcihss
1290 3627 1406 3677 Olcadum

333 3704 383 3750 tuit
392 3704 464 3763 longe
474 3697 741 3758 abesseacsrtbagine
752 3713 823 3746 nova.
890 3697 1089 3762 Vuccoeoramque]
1122 3696 1185 3743 Cum
1212 3692 1334 3757 adjunctis
1358 3693 1406 3740 slbl

367 3767 400 3814 23
417 3767 566 3815 Cartelorum
583 3762 733 3826 urte111mo
753 3763 853 3811 Vaeeoeo·
885 3762 1016 3810 olcadibus
1027 3770 1052 3809 et
1062 3761 1179 3814 Vaccaeis,
1190 3759 1233 3822 qui
1249 3759 1348 3820 quidem
1364 3771 1408 3818 ap·
1515 3773 1516 3778 ¹

333 3844 398 3890 Μη,
418 3837 480 3878 teste
501 3831 587 3890 Polyb.
620 3827 700 3888 Igitur
720 3833 763 3874 aut
784 3841 853 3889 repo·
885 3827 994 3886 pendicis
1011 3829 1065 3876 loen
1083 3832 1162 3883 erant,
1178 3837 1255 3885 quum
1275 3823 1407 3884 Carpetani

334 3897 443 3943 nendum
463 3895 504 3942 bic
520 3895 678 3941 Vwcoeosum
695 3905 794 3948 nomeu,
810 3899 853 3940 ant
884 3893 1037 3952 precipuum
1047 3890 1349 3940 rcburexercitusesseot.

333 3961 465 4021 legendum
475 3958 566 4005 horum
715 3976 719 3985 ·
917 3954 1011 4004 aava
1028 3957 1117 4004 moron
1133 3957 1255 4002 vinariam
1276 3954 1325 3999 rati
1345 3949 1407 4014 quod

331 4041 335 4046 ·
366 4023 539 4084 wi'olioqsse
549 4024 583 4068 tta
589 4021 714 4087 macto]
731 4021 765 4070 Bt
775 4037 853 4084 quum
885 4021 1006 4068 interesset
1023 4019 1111 4084 amah]
1136 4021 1193 4068 Rati
1214 4020 1241 4066 ld
1261 4031 1339 4064 unum
1358 4015 1413 4064 sibl·

333 4089 369 4135 ita
388 4090 461 4150 longe
477 4101 493 4134 a
509 4087 562 4148 ripa
580 4088 734 4148 produxisset
750 4089 852 4142 vallum,
886 4100 962 4132 morse
978 4099 1030 4132 esse
1047 4087 1079 4132 ad
1093 4085 1230 4138 neonem,
1244 4082 1309 4142 quod
1324 4082 1406 4130 amnia

332 4166 412 4212 quum
422 4167 452 4200 eo
467 4151 595 4199 intervallo
605 4166 620 4199 a
630 4153 683 4214 ripa
696 4157 776 4210 castra
786 4167 852 4201 com·
885 4151 1043 4210 interpositus
1053 4151 1149 4197 hostem
1161 4165 1176 4197 a
1188 4161 1213 4195 ee
1223 4147 1356 4195 dirimeret.

332 4218 464 4277 munisset,
480 4223 508 4264 ut
526 4217 607 4264 locum
627 4219 658 4264 ad
678 4219 856 4278 transgredien·
920 4214 952 4262 28
972 4213 1014 4262 Vis
1041 4216 1124 4278 ingens
1144 4214 1246 4276 equitum
1269 4211 1295 4256 irs
1313 4213 1406 4272 flumen

332 4281 393 4328 dum
404 4295 503 4332 amnem
513 4283 596 4330 hostes
608 4283 733 4330 haberent.
886 4279 1199 4342 immissa1Abhnnibaie.

366 4345 399 4394 25
415 4347 555 4410 Elephantos
584 4351 647 4394 uate
682 4346 853 4412 quodraginta]
919 4345 952 4392 29
973 4343 1241 4408 Vetattnemtequta]
1258 4341 1407 4402 lnvulgntis

332 4411 399 4458 Ante
415 4414 525 4474 pediturn
542 4427 630 4474 agmen
642 4413 783 4473 elephantos
794 4427 854 4473 qua·
886 4412 954 4458 decet
970 4409 1133 4472 praepositio'
1151 4408 1213 4455 bum
1225 4405 1408 4454 minusca
1508 4409 1509 4414 ’
