<?xml version="1.0" encoding="UTF-8"?>
<!DOCTYPE html PUBLIC "-//W3C//DTD XHTML 1.0 Transitional//EN"
    "http://www.w3.org/TR/xhtml1/DTD/xhtml1-transitional.dtd">
<html xmlns="http://www.w3.org/1999/xhtml" xml:lang="en" lang="en">
 <head>
  <title>
</title>
<meta http-equiv="Content-Type" content="text/html;charset=utf-8" />
  <meta name='ocr-system' content='tesseract 3.04.00' />
  <meta name='ocr-capabilities' content='ocr_page ocr_carea ocr_par ocr_line ocrx_word'/>
</head>
<body>
  <div class='ocr_page' id='page_1' title='image "./tliviipatavinih00crevgoog/tliviipatavinih00crevgoog_0204.png"; bbox 0 0 3140 4972; ppageno 0'>
   <div class='ocr_carea' id='block_1_1' title="bbox 481 203 1222 277">
    <p class='ocr_par' dir='ltr' id='par_1_1' title="bbox 481 203 1222 277">
     <span class='ocr_line' id='line_1_1' title="bbox 481 203 1222 277; baseline 0.004 -14"><span class='ocrx_word' id='word_1_1' title='bbox 481 203 575 264; x_wconf 83' lang='lat' dir='ltr'>LlB.</span> <span class='ocrx_word' id='word_1_2' title='bbox 596 203 710 264; x_wconf 83' lang='lat' dir='ltr'>XXIV.</span> <span class='ocrx_word' id='word_1_3' title='bbox 740 203 842 264; x_wconf 78' lang='lat' dir='ltr'><strong>CAP.</strong></span> <span class='ocrx_word' id='word_1_4' title='bbox 867 204 909 264; x_wconf 91' lang='lat' dir='ltr'>il.</span> <span class='ocrx_word' id='word_1_5' title='bbox 1167 214 1222 277; x_wconf 83' lang='lat'>197</span> 
     </span>
    </p>
   </div>
   <div class='ocr_carea' id='block_1_2' title="bbox 121 365 1410 2356">
    <p class='ocr_par' dir='ltr' id='par_1_2' title="bbox 121 365 1410 1837">
     <span class='ocr_line' id='line_1_2' title="bbox 160 365 1410 458; baseline -0.003 -22"><span class='ocrx_word' id='word_1_6' title='bbox 160 369 370 436; x_wconf 81' lang='lat' dir='ltr'>band-dubio</span> <span class='ocrx_word' id='word_1_7' title='bbox 394 369 588 456; x_wconf 84' lang='lat' dir='ltr'>inspeciem</span> <span class='ocrx_word' id='word_1_8' title='bbox 609 389 766 436; x_wconf 88' lang='lat' dir='ltr'>consensu</span> <span class='ocrx_word' id='word_1_9' title='bbox 779 369 817 436; x_wconf 83' lang='lat' dir='ltr'>fit</span> <span class='ocrx_word' id='word_1_10' title='bbox 831 369 873 436; x_wconf 85' lang='lat' dir='ltr'>ad</span> <span class='ocrx_word' id='word_1_11' title='bbox 889 365 1006 434; x_wconf 86' lang='lat' dir='ltr'>Poeuos</span> <span class='ocrx_word' id='word_1_12' title='bbox 1019 366 1156 434; x_wconf 85' lang='lat' dir='ltr'>deditio:</span> <span class='ocrx_word' id='word_1_13' title='bbox 1181 367 1221 434; x_wconf 87' lang='lat' dir='ltr'>L.</span> <span class='ocrx_word' id='word_1_14' title='bbox 1230 381 1259 430; x_wconf 88' lang='lat' dir='ltr'>u.</span> <span class='ocrx_word' id='word_1_15' title='bbox 1272 382 1385 432; x_wconf 77' lang='lat' dir='ltr'>cess..</span> <span class='ocrx_word' id='word_1_16' title='bbox 1408 444 1410 458; x_wconf 40' lang='grc' dir='ltr'>Ι</span> 
     </span>
     <span class='ocr_line' id='line_1_3' title="bbox 121 443 1366 556; baseline -0.005 -32"><span class='ocrx_word' id='word_1_17' title='bbox 121 450 126 460; x_wconf 75' lang='grc'><strong>’</strong></span> <span class='ocrx_word' id='word_1_18' title='bbox 162 457 262 524; x_wconf 86' lang='lat' dir='ltr'>Atilio</span> <span class='ocrx_word' id='word_1_19' title='bbox 285 457 436 542; x_wconf 80' lang='lat' dir='ltr'>praefecta</span> <span class='ocrx_word' id='word_1_20' title='bbox 460 455 607 540; x_wconf 79' lang='lat' dir='ltr'>praesidii,</span> <span class='ocrx_word' id='word_1_21' title='bbox 623 457 740 556; x_wconf 77' lang='lat' dir='ltr'>quique</span> <span class='ocrx_word' id='word_1_22' title='bbox 765 478 838 521; x_wconf 88' lang='lat' dir='ltr'>cum</span> <span class='ocrx_word' id='word_1_23' title='bbox 868 479 907 522; x_wconf 91' lang='lat' dir='ltr'>eo</span> <span class='ocrx_word' id='word_1_24' title='bbox 935 454 1050 520; x_wconf 84' lang='lat' dir='ltr'><strong>milites</strong></span> <span class='ocrx_word' id='word_1_25' title='bbox 1081 443 1366 520; x_wconf 50' lang='lat' dir='ltr'>sananim-‚²¹⁵³</span> 
     </span>
     <span class='ocr_line' id='line_1_4' title="bbox 161 541 1223 629; baseline 0.001 -23"><span class='ocrx_word' id='word_1_26' title='bbox 161 557 262 620; x_wconf 82' lang='lat' dir='ltr'>erant,</span> <span class='ocrx_word' id='word_1_27' title='bbox 279 545 360 609; x_wconf 89' lang='lat' dir='ltr'>clsrn</span> <span class='ocrx_word' id='word_1_28' title='bbox 376 543 409 608; x_wconf 91' lang='lat' dir='ltr'>iu</span> <span class='ocrx_word' id='word_1_29' title='bbox 425 554 554 626; x_wconf 87' lang='lat' dir='ltr'>portum</span> <span class='ocrx_word' id='word_1_30' title='bbox 567 542 721 619; x_wconf 86' lang='lat' dir='ltr'>deducus,</span> <span class='ocrx_word' id='word_1_31' title='bbox 736 547 830 629; x_wconf 89' lang='lat' dir='ltr'>atque</span> <span class='ocrx_word' id='word_1_32' title='bbox 848 541 993 628; x_wconf 77' lang='lat' dir='ltr'>inpositis</span> <span class='ocrx_word' id='word_1_33' title='bbox 1007 541 1041 606; x_wconf 94' lang='lat' dir='ltr'>in</span> <span class='ocrx_word' id='word_1_34' title='bbox 1063 563 1165 618; x_wconf 87' lang='lat' dir='ltr'>naves,</span> <span class='ocrx_word' id='word_1_35' title='bbox 1186 555 1223 608; x_wconf 83' lang='lat' dir='ltr'>ut</span> 
     </span>
     <span class='ocr_line' id='line_1_5' title="bbox 163 627 1347 717; baseline -0.002 -23"><span class='ocrx_word' id='word_1_36' title='bbox 163 629 325 717; x_wconf 74' lang='lat' dir='ltr'>Rhegium</span> <span class='ocrx_word' id='word_1_37' title='bbox 336 629 577 706; x_wconf 82' lang='lat' dir='ltr'>deueherentur,</span> <span class='ocrx_word' id='word_1_38' title='bbox 592 627 808 696; x_wconf 80' lang='lat' dir='ltr'>Hamilcarem</span> <span class='ocrx_word' id='word_1_39' title='bbox 823 629 1054 716; x_wconf 81' lang='lat' dir='ltr'>Poenosqueea</span> <span class='ocrx_word' id='word_1_40' title='bbox 1064 628 1347 693; x_wconf 70' lang='lat' dir='ltr'>conditio-Pseudo</span> 
     </span>
     <span class='ocr_line' id='line_1_6' title="bbox 161 710 1385 820; baseline -0.002 -37"><span class='ocrx_word' id='word_1_41' title='bbox 161 739 212 793; x_wconf 88' lang='lat' dir='ltr'>ue,</span> <span class='ocrx_word' id='word_1_42' title='bbox 229 731 265 780; x_wconf 89' lang='lat' dir='ltr'>ut</span> <span class='ocrx_word' id='word_1_43' title='bbox 279 716 383 782; x_wconf 81' lang='lat' dir='ltr'>foedus</span> <span class='ocrx_word' id='word_1_44' title='bbox 397 714 556 800; x_wconf 85' lang='lat' dir='ltr'>extemplo</span> <span class='ocrx_word' id='word_1_45' title='bbox 577 714 677 802; x_wconf 85' lang='lat' dir='ltr'>aequis</span> <span class='ocrx_word' id='word_1_46' title='bbox 698 715 820 802; x_wconf 87' lang='lat' dir='ltr'>legibus</span> <span class='ocrx_word' id='word_1_47' title='bbox 841 715 941 794; x_wconf 85' lang='lat' dir='ltr'>fieret,</span> <span class='ocrx_word' id='word_1_48' title='bbox 958 720 991 779; x_wconf 92' lang='lat' dir='ltr'>in</span> <span class='ocrx_word' id='word_1_49' title='bbox 1006 715 1117 782; x_wconf 88' lang='lat' dir='ltr'>urbem</span> <span class='ocrx_word' id='word_1_50' title='bbox 1133 737 1222 780; x_wconf 88' lang='lat' dir='ltr'>acce·</span> <span class='ocrx_word' id='word_1_51' title='bbox 1230 710 1385 820; x_wconf 51' lang='lat' dir='ltr'>mom·</span> 
     </span>
     <span class='ocr_line' id='line_1_7' title="bbox 161 801 1312 889; baseline -0.002 -21"><span class='ocrx_word' id='word_1_52' title='bbox 161 814 287 886; x_wconf 76' lang='lat' dir='ltr'>petunt</span> <span class='ocrx_word' id='word_1_53' title='bbox 311 804 400 889; x_wconf 83' lang='lat' dir='ltr'>cujus</span> <span class='ocrx_word' id='word_1_54' title='bbox 414 803 458 868; x_wconf 88' lang='lat' dir='ltr'>rei</span> <span class='ocrx_word' id='word_1_55' title='bbox 478 823 579 888; x_wconf 82' lang='lat' dir='ltr'><strong>prope</strong></span> <span class='ocrx_word' id='word_1_56' title='bbox 592 823 658 864; x_wconf 93' lang='lat' dir='ltr'>non</span> <span class='ocrx_word' id='word_1_57' title='bbox 673 814 795 867; x_wconf 88' lang='lat' dir='ltr'>servata</span> <span class='ocrx_word' id='word_1_58' title='bbox 816 801 894 866; x_wconf 84' lang='lat' dir='ltr'>fides</span> <span class='ocrx_word' id='word_1_59' title='bbox 916 802 1030 866; x_wconf 88' lang='lat' dir='ltr'>deditis</span> <span class='ocrx_word' id='word_1_60' title='bbox 1050 814 1106 876; x_wconf 79' lang='lat' dir='ltr'>est,</span> <span class='ocrx_word' id='word_1_61' title='bbox 1123 824 1221 888; x_wconf 91' lang='lat' dir='ltr'>quum</span> <span class='ocrx_word' id='word_1_62' title='bbox 1305 805 1312 820; x_wconf 93' lang='lat'>&#39;</span> 
     </span>
     <span class='ocr_line' id='line_1_8' title="bbox 163 887 1222 975; baseline -0.003 -19"><span class='ocrx_word' id='word_1_63' title='bbox 163 887 288 956; x_wconf 89' lang='lat' dir='ltr'>Poenus</span> <span class='ocrx_word' id='word_1_64' title='bbox 299 889 375 956; x_wconf 91' lang='lat' dir='ltr'>dolo</span> <span class='ocrx_word' id='word_1_65' title='bbox 386 889 551 954; x_wconf 89' lang='lat' dir='ltr'>dimissum</span> <span class='ocrx_word' id='word_1_66' title='bbox 568 889 748 953; x_wconf 81' lang='lat' dir='ltr'>Romanurn</span> <span class='ocrx_word' id='word_1_67' title='bbox 763 889 936 964; x_wconf 86' lang='lat' dir='ltr'>incusaret;</span> <span class='ocrx_word' id='word_1_68' title='bbox 960 891 1132 954; x_wconf 85' lang='lat' dir='ltr'><strong>Locrenses</strong></span> <span class='ocrx_word' id='word_1_69' title='bbox 1145 908 1222 975; x_wconf 84' lang='lat' dir='ltr'>pro-</span> 
     </span>
     <span class='ocr_line' id='line_1_9' title="bbox 161 974 1221 1061; baseline 0.002 -23"><span class='ocrx_word' id='word_1_70' title='bbox 161 975 279 1059; x_wconf 79' lang='lat' dir='ltr'>fugisse</span> <span class='ocrx_word' id='word_1_71' title='bbox 301 976 406 1061; x_wconf 87' lang='lat' dir='ltr'>ipsum</span> <span class='ocrx_word' id='word_1_72' title='bbox 426 987 655 1040; x_wconf 86' lang='lat' dir='ltr'>caussarentur.</span> <span class='ocrx_word' id='word_1_73' title='bbox 700 974 838 1039; x_wconf 88' lang='lat' dir='ltr'>Insecuti</span> <span class='ocrx_word' id='word_1_74' title='bbox 852 975 945 1040; x_wconf 87' lang='lat' dir='ltr'>etiam</span> <span class='ocrx_word' id='word_1_75' title='bbox 961 976 1081 1060; x_wconf 84' lang='lat' dir='ltr'>equites</span> <span class='ocrx_word' id='word_1_76' title='bbox 1095 989 1178 1052; x_wconf 85' lang='lat' dir='ltr'>sunt,</span> <span class='ocrx_word' id='word_1_77' title='bbox 1195 976 1221 1040; x_wconf 91' lang='lat' dir='ltr'>si</span> 
     </span>
     <span class='ocr_line' id='line_1_10' title="bbox 162 1059 1221 1148; baseline -0.002 -20"><span class='ocrx_word' id='word_1_78' title='bbox 162 1084 227 1148; x_wconf 88' lang='lat' dir='ltr'>quo</span> <span class='ocrx_word' id='word_1_79' title='bbox 242 1084 317 1128; x_wconf 87' lang='lat' dir='ltr'>casu</span> <span class='ocrx_word' id='word_1_80' title='bbox 331 1063 365 1126; x_wconf 94' lang='lat' dir='ltr'>in</span> <span class='ocrx_word' id='word_1_81' title='bbox 378 1061 459 1126; x_wconf 83' lang='lat' dir='ltr'>freto</span> <span class='ocrx_word' id='word_1_82' title='bbox 473 1075 567 1126; x_wconf 84' lang='lat' dir='ltr'>aestas</span> <span class='ocrx_word' id='word_1_83' title='bbox 581 1061 711 1140; x_wconf 89' lang='lat' dir='ltr'>morari,</span> <span class='ocrx_word' id='word_1_84' title='bbox 726 1074 781 1127; x_wconf 90' lang='lat' dir='ltr'>aut</span> <span class='ocrx_word' id='word_1_85' title='bbox 800 1059 923 1126; x_wconf 87' lang='lat' dir='ltr'>deferre</span> <span class='ocrx_word' id='word_1_86' title='bbox 936 1083 1030 1129; x_wconf 89' lang='lat' dir='ltr'>naves</span> <span class='ocrx_word' id='word_1_87' title='bbox 1049 1062 1082 1125; x_wconf 96' lang='lat' dir='ltr'>in</span> <span class='ocrx_word' id='word_1_88' title='bbox 1102 1074 1221 1126; x_wconf 89' lang='lat' dir='ltr'>terram</span> 
     </span>
     <span class='ocr_line' id='line_1_11' title="bbox 163 1147 1220 1234; baseline -0.002 -20"><span class='ocrx_word' id='word_1_89' title='bbox 163 1161 278 1232; x_wconf 82' lang='lat' dir='ltr'>posset.</span> <span class='ocrx_word' id='word_1_90' title='bbox 302 1161 333 1212; x_wconf 91' lang='lat' dir='ltr'>et</span> <span class='ocrx_word' id='word_1_91' title='bbox 352 1169 405 1214; x_wconf 91' lang='lat' dir='ltr'>eos</span> <span class='ocrx_word' id='word_1_92' title='bbox 419 1148 559 1234; x_wconf 90' lang='lat' dir='ltr'>quidem,</span> <span class='ocrx_word' id='word_1_93' title='bbox 576 1169 655 1234; x_wconf 86' lang='lat' dir='ltr'>quos</span> <span class='ocrx_word' id='word_1_94' title='bbox 678 1147 898 1232; x_wconf 81' lang='lat' dir='ltr'><strong>sequebantur,</strong></span> <span class='ocrx_word' id='word_1_95' title='bbox 913 1169 978 1212; x_wconf 90' lang='lat' dir='ltr'>uon</span> <span class='ocrx_word' id='word_1_96' title='bbox 1000 1160 1075 1212; x_wconf 89' lang='lat' dir='ltr'>sunt</span> <span class='ocrx_word' id='word_1_97' title='bbox 1094 1147 1220 1232; x_wconf 82' lang='lat' dir='ltr'>adepti:</span> 
     </span>
     <span class='ocr_line' id='line_1_12' title="bbox 162 1233 1221 1320; baseline 0.003 -23"><span class='ocrx_word' id='word_1_98' title='bbox 162 1235 239 1300; x_wconf 85' lang='lat' dir='ltr'>alias</span> <span class='ocrx_word' id='word_1_99' title='bbox 253 1234 438 1308; x_wconf 79' lang='lat' dir='ltr'>aMessaua</span> <span class='ocrx_word' id='word_1_100' title='bbox 453 1234 643 1320; x_wconf 76' lang='lat' dir='ltr'>trajicientes</span> <span class='ocrx_word' id='word_1_101' title='bbox 664 1236 746 1298; x_wconf 84' lang='lat' dir='ltr'>freto</span> <span class='ocrx_word' id='word_1_102' title='bbox 770 1233 841 1300; x_wconf 88' lang='lat' dir='ltr'>Rhe</span> <span class='ocrx_word' id='word_1_103' title='bbox 864 1235 929 1300; x_wconf 89' lang='lat' dir='ltr'>ium</span> <span class='ocrx_word' id='word_1_104' title='bbox 951 1256 1045 1300; x_wconf 86' lang='lat' dir='ltr'>naves</span> <span class='ocrx_word' id='word_1_105' title='bbox 1066 1253 1221 1318; x_wconf 86' lang='lat' dir='ltr'>conspex-</span> 
     </span>
     <span class='ocr_line' id='line_1_13' title="bbox 163 1258 1220 1407; baseline 0.003 -21"><span class='ocrx_word' id='word_1_106' title='bbox 163 1335 267 1388; x_wconf 75' lang='lat' dir='ltr'>erunt.</span> <span class='ocrx_word' id='word_1_107' title='bbox 312 1320 432 1386; x_wconf 85' lang='lat' dir='ltr'>Milites</span> <span class='ocrx_word' id='word_1_108' title='bbox 453 1334 545 1386; x_wconf 86' lang='lat' dir='ltr'>eraut</span> <span class='ocrx_word' id='word_1_109' title='bbox 565 1321 713 1397; x_wconf 89' lang='lat' dir='ltr'>Romani,</span> <span class='ocrx_word' id='word_1_110' title='bbox 730 1343 749 1384; x_wconf 87' lang='lat' dir='ltr'>a</span> <span class='ocrx_word' id='word_1_111' title='bbox 764 1258 900 1388; x_wconf 64' lang='lat' dir='ltr'>Claudio</span> <span class='ocrx_word' id='word_1_112' title='bbox 914 1335 1052 1407; x_wconf 81' lang='lat' dir='ltr'>praetore</span> <span class='ocrx_word' id='word_1_113' title='bbox 1071 1320 1158 1386; x_wconf 90' lang='lat' dir='ltr'>missi</span> <span class='ocrx_word' id='word_1_114' title='bbox 1179 1320 1220 1389; x_wconf 84' lang='lat' dir='ltr'>sd</span> 
     </span>
     <span class='ocr_line' id='line_1_14' title="bbox 162 1406 1222 1508; baseline 0.001 -36"><span class='ocrx_word' id='word_1_115' title='bbox 162 1407 369 1474; x_wconf 88' lang='lat' dir='ltr'>obtinendam</span> <span class='ocrx_word' id='word_1_116' title='bbox 391 1407 502 1472; x_wconf 90' lang='lat' dir='ltr'>urbem</span> <span class='ocrx_word' id='word_1_117' title='bbox 525 1407 682 1492; x_wconf 76' lang='lat' dir='ltr'>praesidio.</span> <span class='ocrx_word' id='word_1_118' title='bbox 704 1407 810 1492; x_wconf 89' lang='lat' dir='ltr'>itaque</span> <span class='ocrx_word' id='word_1_119' title='bbox 832 1406 958 1508; x_wconf 73' lang='lat' dir='ltr'>Rhegio</span> <span class='ocrx_word' id='word_1_120' title='bbox 973 1406 1134 1492; x_wconf 83' lang='lat' dir='ltr'>extemplo</span> <span class='ocrx_word' id='word_1_121' title='bbox 1149 1406 1222 1473; x_wconf 88' lang='lat' dir='ltr'>abs·</span> 
     </span>
     <span class='ocr_line' id='line_1_15' title="bbox 162 1493 1355 1579; baseline 0.001 -19"><span class='ocrx_word' id='word_1_122' title='bbox 162 1515 283 1560; x_wconf 67' lang='lat' dir='ltr'>ameum</span> <span class='ocrx_word' id='word_1_123' title='bbox 299 1506 356 1558; x_wconf 87' lang='lat' dir='ltr'>est.</span> <span class='ocrx_word' id='word_1_124' title='bbox 401 1493 613 1560; x_wconf 78' lang='lat' dir='ltr'>Locrensibus</span> <span class='ocrx_word' id='word_1_125' title='bbox 629 1493 718 1578; x_wconf 88' lang='lat' dir='ltr'>jussu</span> <span class='ocrx_word' id='word_1_126' title='bbox 744 1493 937 1560; x_wconf 75' lang='lat' dir='ltr'>Hannibalis</span> <span class='ocrx_word' id='word_1_127' title='bbox 949 1493 1029 1561; x_wconf 86' lang='lat' dir='ltr'>deta</span> <span class='ocrx_word' id='word_1_128' title='bbox 1041 1517 1117 1579; x_wconf 81' lang='lat' dir='ltr'>pax,</span> <span class='ocrx_word' id='word_1_129' title='bbox 1132 1504 1167 1560; x_wconf 77' lang='lat' dir='ltr'>ui</span> <span class='ocrx_word' id='word_1_130' title='bbox 1181 1497 1306 1568; x_wconf 64' lang='lat' dir='ltr'>li-rsges</span> <span class='ocrx_word' id='word_1_131' title='bbox 1316 1519 1355 1553; x_wconf 77' lang='grc' dir='ltr'>ω·</span> 
     </span>
     <span class='ocr_line' id='line_1_16' title="bbox 162 1571 1373 1684; baseline 0.002 -40"><span class='ocrx_word' id='word_1_132' title='bbox 162 1581 229 1645; x_wconf 81' lang='lat' dir='ltr'>heri</span> <span class='ocrx_word' id='word_1_133' title='bbox 237 1583 301 1646; x_wconf 71' lang='lat' dir='ltr'>suas</span> <span class='ocrx_word' id='word_1_134' title='bbox 310 1581 426 1666; x_wconf 84' lang='lat' dir='ltr'>legibus</span> <span class='ocrx_word' id='word_1_135' title='bbox 437 1583 589 1646; x_wconf 77' lang='lat' dir='ltr'>viverent:</span> <span class='ocrx_word' id='word_1_136' title='bbox 602 1580 672 1644; x_wconf 83' lang='lat' dir='ltr'>urbs</span> <span class='ocrx_word' id='word_1_137' title='bbox 682 1589 808 1662; x_wconf 83' lang='lat' dir='ltr'>pateret</span> <span class='ocrx_word' id='word_1_138' title='bbox 815 1582 936 1661; x_wconf 73' lang='lat' dir='ltr'>Ptenis,</span> <span class='ocrx_word' id='word_1_139' title='bbox 941 1581 1113 1664; x_wconf 66' lang='lat' dir='ltr'>partesue</span> <span class='ocrx_word' id='word_1_140' title='bbox 1118 1591 1222 1663; x_wconf 69' lang='lat' dir='ltr'>potes</span> <span class='ocrx_word' id='word_1_141' title='bbox 1230 1571 1373 1684; x_wconf 40' lang='grc' dir='ltr'>ἓξὲξ</span> 
     </span>
     <span class='ocr_line' id='line_1_17' title="bbox 163 1666 1371 1751; baseline 0.002 -21"><span class='ocrx_word' id='word_1_142' title='bbox 163 1667 274 1732; x_wconf 64' lang='grc' dir='ltr'>τατινιιδ</span> <span class='ocrx_word' id='word_1_143' title='bbox 295 1669 494 1734; x_wconf 79' lang='lat' dir='ltr'>Locrensium</span> <span class='ocrx_word' id='word_1_144' title='bbox 512 1676 609 1732; x_wconf 75' lang='lat' dir='ltr'>esset.-</span> <span class='ocrx_word' id='word_1_145' title='bbox 628 1669 755 1732; x_wconf 83' lang='lat' dir='ltr'>societas</span> <span class='ocrx_word' id='word_1_146' title='bbox 776 1687 811 1730; x_wconf 88' lang='lat' dir='ltr'>eu</span> <span class='ocrx_word' id='word_1_147' title='bbox 829 1666 906 1751; x_wconf 84' lang='lat' dir='ltr'>jure</span> <span class='ocrx_word' id='word_1_148' title='bbox 924 1677 1031 1749; x_wconf 86' lang='lat' dir='ltr'>staret,</span> <span class='ocrx_word' id='word_1_149' title='bbox 1053 1677 1088 1732; x_wconf 87' lang='lat' dir='ltr'>ut</span> <span class='ocrx_word' id='word_1_150' title='bbox 1105 1669 1256 1748; x_wconf 40' lang='lat' dir='ltr'>Pontus</span> <span class='ocrx_word' id='word_1_151' title='bbox 1266 1699 1371 1748; x_wconf 71' lang='lat' dir='ltr'>Leaen·</span> 
     </span>
     <span class='ocr_line' id='line_1_18' title="bbox 164 1753 1277 1837; baseline -0.004 -19"><span class='ocrx_word' id='word_1_152' title='bbox 164 1754 353 1831; x_wconf 68' lang='lat' dir='ltr'>lotrensem,</span> <span class='ocrx_word' id='word_1_153' title='bbox 370 1755 592 1836; x_wconf 83' lang='lat' dir='ltr'>Locrensisque</span> <span class='ocrx_word' id='word_1_154' title='bbox 604 1755 733 1816; x_wconf 83' lang='lat' dir='ltr'>Poenum</span> <span class='ocrx_word' id='word_1_155' title='bbox 741 1774 822 1834; x_wconf 82' lang='lat' dir='ltr'>poce</span> <span class='ocrx_word' id='word_1_156' title='bbox 835 1775 873 1816; x_wconf 92' lang='lat' dir='ltr'>oc</span> <span class='ocrx_word' id='word_1_157' title='bbox 887 1753 1106 1837; x_wconf 74' lang='lat' dir='ltr'>bellojeeoorett</span> <span class='ocrx_word' id='word_1_158' title='bbox 1231 1778 1277 1814; x_wconf 81' lang='lat' dir='ltr'>sea</span> 
     </span>
    </p>

    <p class='ocr_par' dir='ltr' id='par_1_3' title="bbox 161 1836 1383 2356">
     <span class='ocr_line' id='line_1_19' title="bbox 210 1836 1222 1926; baseline 0.005 -24"><span class='ocrx_word' id='word_1_159' title='bbox 210 1838 258 1904; x_wconf 87' lang='lat'>11.</span> <span class='ocrx_word' id='word_1_160' title='bbox 282 1839 333 1904; x_wconf 87' lang='lat' dir='ltr'>Sic</span> <span class='ocrx_word' id='word_1_161' title='bbox 347 1839 461 1905; x_wconf 81' lang='lat' dir='ltr'>efreto</span> <span class='ocrx_word' id='word_1_162' title='bbox 486 1839 578 1904; x_wconf 89' lang='lat' dir='ltr'>Poeni</span> <span class='ocrx_word' id='word_1_163' title='bbox 599 1838 732 1920; x_wconf 87' lang='lat' dir='ltr'>reducti,</span> <span class='ocrx_word' id='word_1_164' title='bbox 747 1836 953 1905; x_wconf 87' lang='lat' dir='ltr'>frementibus</span> <span class='ocrx_word' id='word_1_165' title='bbox 973 1840 1118 1918; x_wconf 84' lang='lat' dir='ltr'>Bruttiis,</span> <span class='ocrx_word' id='word_1_166' title='bbox 1134 1841 1222 1926; x_wconf 90' lang='lat' dir='ltr'>quod</span> 
     </span>
     <span class='ocr_line' id='line_1_20' title="bbox 165 1924 1224 2013; baseline 0 -21"><span class='ocrx_word' id='word_1_167' title='bbox 165 1925 327 2013; x_wconf 76' lang='lat' dir='ltr'>Rhegium</span> <span class='ocrx_word' id='word_1_168' title='bbox 339 1949 376 1992; x_wconf 91' lang='lat' dir='ltr'>ac</span> <span class='ocrx_word' id='word_1_169' title='bbox 389 1927 522 2002; x_wconf 88' lang='lat' dir='ltr'>Locros,</span> <span class='ocrx_word' id='word_1_170' title='bbox 539 1947 616 2010; x_wconf 86' lang='lat' dir='ltr'>quas</span> <span class='ocrx_word' id='word_1_171' title='bbox 631 1924 723 1990; x_wconf 87' lang='lat' dir='ltr'>urbes</span> <span class='ocrx_word' id='word_1_172' title='bbox 737 1924 916 2010; x_wconf 86' lang='lat' dir='ltr'>direpturos</span> <span class='ocrx_word' id='word_1_173' title='bbox 930 1947 963 1990; x_wconf 90' lang='lat' dir='ltr'>se</span> <span class='ocrx_word' id='word_1_174' title='bbox 976 1926 1224 2011; x_wconf 85' lang='lat' dir='ltr'>destinaverant,</span> 
     </span>
     <span class='ocr_line' id='line_1_21' title="bbox 161 2011 1223 2112; baseline 0.005 -36"><span class='ocrx_word' id='word_1_175' title='bbox 161 2012 297 2078; x_wconf 82' lang='lat' dir='ltr'>intactas</span> <span class='ocrx_word' id='word_1_176' title='bbox 312 2013 518 2100; x_wconf 87' lang='lat' dir='ltr'>reliquissent.</span> <span class='ocrx_word' id='word_1_177' title='bbox 564 2011 676 2112; x_wconf 85' lang='lat' dir='ltr'>ltaque</span> <span class='ocrx_word' id='word_1_178' title='bbox 699 2033 756 2095; x_wconf 89' lang='lat' dir='ltr'>per</span> <span class='ocrx_word' id='word_1_179' title='bbox 777 2034 810 2076; x_wconf 93' lang='lat' dir='ltr'>se</span> <span class='ocrx_word' id='word_1_180' title='bbox 832 2011 902 2096; x_wconf 89' lang='lat' dir='ltr'>ipsi,</span> <span class='ocrx_word' id='word_1_181' title='bbox 918 2014 1103 2098; x_wconf 88' lang='lat' dir='ltr'>conscriptis</span> <span class='ocrx_word' id='word_1_182' title='bbox 1118 2035 1223 2080; x_wconf 83' lang='lat' dir='ltr'>arma·</span> 
     </span>
     <span class='ocr_line' id='line_1_22' title="bbox 163 2097 1322 2185; baseline 0.005 -23"><span class='ocrx_word' id='word_1_183' title='bbox 163 2101 268 2185; x_wconf 88' lang='lat' dir='ltr'>tisque</span> <span class='ocrx_word' id='word_1_184' title='bbox 291 2100 467 2185; x_wconf 87' lang='lat' dir='ltr'>juventutis</span> <span class='ocrx_word' id='word_1_185' title='bbox 491 2121 557 2163; x_wconf 83' lang='lat' dir='ltr'>suae</span> <span class='ocrx_word' id='word_1_186' title='bbox 580 2097 761 2180; x_wconf 84' lang='lat' dir='ltr'>qmndecim</span> <span class='ocrx_word' id='word_1_187' title='bbox 789 2097 937 2175; x_wconf 86' lang='lat' dir='ltr'>millibus,</span> <span class='ocrx_word' id='word_1_188' title='bbox 961 2097 1023 2164; x_wconf 73' lang='lat' dir='ltr'>*ad</span> <span class='ocrx_word' id='word_1_189' title='bbox 1046 2099 1221 2169; x_wconf 84' lang='lat' dir='ltr'>Crotonem</span> <span class='ocrx_word' id='word_1_190' title='bbox 1230 2113 1322 2159; x_wconf 79' lang='lat' dir='ltr'>umam</span> 
     </span>
     <span class='ocr_line' id='line_1_23' title="bbox 162 2178 1373 2288; baseline 0 -36"><span class='ocrx_word' id='word_1_191' title='bbox 162 2185 415 2286; x_wconf 76' lang='lat' dir='ltr'>obpugnandum</span> <span class='ocrx_word' id='word_1_192' title='bbox 440 2197 579 2273; x_wconf 84' lang='lat' dir='ltr'>pergunt</span> <span class='ocrx_word' id='word_1_193' title='bbox 603 2185 666 2260; x_wconf 80' lang='lat' dir='ltr'>ire3</span> <span class='ocrx_word' id='word_1_194' title='bbox 691 2184 839 2250; x_wconf 85' lang='lat' dir='ltr'>Graecanr</span> <span class='ocrx_word' id='word_1_195' title='bbox 865 2197 898 2250; x_wconf 87' lang='lat' dir='ltr'>et</span> <span class='ocrx_word' id='word_1_196' title='bbox 921 2184 1023 2269; x_wconf 87' lang='lat' dir='ltr'>ipsam</span> <span class='ocrx_word' id='word_1_197' title='bbox 1045 2186 1167 2264; x_wconf 87' lang='lat' dir='ltr'>urbem,</span> <span class='ocrx_word' id='word_1_198' title='bbox 1189 2178 1373 2288; x_wconf 59' lang='lat' dir='ltr'>‘tddowmt</span> 
     </span>
     <span class='ocr_line' id='line_1_24' title="bbox 163 2254 1383 2356; baseline 0.004 -21"><span class='ocrx_word' id='word_1_199' title='bbox 163 2272 374 2336; x_wconf 78' lang='lat' dir='ltr'>ruaritrmame</span> <span class='ocrx_word' id='word_1_200' title='bbox 398 2271 569 2356; x_wconf 86' lang='lat' dir='ltr'>plurimum</span> <span class='ocrx_word' id='word_1_201' title='bbox 585 2292 781 2336; x_wconf 84' lang='lat' dir='ltr'>accessurum</span> <span class='ocrx_word' id='word_1_202' title='bbox 799 2271 922 2355; x_wconf 90' lang='lat' dir='ltr'>opibus,</span> <span class='ocrx_word' id='word_1_203' title='bbox 938 2271 965 2336; x_wconf 92' lang='lat' dir='ltr'>si</span> <span class='ocrx_word' id='word_1_204' title='bbox 989 2272 1022 2336; x_wconf 92' lang='lat' dir='ltr'>in</span> <span class='ocrx_word' id='word_1_205' title='bbox 1047 2295 1105 2336; x_wconf 86' lang='lat' dir='ltr'>ora</span> <span class='ocrx_word' id='word_1_206' title='bbox 1127 2275 1222 2340; x_wconf 86' lang='lat' dir='ltr'>maris</span> <span class='ocrx_word' id='word_1_207' title='bbox 1262 2254 1383 2304; x_wconf 64' lang='lat' dir='ltr'>pu⁸⁰⁸⁰⁸</span> 
     </span>
    </p>
   </div>
   <div class='ocr_carea' id='block_1_3' title="bbox 161 2357 1221 2446">
    <p class='ocr_par' dir='ltr' id='par_1_4' title="bbox 161 2357 1221 2446">
     <span class='ocr_line' id='line_1_25' title="bbox 161 2357 1221 2446; baseline 0.01 -28"><span class='ocrx_word' id='word_1_208' title='bbox 161 2358 300 2424; x_wconf 80' lang='lat' dir='ltr'>⁵urbem</span> <span class='ocrx_word' id='word_1_209' title='bbox 321 2370 416 2446; x_wconf 86' lang='lat' dir='ltr'>portu</span> <span class='ocrx_word' id='word_1_210' title='bbox 437 2381 475 2424; x_wconf 88' lang='lat' dir='ltr'>ac</span> <span class='ocrx_word' id='word_1_211' title='bbox 498 2357 656 2426; x_wconf 89' lang='lat' dir='ltr'>moenibus</span> <span class='ocrx_word' id='word_1_212' title='bbox 670 2357 827 2422; x_wconf 80' lang='lat' dir='ltr'>validam⁰</span> <span class='ocrx_word' id='word_1_213' title='bbox 846 2357 1028 2434; x_wconf 88' lang='lat' dir='ltr'>tenuissent,</span> <span class='ocrx_word' id='word_1_214' title='bbox 1046 2359 1221 2430; x_wconf 84' lang='lat' dir='ltr'>credentes.</span> 
     </span>
    </p>
   </div>
   <div class='ocr_carea' id='block_1_4' title="bbox 156 2443 1223 2942">
    <p class='ocr_par' dir='ltr' id='par_1_5' title="bbox 156 2443 1223 2942">
     <span class='ocr_line' id='line_1_26' title="bbox 164 2443 1222 2534; baseline 0.003 -24"><span class='ocrx_word' id='word_1_215' title='bbox 164 2443 215 2510; x_wconf 83' lang='lat' dir='ltr'>Ea</span> <span class='ocrx_word' id='word_1_216' title='bbox 238 2467 317 2510; x_wconf 89' lang='lat' dir='ltr'>cura</span> <span class='ocrx_word' id='word_1_217' title='bbox 341 2445 486 2534; x_wconf 86' lang='lat' dir='ltr'>angebat,</span> <span class='ocrx_word' id='word_1_218' title='bbox 510 2443 597 2530; x_wconf 91' lang='lat' dir='ltr'>quod</span> <span class='ocrx_word' id='word_1_219' title='bbox 617 2465 720 2530; x_wconf 90' lang='lat' dir='ltr'>neque</span> <span class='ocrx_word' id='word_1_220' title='bbox 740 2466 806 2509; x_wconf 89' lang='lat' dir='ltr'>non</span> <span class='ocrx_word' id='word_1_221' title='bbox 828 2465 984 2510; x_wconf 81' lang='lat' dir='ltr'>arcessere</span> <span class='ocrx_word' id='word_1_222' title='bbox 1005 2444 1046 2510; x_wconf 90' lang='lat' dir='ltr'>ad</span> <span class='ocrx_word' id='word_1_223' title='bbox 1067 2445 1222 2512; x_wconf 83' lang='lat' dir='ltr'>auxilium</span> 
     </span>
     <span class='ocr_line' id='line_1_27' title="bbox 164 2530 1223 2618; baseline -0.002 -18"><span class='ocrx_word' id='word_1_224' title='bbox 164 2530 285 2600; x_wconf 86' lang='lat' dir='ltr'>Poeuos</span> <span class='ocrx_word' id='word_1_225' title='bbox 307 2532 381 2598; x_wconf 86' lang='lat' dir='ltr'>setis</span> <span class='ocrx_word' id='word_1_226' title='bbox 394 2531 566 2610; x_wconf 84' lang='lat' dir='ltr'>audebant,</span> <span class='ocrx_word' id='word_1_227' title='bbox 582 2551 621 2594; x_wconf 91' lang='lat' dir='ltr'>ne</span> <span class='ocrx_word' id='word_1_228' title='bbox 636 2530 714 2616; x_wconf 91' lang='lat' dir='ltr'>quid</span> <span class='ocrx_word' id='word_1_229' title='bbox 734 2552 800 2598; x_wconf 87' lang='lat' dir='ltr'>non</span> <span class='ocrx_word' id='word_1_230' title='bbox 822 2551 881 2614; x_wconf 87' lang='lat' dir='ltr'>pro</span> <span class='ocrx_word' id='word_1_231' title='bbox 902 2531 994 2598; x_wconf 85' lang='lat' dir='ltr'>sociis</span> <span class='ocrx_word' id='word_1_232' title='bbox 1017 2532 1117 2618; x_wconf 76' lang='lat' dir='ltr'>egisse</span> <span class='ocrx_word' id='word_1_233' title='bbox 1137 2532 1223 2598; x_wconf 83' lang='lat' dir='ltr'>vide·</span> 
     </span>
     <span class='ocr_line' id='line_1_28' title="bbox 161 2615 1223 2705; baseline 0.004 -25"><span class='ocrx_word' id='word_1_234' title='bbox 161 2630 291 2686; x_wconf 84' lang='lat' dir='ltr'>rantur:</span> <span class='ocrx_word' id='word_1_235' title='bbox 315 2633 356 2696; x_wconf 86' lang='lat' dir='ltr'>et,</span> <span class='ocrx_word' id='word_1_236' title='bbox 373 2619 399 2681; x_wconf 87' lang='lat' dir='ltr'>si</span> <span class='ocrx_word' id='word_1_237' title='bbox 424 2615 544 2682; x_wconf 89' lang='lat' dir='ltr'>Poenus</span> <span class='ocrx_word' id='word_1_238' title='bbox 559 2638 668 2686; x_wconf 90' lang='lat' dir='ltr'>rursus</span> <span class='ocrx_word' id='word_1_239' title='bbox 683 2618 783 2704; x_wconf 85' lang='lat' dir='ltr'>magis</span> <span class='ocrx_word' id='word_1_240' title='bbox 798 2617 916 2681; x_wconf 81' lang='lat' dir='ltr'>arbiter</span> <span class='ocrx_word' id='word_1_241' title='bbox 937 2618 1032 2702; x_wconf 89' lang='lat' dir='ltr'>pacis,</span> <span class='ocrx_word' id='word_1_242' title='bbox 1050 2639 1145 2705; x_wconf 89' lang='lat' dir='ltr'>quam</span> <span class='ocrx_word' id='word_1_243' title='bbox 1166 2619 1223 2684; x_wconf 89' lang='lat' dir='ltr'>ad-</span> 
     </span>
     <span class='ocr_line' id='line_1_29' title="bbox 156 2703 1222 2790; baseline -0.001 -21"><span class='ocrx_word' id='word_1_244' title='bbox 156 2705 250 2790; x_wconf 88' lang='lat' dir='ltr'>jutor</span> <span class='ocrx_word' id='word_1_245' title='bbox 257 2704 344 2783; x_wconf 90' lang='lat' dir='ltr'>belli,</span> <span class='ocrx_word' id='word_1_246' title='bbox 354 2704 471 2782; x_wconf 87' lang='lat' dir='ltr'>fuisset,</span> <span class='ocrx_word' id='word_1_247' title='bbox 481 2725 522 2768; x_wconf 92' lang='lat' dir='ltr'>ne</span> <span class='ocrx_word' id='word_1_248' title='bbox 531 2704 563 2766; x_wconf 95' lang='lat' dir='ltr'>in</span> <span class='ocrx_word' id='word_1_249' title='bbox 572 2703 749 2770; x_wconf 87' lang='lat' dir='ltr'>libertatem</span> <span class='ocrx_word' id='word_1_250' title='bbox 758 2703 918 2780; x_wconf 91' lang='lat' dir='ltr'>Crotonis,</span> <span class='ocrx_word' id='word_1_251' title='bbox 929 2705 1009 2770; x_wconf 91' lang='lat' dir='ltr'>sicut</span> <span class='ocrx_word' id='word_1_252' title='bbox 1018 2721 1092 2770; x_wconf 85' lang='lat' dir='ltr'>ante</span> <span class='ocrx_word' id='word_1_253' title='bbox 1100 2704 1222 2770; x_wconf 87' lang='lat' dir='ltr'>Locro-</span> 
     </span>
     <span class='ocr_line' id='line_1_30' title="bbox 161 2789 1222 2942; baseline 0.002 -87"><span class='ocrx_word' id='word_1_254' title='bbox 161 2790 586 2942; x_wconf 57' lang='lat' dir='ltr'>rum,frustrapu5naretur.</span> <span class='ocrx_word' id='word_1_255' title='bbox 611 2791 885 2874; x_wconf 84' lang='lat' dir='ltr'>ltaqueoptimum</span> <span class='ocrx_word' id='word_1_256' title='bbox 896 2789 997 2855; x_wconf 89' lang='lat' dir='ltr'>visum</span> <span class='ocrx_word' id='word_1_257' title='bbox 1008 2805 1064 2870; x_wconf 86' lang='lat' dir='ltr'>est,</span> <span class='ocrx_word' id='word_1_258' title='bbox 1075 2793 1116 2856; x_wconf 91' lang='lat' dir='ltr'>ad</span> <span class='ocrx_word' id='word_1_259' title='bbox 1127 2791 1222 2857; x_wconf 88' lang='lat' dir='ltr'>Hau·</span> 
     </span>
    </p>
   </div>
   <div class='ocr_carea' id='block_1_5' title="bbox 162 2877 1224 3140">
    <p class='ocr_par' dir='ltr' id='par_1_6' title="bbox 162 2877 1224 3140">
     <span class='ocr_line' id='line_1_31' title="bbox 162 2877 1224 2964; baseline 0.002 -22"><span class='ocrx_word' id='word_1_260' title='bbox 162 2877 303 2944; x_wconf 83' lang='lat' dir='ltr'>nibalem</span> <span class='ocrx_word' id='word_1_261' title='bbox 328 2879 412 2944; x_wconf 89' lang='lat' dir='ltr'>mitti</span> <span class='ocrx_word' id='word_1_262' title='bbox 448 2891 566 2964; x_wconf 80' lang='lat' dir='ltr'>egatus,</span> <span class='ocrx_word' id='word_1_263' title='bbox 582 2878 746 2961; x_wconf 84' lang='lat' dir='ltr'>caverique</span> <span class='ocrx_word' id='word_1_264' title='bbox 767 2877 808 2940; x_wconf 89' lang='lat' dir='ltr'>ab</span> <span class='ocrx_word' id='word_1_265' title='bbox 830 2900 878 2956; x_wconf 92' lang='lat' dir='ltr'>eo,</span> <span class='ocrx_word' id='word_1_266' title='bbox 896 2889 931 2944; x_wconf 92' lang='lat' dir='ltr'>ut</span> <span class='ocrx_word' id='word_1_267' title='bbox 952 2893 1098 2964; x_wconf 88' lang='lat' dir='ltr'>receptus</span> <span class='ocrx_word' id='word_1_268' title='bbox 1122 2879 1224 2945; x_wconf 87' lang='lat' dir='ltr'>Croto</span> 
     </span>
     <span class='ocr_line' id='line_1_32' title="bbox 162 2962 1223 3049; baseline 0.002 -20"><span class='ocrx_word' id='word_1_269' title='bbox 162 2963 367 3029; x_wconf 77' lang='lat' dir='ltr'>Bruttiorum</span> <span class='ocrx_word' id='word_1_270' title='bbox 384 2980 472 3028; x_wconf 82' lang='lat' dir='ltr'>esset.</span> <span class='ocrx_word' id='word_1_271' title='bbox 520 2962 685 3027; x_wconf 84' lang='lat' dir='ltr'>Hannibal</span> <span class='ocrx_word' id='word_1_272' title='bbox 708 2985 805 3049; x_wconf 90' lang='lat' dir='ltr'>quum</span> <span class='ocrx_word' id='word_1_273' title='bbox 827 2965 1031 3048; x_wconf 81' lang='lat' dir='ltr'>praesentiurn</span> <span class='ocrx_word' id='word_1_274' title='bbox 1055 2987 1124 3030; x_wconf 90' lang='lat' dir='ltr'>eam</span> <span class='ocrx_word' id='word_1_275' title='bbox 1146 2988 1223 3031; x_wconf 88' lang='lat' dir='ltr'>eon·</span> 
     </span>
     <span class='ocr_line' id='line_1_33' title="bbox 162 3049 1223 3140; baseline 0.002 -24"><span class='ocrx_word' id='word_1_276' title='bbox 162 3051 364 3118; x_wconf 84' lang='lat' dir='ltr'>saltationem</span> <span class='ocrx_word' id='word_1_277' title='bbox 380 3073 446 3116; x_wconf 85' lang='lat' dir='ltr'>esse</span> <span class='ocrx_word' id='word_1_278' title='bbox 467 3049 689 3136; x_wconf 85' lang='lat' dir='ltr'>respondisset,</span> <span class='ocrx_word' id='word_1_279' title='bbox 703 3063 736 3113; x_wconf 91' lang='lat' dir='ltr'>et</span> <span class='ocrx_word' id='word_1_280' title='bbox 756 3049 797 3114; x_wconf 90' lang='lat' dir='ltr'>ad</span> <span class='ocrx_word' id='word_1_281' title='bbox 820 3049 1016 3118; x_wconf 87' lang='lat' dir='ltr'>Hannonem</span> <span class='ocrx_word' id='word_1_282' title='bbox 1031 3075 1085 3118; x_wconf 86' lang='lat' dir='ltr'>eos</span> <span class='ocrx_word' id='word_1_283' title='bbox 1102 3054 1223 3140; x_wconf 89' lang='lat' dir='ltr'>rejecis-</span> 
     </span>
    </p>
   </div>
   <div class='ocr_carea' id='block_1_6' title="bbox 205 3217 1178 3303">
    <p class='ocr_par' dir='ltr' id='par_1_7' title="bbox 205 3217 1178 3303">
     <span class='ocr_line' id='line_1_34' title="bbox 205 3217 1178 3303; baseline 0.003 -14"><span class='ocrx_word' id='word_1_284' title='bbox 205 3239 219 3276; x_wconf 64' lang='grc' dir='ltr'>δ</span> <span class='ocrx_word' id='word_1_285' title='bbox 230 3245 344 3303; x_wconf 63' lang='lat' dir='ltr'>potestne</span> <span class='ocrx_word' id='word_1_286' title='bbox 354 3243 427 3290; x_wconf 83' lang='lat' dir='ltr'>Groa.</span> <span class='ocrx_word' id='word_1_287' title='bbox 533 3245 545 3274; x_wconf 54' lang='grc' dir='ltr'><strong>θ</strong></span> <span class='ocrx_word' id='word_1_288' title='bbox 558 3245 652 3302; x_wconf 72' lang='lat' dir='ltr'>pavium</span> <span class='ocrx_word' id='word_1_289' title='bbox 662 3255 691 3288; x_wconf 83' lang='lat' dir='ltr'>oe</span> <span class='ocrx_word' id='word_1_290' title='bbox 702 3240 780 3288; x_wconf 79' lang='lat' dir='ltr'>urbem</span> <span class='ocrx_word' id='word_1_291' title='bbox 789 3240 899 3288; x_wconf 69' lang='lat' dir='ltr'>mnibus</span> <span class='ocrx_word' id='word_1_292' title='bbox 907 3239 1011 3289; x_wconf 66' lang='lat' dir='ltr'>autum</span> <span class='ocrx_word' id='word_1_293' title='bbox 1022 3217 1097 3292; x_wconf 67' lang='lat' dir='ltr'>uina</span> <span class='ocrx_word' id='word_1_294' title='bbox 1108 3242 1178 3292; x_wconf 85' lang='lat' dir='ltr'>Crer.</span> 
     </span>
    </p>
   </div>
   <div class='ocr_carea' id='block_1_7' title="bbox 153 3401 1241 4374">
    <p class='ocr_par' dir='ltr' id='par_1_8' title="bbox 153 3401 1241 4374">
     <span class='ocr_line' id='line_1_35' title="bbox 194 3401 1220 3468; baseline 0 -16"><span class='ocrx_word' id='word_1_295' title='bbox 194 3404 264 3452; x_wconf 64' lang='lat'>3121</span> <span class='ocrx_word' id='word_1_296' title='bbox 279 3407 414 3464; x_wconf 69' lang='lat' dir='ltr'>potestatem</span> <span class='ocrx_word' id='word_1_297' title='bbox 436 3403 587 3451; x_wconf 71' lang='lat' dir='ltr'>hemeterium</span> <span class='ocrx_word' id='word_1_298' title='bbox 605 3403 673 3468; x_wconf 77' lang='lat' dir='ltr'>emet]</span> <span class='ocrx_word' id='word_1_299' title='bbox 739 3401 1220 3466; x_wconf 76' lang='lat' dir='ltr'>tAdeonemoppagaandom1vid.</span> 
     </span>
     <span class='ocr_line' id='line_1_36' title="bbox 161 3464 1221 3532; baseline 0.003 -16"><span class='ocrx_word' id='word_1_300' title='bbox 161 3470 273 3516; x_wconf 83' lang='lat' dir='ltr'>Similem</span> <span class='ocrx_word' id='word_1_301' title='bbox 287 3468 402 3530; x_wconf 88' lang='lat' dir='ltr'>loquendi</span> <span class='ocrx_word' id='word_1_302' title='bbox 412 3469 518 3515; x_wconf 84' lang='lat' dir='ltr'>fonnem</span> <span class='ocrx_word' id='word_1_303' title='bbox 531 3464 584 3530; x_wconf 83' lang='lat' dir='ltr'>jam</span> <span class='ocrx_word' id='word_1_304' title='bbox 595 3470 675 3516; x_wconf 89' lang='lat' dir='ltr'>obser·</span> <span class='ocrx_word' id='word_1_305' title='bbox 706 3469 747 3517; x_wconf 89' lang='lat' dir='ltr'>lib.</span> <span class='ocrx_word' id='word_1_306' title='bbox 759 3483 812 3532; x_wconf 86' lang='lat' dir='ltr'>sup.</span> <span class='ocrx_word' id='word_1_307' title='bbox 824 3484 845 3516; x_wconf 81' lang='lat' dir='ltr'>c.</span> <span class='ocrx_word' id='word_1_308' title='bbox 856 3469 896 3516; x_wconf 84' lang='lat'>30.</span> <span class='ocrx_word' id='word_1_309' title='bbox 909 3475 933 3516; x_wconf 88' lang='lat' dir='ltr'>et</span> <span class='ocrx_word' id='word_1_310' title='bbox 941 3465 1018 3530; x_wconf 76' lang='lat' dir='ltr'>junge</span> <span class='ocrx_word' id='word_1_311' title='bbox 1029 3482 1068 3527; x_wconf 82' lang='lat' dir='ltr'>ea,</span> <span class='ocrx_word' id='word_1_312' title='bbox 1080 3481 1136 3528; x_wconf 79' lang='lat' dir='ltr'>quae</span> <span class='ocrx_word' id='word_1_313' title='bbox 1146 3469 1221 3518; x_wconf 88' lang='lat' dir='ltr'>moda</span> 
     </span>
     <span class='ocr_line' id='line_1_37' title="bbox 161 3531 1095 3593; baseline 0.001 -13"><span class='ocrx_word' id='word_1_314' title='bbox 161 3535 275 3581; x_wconf 74' lang='lat' dir='ltr'>vovimus</span> <span class='ocrx_word' id='word_1_315' title='bbox 293 3545 366 3593; x_wconf 84' lang='lat' dir='ltr'>supra</span> <span class='ocrx_word' id='word_1_316' title='bbox 382 3533 398 3578; x_wconf 86' lang='lat' dir='ltr'>l.</span> <span class='ocrx_word' id='word_1_317' title='bbox 411 3533 445 3580; x_wconf 89' lang='lat'>11.</span> <span class='ocrx_word' id='word_1_318' title='bbox 457 3547 478 3579; x_wconf 90' lang='lat' dir='ltr'>c.</span> <span class='ocrx_word' id='word_1_319' title='bbox 491 3531 530 3581; x_wconf 75' lang='lat' dir='ltr'>li.</span> <span class='ocrx_word' id='word_1_320' title='bbox 547 3533 586 3580; x_wconf 88' lang='lat' dir='ltr'>Sic</span> <span class='ocrx_word' id='word_1_321' title='bbox 596 3539 622 3580; x_wconf 88' lang='lat' dir='ltr'>et</span> <span class='ocrx_word' id='word_1_322' title='bbox 634 3531 675 3579; x_wconf 81' lang='lat' dir='ltr'>ci·</span> <span class='ocrx_word' id='word_1_323' title='bbox 706 3535 877 3582; x_wconf 82' lang='lat' dir='ltr'>annotavimus</span> <span class='ocrx_word' id='word_1_324' title='bbox 887 3536 918 3581; x_wconf 89' lang='lat' dir='ltr'>de</span> <span class='ocrx_word' id='word_1_325' title='bbox 928 3533 1095 3582; x_wconf 78' lang='lat' dir='ltr'>Locrensibus.</span> 
     </span>
     <span class='ocr_line' id='line_1_38' title="bbox 160 3596 1221 3658; baseline 0 -12"><span class='ocrx_word' id='word_1_326' title='bbox 160 3612 217 3646; x_wconf 84' lang='lat' dir='ltr'>cero</span> <span class='ocrx_word' id='word_1_327' title='bbox 227 3597 496 3658; x_wconf 61' lang='lat' dir='ltr'>palaestineum</span> <span class='ocrx_word' id='word_1_328' title='bbox 506 3598 676 3658; x_wconf 78' lang='lat' dir='ltr'>iapraedonom</span> <span class='ocrx_word' id='word_1_329' title='bbox 739 3600 755 3646; x_wconf 80' lang='lat'><em>5</em></span> <span class='ocrx_word' id='word_1_330' title='bbox 775 3599 876 3646; x_wconf 82' lang='lat' dir='ltr'>Portum</span> <span class='ocrx_word' id='word_1_331' title='bbox 893 3613 920 3644; x_wconf 85' lang='lat' dir='ltr'>ee</span> <span class='ocrx_word' id='word_1_332' title='bbox 935 3599 1014 3646; x_wconf 77' lang='lat' dir='ltr'>arbem</span> <span class='ocrx_word' id='word_1_333' title='bbox 1033 3596 1143 3645; x_wconf 79' lang='lat' dir='ltr'>meaiiue</span> <span class='ocrx_word' id='word_1_334' title='bbox 1162 3599 1221 3646; x_wconf 79' lang='lat' dir='ltr'>nali·</span> 
     </span>
     <span class='ocr_line' id='line_1_39' title="bbox 153 3659 1220 3727; baseline 0.003 -18"><span class='ocrx_word' id='word_1_335' title='bbox 153 3662 234 3724; x_wconf 77' lang='lat' dir='ltr'>saitae</span> <span class='ocrx_word' id='word_1_336' title='bbox 246 3659 387 3723; x_wconf 76' lang='lat' dir='ltr'>potestatem·</span> <span class='ocrx_word' id='word_1_337' title='bbox 420 3661 518 3708; x_wconf 83' lang='lat' dir='ltr'>Terent.</span> <span class='ocrx_word' id='word_1_338' title='bbox 535 3661 599 3712; x_wconf 84' lang='lat' dir='ltr'>Eun.</span> <span class='ocrx_word' id='word_1_339' title='bbox 617 3666 672 3710; x_wconf 76' lang='lat' dir='ltr'>Act.</span> <span class='ocrx_word' id='word_1_340' title='bbox 705 3662 771 3727; x_wconf 81' lang='lat' dir='ltr'>dem]</span> <span class='ocrx_word' id='word_1_341' title='bbox 795 3664 859 3710; x_wconf 81' lang='lat' dir='ltr'>Raro</span> <span class='ocrx_word' id='word_1_342' title='bbox 878 3665 944 3723; x_wconf 85' lang='lat' dir='ltr'>apud</span> <span class='ocrx_word' id='word_1_343' title='bbox 964 3663 1018 3710; x_wconf 87' lang='lat' dir='ltr'>illos</span> <span class='ocrx_word' id='word_1_344' title='bbox 1036 3661 1137 3723; x_wconf 82' lang='lat' dir='ltr'>optimae</span> <span class='ocrx_word' id='word_1_345' title='bbox 1155 3672 1220 3712; x_wconf 79' lang='lat' dir='ltr'>notae</span> 
     </span>
     <span class='ocr_line' id='line_1_40' title="bbox 160 3725 1221 3791; baseline 0.004 -17"><span class='ocrx_word' id='word_1_346' title='bbox 160 3727 197 3774; x_wconf 90' lang='lat'>11.</span> <span class='ocrx_word' id='word_1_347' title='bbox 218 3727 256 3774; x_wconf 90' lang='lat' dir='ltr'>Sc.</span> <span class='ocrx_word' id='word_1_348' title='bbox 276 3729 301 3776; x_wconf 76' lang='lat'>2.</span> <span class='ocrx_word' id='word_1_349' title='bbox 332 3725 377 3774; x_wconf 85' lang='lat' dir='ltr'>Ille</span> <span class='ocrx_word' id='word_1_350' title='bbox 395 3727 435 3774; x_wconf 76' lang='lat' dir='ltr'>ube·</span> <span class='ocrx_word' id='word_1_351' title='bbox 450 3727 530 3782; x_wconf 74' lang='lat' dir='ltr'>miser,</span> <span class='ocrx_word' id='word_1_352' title='bbox 540 3725 674 3790; x_wconf 75' lang='lat' dir='ltr'>semeliae,</span> <span class='ocrx_word' id='word_1_353' title='bbox 705 3729 832 3788; x_wconf 87' lang='lat' dir='ltr'>scriptores</span> <span class='ocrx_word' id='word_1_354' title='bbox 845 3728 988 3788; x_wconf 86' lang='lat' dir='ltr'>particulam</span> <span class='ocrx_word' id='word_1_355' title='bbox 1002 3741 1030 3774; x_wconf 86' lang='lat' dir='ltr'>oe</span> <span class='ocrx_word' id='word_1_356' title='bbox 1043 3728 1148 3788; x_wconf 86' lang='lat' dir='ltr'>reperias</span> <span class='ocrx_word' id='word_1_357' title='bbox 1158 3743 1221 3791; x_wconf 81' lang='lat' dir='ltr'>proe·</span> 
     </span>
     <span class='ocr_line' id='line_1_41' title="bbox 160 3791 1219 3853; baseline 0.005 -14"><span class='ocrx_word' id='word_1_358' title='bbox 160 3791 223 3839; x_wconf 74' lang='lat' dir='ltr'>auto</span> <span class='ocrx_word' id='word_1_359' title='bbox 233 3806 270 3840; x_wconf 83' lang='lat' dir='ltr'>nse</span> <span class='ocrx_word' id='word_1_360' title='bbox 279 3804 326 3838; x_wconf 81' lang='lat' dir='ltr'>erre</span> <span class='ocrx_word' id='word_1_361' title='bbox 338 3791 365 3836; x_wconf 83' lang='lat' dir='ltr'>in</span> <span class='ocrx_word' id='word_1_362' title='bbox 380 3797 470 3838; x_wconf 81' lang='lat' dir='ltr'>tentem</span> <span class='ocrx_word' id='word_1_363' title='bbox 481 3791 594 3838; x_wconf 77' lang='lat' dir='ltr'>bonorem</span> <span class='ocrx_word' id='word_1_364' title='bbox 628 3791 673 3840; x_wconf 80' lang='lat' dir='ltr'>Su·</span> <span class='ocrx_word' id='word_1_365' title='bbox 707 3793 780 3840; x_wconf 85' lang='lat' dir='ltr'>fixam</span> <span class='ocrx_word' id='word_1_366' title='bbox 792 3794 855 3851; x_wconf 85' lang='lat' dir='ltr'>voci,</span> <span class='ocrx_word' id='word_1_367' title='bbox 871 3807 925 3853; x_wconf 81' lang='lat' dir='ltr'>quaa</span> <span class='ocrx_word' id='word_1_368' title='bbox 944 3807 959 3841; x_wconf 87' lang='lat' dir='ltr'>a</span> <span class='ocrx_word' id='word_1_369' title='bbox 978 3793 1054 3840; x_wconf 85' lang='lat' dir='ltr'>vocali</span> <span class='ocrx_word' id='word_1_370' title='bbox 1074 3792 1219 3853; x_wconf 84' lang='lat' dir='ltr'>incipietur:</span> 
     </span>
     <span class='ocr_line' id='line_1_42' title="bbox 159 3855 1241 3986; baseline -0.001 -20"><span class='ocrx_word' id='word_1_371' title='bbox 159 3855 674 3983; x_wconf 55' lang='lat' dir='ltr'>esculentissimis:</span> <span class='ocrx_word' id='word_1_372' title='bbox 705 3857 1241 3986; x_wconf 54' lang='lat' dir='ltr'>eltutus:tristitiae·</span> 
     </span>
     <span class='ocr_line' id='line_1_43' title="bbox 158 3983 1221 4048; baseline 0.004 -16"><span class='ocrx_word' id='word_1_373' title='bbox 158 3987 236 4032; x_wconf 84' lang='lat' dir='ltr'>codex</span> <span class='ocrx_word' id='word_1_374' title='bbox 247 3983 436 4048; x_wconf 74' lang='lat' dir='ltr'>indefectionem.</span> <span class='ocrx_word' id='word_1_375' title='bbox 464 3985 545 4034; x_wconf 80' lang='lat' dir='ltr'>Facile</span> <span class='ocrx_word' id='word_1_376' title='bbox 556 3994 618 4034; x_wconf 87' lang='lat' dir='ltr'>esset</span> <span class='ocrx_word' id='word_1_377' title='bbox 629 4001 676 4032; x_wconf 88' lang='lat' dir='ltr'>nu·</span> <span class='ocrx_word' id='word_1_378' title='bbox 706 3993 764 4034; x_wconf 89' lang='lat' dir='ltr'>runt</span> <span class='ocrx_word' id='word_1_379' title='bbox 784 3987 862 4032; x_wconf 84' lang='lat' dir='ltr'>urbem</span> <span class='ocrx_word' id='word_1_380' title='bbox 880 4000 907 4031; x_wconf 88' lang='lat' dir='ltr'>cc</span> <span class='ocrx_word' id='word_1_381' title='bbox 922 3991 1024 4047; x_wconf 69' lang='lat' dir='ltr'>portiana</span> <span class='ocrx_word' id='word_1_382' title='bbox 1059 3987 1145 4048; x_wconf 85' lang='lat' dir='ltr'>ltaque</span> <span class='ocrx_word' id='word_1_383' title='bbox 1160 3989 1221 4036; x_wconf 88' lang='lat' dir='ltr'>reci·</span> 
     </span>
     <span class='ocr_line' id='line_1_44' title="bbox 157 4049 1222 4112; baseline 0.002 -14"><span class='ocrx_word' id='word_1_384' title='bbox 157 4049 405 4098; x_wconf 69' lang='lat' dir='ltr'>muossmsimilium</span> <span class='ocrx_word' id='word_1_385' title='bbox 412 4051 579 4111; x_wconf 87' lang='lat' dir='ltr'>exemplorum</span> <span class='ocrx_word' id='word_1_386' title='bbox 587 4051 673 4100; x_wconf 79' lang='lat' dir='ltr'>seriem</span> <span class='ocrx_word' id='word_1_387' title='bbox 706 4051 794 4110; x_wconf 79' lang='lat' dir='ltr'>pientia</span> <span class='ocrx_word' id='word_1_388' title='bbox 805 4052 908 4104; x_wconf 84' lang='lat' dir='ltr'>videtur,</span> <span class='ocrx_word' id='word_1_389' title='bbox 921 4066 978 4112; x_wconf 80' lang='lat' dir='ltr'>quae</span> <span class='ocrx_word' id='word_1_390' title='bbox 996 4065 1012 4098; x_wconf 83' lang='lat' dir='ltr'>e</span> <span class='ocrx_word' id='word_1_391' title='bbox 1029 4049 1128 4098; x_wconf 88' lang='lat' dir='ltr'>Mureto</span> <span class='ocrx_word' id='word_1_392' title='bbox 1146 4055 1222 4102; x_wconf 84' lang='lat' dir='ltr'>allata</span> 
     </span>
     <span class='ocr_line' id='line_1_45' title="bbox 158 4115 1220 4176; baseline 0.004 -16"><span class='ocrx_word' id='word_1_393' title='bbox 158 4120 247 4162; x_wconf 84' lang='lat' dir='ltr'>texere.</span> <span class='ocrx_word' id='word_1_394' title='bbox 276 4115 367 4174; x_wconf 78' lang='lat' dir='ltr'>ltaque</span> <span class='ocrx_word' id='word_1_395' title='bbox 377 4129 424 4162; x_wconf 86' lang='lat' dir='ltr'>nou</span> <span class='ocrx_word' id='word_1_396' title='bbox 435 4116 600 4164; x_wconf 82' lang='lat' dir='ltr'>dubitavimus</span> <span class='ocrx_word' id='word_1_397' title='bbox 611 4117 674 4162; x_wconf 85' lang='lat' dir='ltr'>hanc</span> <span class='ocrx_word' id='word_1_398' title='bbox 706 4123 742 4160; x_wconf 90' lang='lat' dir='ltr'>est</span> <span class='ocrx_word' id='word_1_399' title='bbox 758 4121 783 4160; x_wconf 88' lang='lat' dir='ltr'>et</span> <span class='ocrx_word' id='word_1_400' title='bbox 798 4115 946 4161; x_wconf 85' lang='lat' dir='ltr'>aGrcnovio</span> <span class='ocrx_word' id='word_1_401' title='bbox 963 4118 1119 4176; x_wconf 83' lang='lat' dir='ltr'>comprobata</span> <span class='ocrx_word' id='word_1_402' title='bbox 1137 4131 1220 4164; x_wconf 89' lang='lat' dir='ltr'>emen-</span> 
     </span>
     <span class='ocr_line' id='line_1_46' title="bbox 158 4179 1221 4243; baseline 0.002 -17"><span class='ocrx_word' id='word_1_403' title='bbox 158 4179 315 4240; x_wconf 82' lang='lat' dir='ltr'>scripturam,</span> <span class='ocrx_word' id='word_1_404' title='bbox 332 4191 407 4239; x_wconf 84' lang='lat' dir='ltr'>quam</span> <span class='ocrx_word' id='word_1_405' title='bbox 424 4185 508 4228; x_wconf 85' lang='lat' dir='ltr'>tenent</span> <span class='ocrx_word' id='word_1_406' title='bbox 525 4181 632 4243; x_wconf 86' lang='lat' dir='ltr'>plerique</span> <span class='ocrx_word' id='word_1_407' title='bbox 645 4179 673 4225; x_wconf 91' lang='lat' dir='ltr'>li·</span> <span class='ocrx_word' id='word_1_408' title='bbox 705 4179 779 4233; x_wconf 67' lang='lat' dir='ltr'>datin</span> <span class='ocrx_word' id='word_1_409' title='bbox 791 4191 865 4239; x_wconf 88' lang='lat' dir='ltr'>quarn</span> <span class='ocrx_word' id='word_1_410' title='bbox 877 4180 951 4226; x_wconf 84' lang='lat' dir='ltr'>etiem</span> <span class='ocrx_word' id='word_1_411' title='bbox 963 4181 1044 4225; x_wconf 83' lang='lat' dir='ltr'>firmat</span> <span class='ocrx_word' id='word_1_412' title='bbox 1061 4193 1125 4226; x_wconf 91' lang='lat' dir='ltr'>unus</span> <span class='ocrx_word' id='word_1_413' title='bbox 1142 4181 1221 4228; x_wconf 79' lang='lat' dir='ltr'>Hear-</span> 
     </span>
     <span class='ocr_line' id='line_1_47' title="bbox 159 4242 1220 4310; baseline 0.007 -20"><span class='ocrx_word' id='word_1_414' title='bbox 159 4243 206 4304; x_wconf 84' lang='lat' dir='ltr'>bri,</span> <span class='ocrx_word' id='word_1_415' title='bbox 217 4251 273 4292; x_wconf 88' lang='lat' dir='ltr'>tum</span> <span class='ocrx_word' id='word_1_416' title='bbox 285 4242 408 4292; x_wconf 87' lang='lat' dir='ltr'>Gronovic</span> <span class='ocrx_word' id='word_1_417' title='bbox 418 4251 473 4292; x_wconf 88' lang='lat' dir='ltr'>tum</span> <span class='ocrx_word' id='word_1_418' title='bbox 484 4245 553 4292; x_wconf 90' lang='lat' dir='ltr'>nobis</span> <span class='ocrx_word' id='word_1_419' title='bbox 563 4243 674 4306; x_wconf 79' lang='lat' dir='ltr'>inspecti,</span> <span class='ocrx_word' id='word_1_420' title='bbox 707 4244 741 4288; x_wconf 83' lang='lat' dir='ltr'>nii</span> <span class='ocrx_word' id='word_1_421' title='bbox 752 4243 842 4290; x_wconf 83' lang='lat' dir='ltr'>codex:</span> <span class='ocrx_word' id='word_1_422' title='bbox 860 4243 884 4290; x_wconf 82' lang='lat' dir='ltr'>ei</span> <span class='ocrx_word' id='word_1_423' title='bbox 893 4245 917 4289; x_wconf 84' lang='lat' dir='ltr'>in</span> <span class='ocrx_word' id='word_1_424' title='bbox 926 4257 967 4290; x_wconf 85' lang='lat' dir='ltr'>ora</span> <span class='ocrx_word' id='word_1_425' title='bbox 975 4246 1051 4292; x_wconf 79' lang='lat' dir='ltr'>maris</span> <span class='ocrx_word' id='word_1_426' title='bbox 1061 4245 1140 4294; x_wconf 79' lang='lat' dir='ltr'>uricm</span> <span class='ocrx_word' id='word_1_427' title='bbox 1146 4251 1220 4310; x_wconf 75' lang='lat' dir='ltr'>portu</span> 
     </span>
     <span class='ocr_line' id='line_1_48' title="bbox 156 4306 1109 4374; baseline 0.003 -17"><span class='ocrx_word' id='word_1_428' title='bbox 156 4315 303 4370; x_wconf 72' lang='lat' dir='ltr'>anteponere</span> <span class='ocrx_word' id='word_1_429' title='bbox 312 4307 418 4372; x_wconf 77' lang='lat' dir='ltr'>vulgate</span> <span class='ocrx_word' id='word_1_430' title='bbox 426 4306 499 4374; x_wconf 87' lang='lat' dir='ltr'>hujus</span> <span class='ocrx_word' id='word_1_431' title='bbox 510 4309 556 4358; x_wconf 92' lang='lat' dir='ltr'>loci</span> <span class='ocrx_word' id='word_1_432' title='bbox 567 4308 674 4366; x_wconf 88' lang='lat' dir='ltr'>lectioni,</span> <span class='ocrx_word' id='word_1_433' title='bbox 708 4321 735 4354; x_wconf 83' lang='lat' dir='ltr'>ac</span> <span class='ocrx_word' id='word_1_434' title='bbox 745 4308 854 4356; x_wconf 75' lang='lat' dir='ltr'>menibus</span> <span class='ocrx_word' id='word_1_435' title='bbox 864 4308 966 4358; x_wconf 84' lang='lat' dir='ltr'>validam</span> <span class='ocrx_word' id='word_1_436' title='bbox 976 4311 1109 4360; x_wconf 64' lang='lat' dir='ltr'>inuisum.</span> 
     </span>
    </p>
   </div>
   <div class='ocr_carea' id='block_1_8' title="bbox 0 0 1574 4972">
    <p class='ocr_par' dir='ltr' id='par_1_9' title="bbox 0 0 1574 4972">
     <span class='ocr_line' id='line_1_49' title="bbox 0 0 1574 4972; baseline 0 0"><span class='ocrx_word' id='word_1_437' title='bbox 0 0 1574 4972; x_wconf 95' lang='lat' dir='ltr'> </span> 
     </span>
    </p>
   </div>
  </div>
 </body>
</html>
