3064 4976
440 203 836 267 marrucina
917 256 921 264 .
1037 263 1040 283 ,
1132 215 1168 271 ie

99 371 140 440 ad
155 374 302 438 favorem
314 367 551 441 muciliendum
566 377 656 436 esset.
703 367 888 458 Numquam
906 369 938 436 iu
980 368 1070 438 nium
1084 369 1170 438 idem

100 459 207 526 adres
222 457 462 535 diversissimas,
477 455 656 544 parendum
669 467 765 544 atque
784 457 928 544 imperan
951 456 1171 536 'um,.habiliue

98 546 169 615 suit.
184 546 297 633 itaque
310 543 400 621 haud
420 543 512 610 facile
526 542 770 622 1⁶decerneres⁸‚
787 556 896 610 utrum
917 544 1170 631 imperatoriam

99 634 271 710 exercitui,
288 632 393 700 carior
414 643 510 696 easetr
533 651 637 716 neque
653 629 839 706 Hasdrubal
861 630 959 698 alium
999 654 1170 718 uemquem

99 720 267 808 praeficere
282 718 388 795 malle,
404 717 460 784 ubi
473 717 551 804 quid
565 717 690 782 fortiter
704 739 742 782 ac
756 729 885 784 strenue
899 654 1058 807 agendum
1073 731 1175 786 esset:-

99 829 205 894 neque
216 805 496 872 militesalioduce
506 804 579 890 plus
590 804 759 882 confidere,
773 817 827 870 aut
838 803 965 873 audere.
990 805 1170 873 Plurimum

100 893 246 962 audaciae
261 892 302 959 ad
323 891 465 979 pericula
479 889 682 976 capessenda,
697 892 870 976 plurimum
886 890 1008 958 consilii
1025 893 1108 960 inter
1122 892 1172 978 ip·

102 1005 136 1048 sa
148 979 295 1066 pericula
308 991 386 1047 erat.
402 978 492 1045 uullo
505 977 616 1044 labore
629 990 685 1042 aut
699 999 815 1063 corpus
830 977 964 1067 fatigari,
977 990 1033 1046 aut
1047 980 1172 1046 animus

101 1068 186 1134 vinci
201 1078 338 1152 poterat.
384 1065 510 1130 Celeris
523 1087 562 1131 ac
575 1063 702 1152 frigoris
721 1065 875 1152 patientia
911 1087 965 1132 ar:
988 1065 1053 1131 cibi
1067 1066 1172 1152 potio·
1255 1087 1258 1094 '

101 1156 215 1241 nisque
228 1152 389 1219 desiderio
401 1151 550 1230 naturali,
561 1173 627 1216 non
642 1150 815 1236 voluptate,
827 1173 859 1216 m
906 1175 942 1220 ue
955 1153 1076 1219 finitus.
1091 1153 1173 1238 vigi·

101 1241 218 1308 liarum
241 1241 408 1326 somnique
427 1261 486 1306 nec
505 1239 568 1316 die,
585 1260 643 1304 nec
662 1251 756 1304 nocte
777 1238 994 1306 discriminata
1016 1253 1172 1326 tempora.

104 1328 153 1406 ld,
170 1327 258 1414 quod
278 1326 426 1416 gerendis
438 1326 534 1392 rebus
548 1337 734 1410 superesset,
750 1325 848 1412 quieti
863 1325 993 1392 daturne
1016 1349 1055 1394 ea
1070 1347 1173 1414 neque

103 1414 191 1482 molli
204 1427 316 1492 strato,
332 1435 438 1500 neque
450 1412 577 1484 silentio
591 1411 781 1478 1⁷aroessita.
826 1411 926 1480 Multi
942 1435 1029 1500 saepe
1043 1408 1173 1479 militari

179 1501 212 1566 lo
227 1514 387 1588 opertum,
403 1499 494 1568 humi
510 1501 669 1586 jacentem
689 1500 773 1564 inter
786 1500 946 1566 custodias
960 1500 1173 1586 stationesque

103 1611 145 1654 mr
159 1590 252 1667 tum,
268 1598 511 1673 conspexerunt.
556 1586 697 1652 Vestitus
718 1586 798 1652 nihil
821 1587 904 1652 inter
918 1585 1185 1675 aequalesiexeel-'

104 1677 190 1742 lens:
213 1697 306 1742 arma
326 1688 423 1761 atque
443 1675 516 1760 equi
536 1672 562 1718 1⁸
571 1672 859 1758 conspiciebantur.
889 1675 1059 1762 Equitum
1082 1674 1173 1759 pcdi-

104 1775 236 1850 tumque
250 1760 337 1850 idem
350 1761 446 1847 louge
466 1759 588 1846 primus
602 1771 681 1827 eret.
703 1761 852 1846 princeps
866 1762 899 1826 in
915 1761 1066 1848 proelium
1088 1762 1172 1828 ibat:

104 1849 235 1916 ultimus
249 1859 400 1914 conserto
414 1847 531 1932 proelio
545 1847 730 1912 excedebat.
763 1847 834 1914 Has
849 1860 952 1916 tantas
967 1848 1029 1913 viri
1043 1849 1173 1914 virtutes

106 1937 247 2024 ingentia
272 1935 349 2000 vitia
379 1933 565 2021 aequababt3
592 1931 802 2000 ¹⁹iuhumana
829 1936 1010 2012 crudelitas,
1061 1934 1174 2003 erfidia

106 2021 175 2107 plus
189 2044 289 2110 quarn
306 2021 439 2098 Punica,
455 2020 535 2086 nihil
550 2021 626 2099 veri,
642 2020 723 2084 nibil
737 2022 847 2099 senon,
861 2021 966 2088 nullus
981 1957 1092 2088 Dalm
1107 2043 1173 2088 me·

106 2121 167 2188 lus,
189 2109 315 2174 nullum
337 2107 573 2195 jusjurandum,
598 2107 686 2172 nulla
709 2106 766 2172 reli
790 2109 832 2174 io.
877 2109 957 2174 Cum
981 2104 1043 2174 bac
1064 2107 1173 2174 indole

105 2198 257 2265 virtutum
271 2207 369 2282 atque
383 2195 533 2260 vitiorum
545 2194 684 2260 triennio
694 2195 753 2258 sub
803 2193 970 2260 asdrubale
978 2195 1174 2281 imperatore

106 2283 228 2362 meruit,
241 2281 333 2348 nulla
346 2304 392 2359 re,
405 2303 477 2369 quae
491 2281 617 2370 agenda
630 2281 831 2369 videndaque
846 2303 964 2370 magno
976 2282 1086 2348 futuro
1097 2281 1174 2350 duci

106 2383 196 2450 esset,
211 2369 436 2456 praetermisse.

147 2457 189 2524 V.
212 2457 365 2522 Ceterum
377 2477 421 2526 ex
435 2473 500 2543 quo
513 2454 567 2520 die
581 2455 650 2522 dux
665 2466 712 2522 est
733 2453 920 2534 declaratus,
935 2454 1022 2522 velut
1035 2453 1132 2522 Italia
1143 2455 1175 2522 ei
1185 2477 1309 2526 usnemu

107 2544 269 2628 provincia
294 2542 439 2636 decreta*
456 2541 640 2629 bellumque
663 2541 846 2610 Romanum
871 2543 1059 2610 mauditum
1084 2553 1174 2622 esset,
1183 2543 1324 2590 bellumm-

108 2630 185 2696 nihil
197 2629 427 2716 prolatandum
443 2641 543 2712 ratus,
558 2649 600 2694 ne
614 2651 647 2696 se
661 2647 799 2716 quoque,
816 2644 852 2696 ut
865 2642 990 2716 patrem
1008 2607 1301 2734 Humiles-{ffiffss'
1329 2643 1332 2650 “

109 2738 182 2795 rem,
197 2716 316 2784 deinde
336 2715 586 2794 Hasdrubalem,
599 2728 804 2782 annotantem
827 2740 916 2784 casus
938 2718 1053 2804 aliquis
1067 2717 1278 2802 obpri-statuit.

109 2818 215 2888 meret,
229 2804 417 2892 Saguntinis
432 2803 548 2871 inferre
561 2803 681 2870 bellum
692 2805 812 2870 statuit.
828 2803 942 2892 quibus
953 2803 1176 2893 obpugnandis
1185 2817 1232 2866 sed
1242 2821 1310 2880 psius

108 2891 179 2976 qaia
191 2891 384 2956 hauddubie
395 2890 541 2956 Romana
552 2911 641 2955 arma
652 2890 872 2969 movebantur,
882 2892 916 2955 in
926 2891 1086 2957 Olcadum
1098 2891 1176 2957 lines
1184 2883 1315 2997 fflffdlbff

108 2980 192 3062 prius
203 2977 304 3064 (ultre
316 2977 446 3042 Iberum
462 3000 500 3042 ea
513 2999 592 3064 gens
605 2977 670 3041 ¹⁰in
686 2989 778 3064 parte
791 2978 903 3066 magis,
920 3000 1018 3066 quarn
1031 2979 1066 3043 in
1080 2963 1276 3065 ditio-fenfm'
1297 2964 1324 2997 '¹'

109 3085 156 3144 ne,
178 3063 498 3152 Karthaginiensium
519 3065 600 3146 eret)
623 3062 752 3128 induxit
772 3066 958 3143 exercitum,
976 3079 1011 3131 ut
1033 3087 1097 3131 non
1121 3088 1178 3151 pe·

108 3149 178 3218 tisse
194 3151 403 3241 Saguntinos,
418 3151 474 3216 sed
488 3171 594 3217 rerum
608 3151 701 3230 serie,
717 3151 860 3218 finitimis
874 3152 1004 3219 domitis
1017 3153 1175 3241 gentibus,

514 3336 528 3380 Ι
538 3333 677 3384 dimerserat
687 3333 760 3386 Creu.
779 3363 782 3370 ι

137 3500 168 3550 16
184 3499 350 3569 ὒίοαωινεε]
379 3502 420 3551 sie
443 3503 534 3552 babent
560 3503 625 3560 libri,
657 3502 764 3552 Itomani
779 3502 908 3564 scriptores
924 3501 1108 3550 inAnnibalena
1121 3517 1178 3552 con.

106 3566 195 3616 laterna
212 3569 346 3628 Graeceio,
357 3569 404 3630 qui
418 3573 501 3628 tamen
518 3569 626 3630 reposuit
654 3565 754 3632 jiciunt.
788 3568 889 3616 Graecus
904 3567 1007 3628 scriptor
1021 3569 1125 3616 dubium
1141 3582 1178 3618 re-

105 3630 241 3682 mensem.
274 3633 354 3682 Nobis
374 3635 429 3680 hac
451 3633 562 3692 ,mutatio
583 3647 627 3680 ne·
658 3634 757 3693 linquit,
767 3644 852 3680 utrum
868 3631 1006 3694 ingenioac
1021 3641 1110 3682 natura
1124 3648 1179 3680 cru·

105 3698 207 3746 omum
217 3712 269 3746 non
279 3698 333 3746 visa
344 3705 389 3746 est·
422 3697 509 3759 Itaque
519 3704 627 3746 vetemur
658 3697 720 3744 delia
737 3698 813 3746 fuerit
827 3697 944 3756 Annibal,
960 3711 992 3744 an
1011 3711 1069 3744 vero
1088 3700 1179 3747 amico·

105 3757 233 3810 lectionem
244 3765 422 3812 revocavimus.
657 3776 715 3810 rum
730 3761 873 3810 consiliiaet
888 3763 1025 3808 necessitati
1042 3765 1180 3812 reramtri-

137 3825 317 3876 li'Aremita
347 3829 463 3884 Invitata,
473 3827 608 3875 conciliata.
657 3828 815 3876 buendaaint
831 3838 861 3873 ea
876 3840 932 3888 quae
948 3828 1079 3876 crudeliter
1094 3830 1126 3888 ab
1141 3831 1180 3890 ip

137 3891 167 3939 18
185 3829 392 3955 embadum
440 3893 577 3954 Conspicuas
600 3907 627 3942 e·
658 3905 686 3938 eo
701 3893 767 3940 fecta
781 3897 958 3940 memorantur.
976 3894 1062 3952 ⁴Idem
1078 3894 1180 3944 avidum

106 3962 165 4002 rant.
184 3957 374 4007 satiati.
465 3959 627 4020 &cinglum
658 3958 767 4018 pecunie
787 3956 934 4004 Annibalem
953 3960 1018 4018 apud
1038 3959 1103 4020 ipsos
1122 3961 1181 4008 car.

103 4019 208 4080 jam
216 4023 320 4086 conspici
329 4017 407 4070 enisi
419 4029 444 4068 et
454 4023 471 4068 l
481 4021 591 4070 XXXV.
603 4037 626 4074 c.
657 4022 821 4083 magimenses
835 4021 948 4070 habitum
962 4024 1041 4072 ruisse
1054 4038 1099 4086 pro
1112 4040 1180 4074 cem·

110 4082 535 4150 52.Regmoomptet....aeiare
657 4089 851 4150 pertoaffirmat.
910 4129 915 4134 .
1197 4121 1201 4132 ,

139 4149 321 4200 wldracam
346 4150 485 4215 crudelitas]
518 4151 549 4200 ln
574 4152 625 4200 Ex·
690 4152 723 4200 20
738 4152 771 4199 In
780 4155 851 4214 perte
864 4153 950 4212 anagia,
961 4167 1031 4214 qaam
1043 4155 1068 4200 in
1080 4153 1179 4220 ditabere]

110 4219 228 4276 θυμω.
241 4217 292 4266 IX.
304 4217 392 4278 Polyb.
403 4217 434 4262 de
448 4217 504 4264 virt.
520 4222 545 4262 et
561 4218 627 4264 vitiis
661 4215 743 4277 Magis
763 4217 828 4264 intra
849 4215 941 4266 limites
957 4219 1048 4266 foedere
1067 4221 1181 4268 Romano

111 4278 216 4330 hebemus
233 4285 297 4332 bene
315 4283 418 4343 longam
433 4280 628 4342 disquisitionem
660 4280 899 4342 Carthaginiensibus
916 4282 1039 4340 definitos,
1057 4299 1132 4346 quarn
1154 4286 1180 4332 in

110 4343 185 4396 dehoc
197 4347 357 4400 crudelitatis
373 4345 486 4400 erimine,
497 4349 563 4405 quod
578 4361 627 4393 non
660 4359 746 4394 eorum
756 4346 860 4408 ditione,
869 4359 912 4394 seu
923 4353 1049 4408 potestate.

110 4409 180 4463 bivias
197 4417 291 4475 mum,
312 4414 358 4462 aed
379 4417 404 4458 et
427 4410 501 4458 ceteri
517 4413 628 4460 certatim

41 4003 44 4042 l
