3060 4960
299 109 305 118 ·
347 113 405 168 sao
690 122 694 127 ⁷
743 103 857 163 Trrr
885 103 1021 164 urvm
1113 173 1117 190 ¹

187 294 217 340 u.
228 295 255 340 c.
266 297 321 341 aaa.
347 271 489 352 vastavit,
505 267 559 334 sed
578 267 690 332 urbem
706 268 801 333 etiam
823 269 1004 354 proximam
1021 269 1174 338 Afrorum
1183 271 1267 344 ,satia
1281 271 1412 359 opulen-

186 361 319 407 ΝΛΜ·
347 372 413 424 tarn
436 359 529 444 cepit.
552 355 607 421 ubi
628 367 746 456 praeter
767 367 883 436 cetera,
897 379 971 443 quae
992 356 1152 443 externplo
1175 359 1207 422 i'n
1229 380 1326 424 naves
1340 383 1414 432 oue·

349 446 447 512 turias
464 444 783 530 inposita‚m1ssaque
804 442 836 506 in
854 443 994 526 Siciliam
1016 460 1116 522 erant,
1132 459 1205 510 octo
1224 445 1324 511 millia
1338 447 1413 512 libe·
1507 459 1508 464 ’

349 555 458 596 rorum
475 551 701 616 servorumque
714 530 855 614 capitum
877 544 951 594 sunt
964 543 1067 616 capta.
1111 531 1344 598 ⁴¹Laetissimus
1364 547 1412 598 ta-

188 627 315 673 Moioisss
348 641 421 684 men
441 618 594 683 Romanis
607 617 641 680 in
662 615 821 700 principio
836 638 942 680 rerum
957 617 1166 704 gerendarum
1182 617 1336 684 adventus
1356 621 1415 685 fuit

187 694 340 768 ”imm
353 705 542 770 Masinissae.
561 724 655 789 quem
678 701 808 788 quidam
824 723 896 766 eum
916 703 1060 767 ducentis
1074 703 1160 768 haud
1174 705 1312 790 amplius
1326 708 1414 793 equi-

187 766 260 805 vena.
337 792 446 874 tibus,
461 790 604 878 plerique
618 811 691 854 cum
706 789 807 854 dudm
825 789 958 854 millium
974 791 1117 876 equitatu
1132 791 1263 856 tradunt
1283 794 1413 858 venisse.

351 879 500 943 Ceterum
520 899 616 962 quum
635 876 730 962 longe
751 877 908 940 maximus
928 879 1071 941 omnium
1091 879 1193 942 aetatis
1214 901 1281 943 suae
1302 901 1412 968 regum

348 963 402 1030 hic
415 963 520 1041 fuerit,
536 963 775 1049 plurimumque
789 983 854 1026 rem
875 963 1053 1028 Romanam
1069 965 1198 1049 juverit,
1213 987 1320 1051 operae
1343 990 1414 1053 pre·

349 1053 429 1118 tium
446 1051 573 1116 videtur
586 1047 742 1112 excedere
762 1049 937 1132 paullulum
954 1049 995 1114 sd
1009 1052 1235 1128 enarrandum,
1250 1074 1347 1138 quarn
1361 1077 1414 1118 va·

349 1138 397 1204 ria
417 1137 546 1202 fortuna
567 1158 641 1201 usus
664 1135 704 1200 sit
725 1136 757 1198 in
780 1135 955 1201 amittendo
978 1138 1258 1224 recuperandoque
1279 1151 1414 1224 paterno

187 1239 319 1286 mutatae
349 1248 460 1314 regno.
505 1223 662 1288 Militanti
675 1243 735 1306 pro
752 1221 1073 1309 Karthaginiensibus
1090 1225 1124 1288 in
1140 1224 1301 1310 Hispania
1323 1240 1415 1310 pater
1507 1305 1508 1310 ἵ

186 1306 333 1352 '⁸⁴⁸⁴0‘ffl‘
347 1315 379 1378 ei
393 1313 547 1376 moritur:
570 1307 662 1374 Galae
676 1327 797 1372 nomen
811 1322 890 1376 erat.
926 1308 952 1347 ⁴²
963 1309 1113 1396 Regnum
1129 1311 1170 1375 ad
1185 1310 1314 1376 fratrem
1330 1314 1415 1402 regis

187 1383 225 1417 '¹⁸'
349 1397 522 1474 OEsalcem,
543 1393 754 1483 pergrandem
780 1408 868 1473 natu,
891 1398 972 1480 (mos
993 1397 1039 1461 ita
1060 1397 1144 1482 apud
1172 1398 1328 1463 Numidas
1355 1403 1415 1480 est)
1507 1397 1508 1414 ¹

347 1485 501 1570 pervenit.
525 1483 610 1547 baud
632 1479 734 1546 multo
754 1495 835 1567 post,
858 1483 985 1548 OEsalee
1008 1506 1134 1570 quoque
1158 1497 1293 1563 mortuo,
1313 1488 1414 1574 major

348 1595 388 1636 ex
402 1571 528 1635 duobus
547 1568 620 1632 filiis
639 1569 707 1654 ejus
723 1567 859 1655 Capuae,
874 1591 974 1653 puero
992 1569 1164 1635 admodum
1180 1571 1290 1651 altero,
1306 1589 1413 1656 pater·
1507 1599 1508 1648 ς

347 1659 426 1722 rium
442 1656 609 1742 imperium
626 1655 757 1740 accepit.
802 1655 951 1719 Ceterum
970 1679 1068 1742 quum
1090 1655 1174 1722 ⁴³ma
1199 1659 1224 1722 ’s
1240 1659 1314 1744 jure
1335 1683 1414 1746 gen-

304 1767 309 1774 ·
347 1747 398 1822 tis,
414 1764 509 1831 quam
533 1743 721 1808 auctoritate
742 1741 823 1805 inter
846 1763 918 1805 suos
939 1757 994 1807 aut
1016 1742 1145 1822 viribus,
1160 1675 1321 1810 obtineret
1341 1768 1413 1834 reg·
1507 1815 1508 1826 χ

270 1905 272 1910 ,
345 1852 442 1907 num;
466 1831 586 1896 exstitit
603 1827 741 1979 quidum,
760 1825 937 1892 Mezetulus
958 1829 1094 1907 nomine,
1111 1852 1175 1894 non
1198 1831 1320 1896 alienus
1340 1855 1413 1898 san·
1507 1837 1508 1846 ’

370 1920 444 1983 uine
458 1917 596 2002 regibus,
622 1913 740 1980 amiliae
757 1935 881 2000 semper
902 1915 1049 1995 inimicae,
1065 1939 1103 1980 ac
1117 1917 1158 1982 de
1172 1917 1306 2003 imperio
1327 1922 1414 1984 varia

346 1942 474 2070 lutuno
495 2025 568 2068 cum
595 2004 642 2080 iis,
661 2001 716 2088 qui
735 2013 802 2065 tum
824 2001 1019 2080 obtinebant,
1040 2004 1198 2068 certantis.
1244 2005 1412 2081 13,οοίιοί-

346 2091 419 2157 tatis
441 2089 659 2178 popularibus,
675 2087 760 2174 apud
776 2109 865 2174 quos,
880 2087 906 2126 ⁴⁴
916 2088 1082 2154 invidiare
1105 2113 1170 2168 um,
1187 2113 1313 2179 magnae
1336 2116 1413 2158 auc·

345 2179 483 2248 toritatis
496 2175 574 2254 erat,
590 2175 700 2240 castris
713 2172 819 2260 palam
832 2175 956 2259 positis,
972 2114 1161 2242 descendere
1175 2199 1282 2266 regem
1299 2179 1334 2244 iu
1349 2181 1414 2244 uci-

346 2287 410 2344 em,
424 2287 462 2331 ac
476 2263 628 2330 dimicare
643 2261 683 2326 de
697 2265 797 2348 reguo
811 2261 925 2349 co'e'git.
948 2261 980 2326 in
996 2285 1041 2328 eo-
1056 2263 1170 2347 proelio
1186 2264 1314 2350 Capuae
1336 2289 1411 2332 cum

344 2352 453 2417 multis
478 2352 660 2453 principum
683 2345 807 2425 cecidit,
823 2347 936 2434 ⁴⁵gens
952 2348 1166 2436 Massylorum
1188 2352 1291 2417 omnis
1314 2354 1348 2417 in
1363 2354 1413 2418 di-

343 2437 464 2502 tionem
478 2437 710 2522 imperiumque
725 2433 878 2500 Mezetuli
893 2436 1054 2500 concessit.
1077 2437 1167 2526 regio
1181 2450 1287 2504 tamen
1307 2441 1413 2504 nomi·

344 2545 385 2588 ne
400 2524 567 2588 abstinuit:
592 2533 820 2606 contentusque
841 2521 969 2585 nomine
988 2522 1114 2587 modico
1131 2525 1256 2606 tutoris,
1273 2547 1413 2610 puerum

345 2611 558 2687 Lacumacen,
567 2609 624 2696 qui
633 2607 739 2693 stirpis
749 2608 844 2694 regioe
854 2622 1026 2692 supererat,
1037 2631 1143 2696 regem
1154 2610 1304 2698 adpellat.
1324 2613 1411 2678 Kar·

343 2697 575 2786 thnginiensem
597 2694 735 2759 nobilem
757 2693 917 2772 feminam,
941 2697 1057 2760 sororis
1082 2695 1180 2762 filiam
1204 2697 1413 2778 Hannibalis,

342 2807 417 2870 quae
432 2785 580 2870 proxime
592 2781 713 2846 OEsalci
727 2781 795 2882 regi
812 2793 910 2868 nupta
924 2781 1035 2859 fuerat,
1047 2783 1249 2848 matrimonio
1263 2787 1323 2850 sibi
1334 2789 1413 2872 jun·

340 2871 401 2956 git,
413 2869 502 2957 ⁴⁶spe
514 2867 829 2956 Karthaginiensrum
845 2868 1021 2960 societatiu
1037 2882 1068 2933 et
1083 2892 1156 2934 cum
1174 2870 1321 2958 Syphace
1335 2873 1412 2940 hos·

375 3131 405 3176 ⁴¹
432 3125 586 3176 barmim
607 3131 701 3174 ‘taenea
732 3121 861 3189 Romania]
893 3125 1199 3188 pacir,l.ll.c.7.n.24.

342 3191 430 3255 Seripti
446 3192 604 3249 (imparium,
617 3197 642 3240 et
659 3191 745 3250 nostri,
758 3206 800 3253 pro
811 3191 860 3239 Ro-
924 3198 956 3240 48
972 3191 1059 3253 Mage
1068 3191 1128 3254 jure
1138 3193 1231 3254 gentis,
1242 3207 1317 3254 quam
1331 3203 1414 3243 ructo-

335 3255 422 3310 'rtraru's
451 3261 579 3320 preferant
607 3261 698 3306 omnir.-
722 3255 769 3304 nisi
796 3259 860 3317 quod
891 3255 1171 3320 ritate..autm'rr'bua]
1185 3260 1414 3322 Jurgeutiaregam

341 3325 489 3379 maurinus,
508 3324 623 3372 matta.
655 3323 701 3371 Sed
720 3335 800 3369 rerum
816 3335 860 3384 pu·
892 3322 1023 3383 legitimum
1045 3324 1112 3382 sucu,
1135 3323 1265 3374 auctoritas
1288 3329 1415 3374 veneram.
1507 3321 1508 3332 ¹

340 3394 421 3439 tamm
438 3391 464 3438 id
485 3391 549 3450 quod
570 3390 656 3438 editur.
688 3389 725 3436 De
744 3388 859 3436 hmani·
891 3389 947 3445 lem,
975 3388 1034 3436 vires
1058 3393 1194 3448 potentem.
1231 3389 1272 3442 Sic
1295 3393 1415 3449 distingui

341 3455 398 3503 colis
417 3455 504 3514 agitur,
514 3457 550 3502 ita
566 3460 594 3502 ut
609 3469 655 3502 vox
671 3453 779 3500 nmrtibus
794 3467 859 3514 pror·
891 3453 960 3500 debet
975 3454 1059 3500 hurum
1073 3468 1158 3504 vocum
1174 3469 1268 3514 renent,
1274 3456 1337 3518 jura
1350 3473 1415 3520 geu·

341 3535 382 3568 aur
394 3521 472 3568 aliena
482 3521 521 3568 ait.
555 3519 650 3567 Scilicet
661 3520 780 3579 corruptio
795 3519 858 3565 haud
891 3521 933 3577 tir,
945 3521 1097 3573 auctoritate,
1108 3519 1209 3568 viribus.

340 3587 442 3634 difficilis
463 3587 518 3634 fuit.
551 3585 577 3632 Si
599 3585 660 3632 forte
682 3585 758 3646 prima
780 3584 859 3631 littera
922 3584 1414 3652 4⁴*qur'diarogum11nvidittiureges

340 3653 367 3700 in
386 3653 482 3700 nomine
492 3651 610 3700 Rouana
625 3664 691 3698 erasa
707 3650 793 3707 fuerat,
803 3650 870 3702 inde¹
890 3651 1016 3698 concitata

340 3719 429 3766 iactum
446 3722 484 3765 eat
503 3717 713 3775 emendaremur
734 3724 786 3762 turn
807 3729 858 3762 cor·
922 3722 954 3762 45
974 3717 1035 3762 Gens
1043 3715 1215 3780 Massyliorum
1223 3716 1313 3780 omnis]
1330 3721 1416 3766 Pater·

340 3787 427 3842 rector,
452 3789 478 3829 ut
501 3784 571 3830 salva
593 3787 671 3829 essent
692 3781 857 3828 Grammaticae
890 3793 947 3826 num
973 3781 1106 3828 Masinissa
1130 3796 1240 3844 ragnum.
1282 3783 1417 3847 Masoeryla'

340 3850 412 3910 leger,
422 3844 488 3894 dedit
497 3849 622 3895 omnibus
685 3867 689 3874 ·
889 3845 1004 3906 parebant
1033 3845 1159 3912 Syphaci.¹
1184 3847 1287 3908 Utrique
1320 3853 1414 3912 populo

372 3919 404 3960 ⁴2
422 3914 535 3973 &gnum
545 3914 688 3973 adsratrcm
698 3913 764 3973 regia
775 3911 856 3958 OEral-
889 3924 1015 3962 commune
1025 3917 1076 3959 erat
1085 3914 1248 3962 Numidarum
1259 3928 1356 3964 nomen.

339 3976 401 4042 cem]
433 3979 538 4026 Similem
561 3979 666 4026 ordinem
693 3978 856 4036 successionis,
922 3980 953 4024 46
970 3978 1416 4042 SpeCurtltogiaieruiumrocietatia]

339 4046 413 4090 utin
435 4043 552 4090 demortui
576 4045 646 4105 regis,
670 4043 719 4089 rive
744 4043 857 4104 principis
889 4041 926 4088 Ex
945 4043 990 4089 boc
1009 4043 1070 4101 loco,
1089 4049 1115 4091 et
1133 4046 1162 4091 iis
1183 4058 1236 4105 qun
1255 4060 1276 4092 c.
1300 4047 1415 4108 sequenti

340 4109 418 4156 locum
441 4121 490 4156 non
512 4106 574 4155 lilius
594 4109 694 4167 subiret,
712 4109 752 4155 red
774 4109 854 4168 frater,
890 4113 1025 4166 narrantur,
1045 4115 1113 4170 patet
1132 4111 1341 4171 Carthaginiense·
1361 4113 1413 4158 La·

340 4173 366 4221 in
384 4173 503 4234 Hispania
514 4188 607 4235 quoque
623 4179 742 4220 serratum
759 4179 856 4239 apparet
888 4175 979 4220 cumaei
1000 4181 1023 4220 et
1044 4176 1164 4222 Mezetulo
1187 4179 1272 4222 contra
1293 4177 1412 4224 Masinis·

339 4241 396 4288 cxl.
408 4239 527 4287 xxv111.
544 4247 613 4302 cal.
626 4253 703 4302 supra.
737 4240 797 4286 Vide
809 4239 856 4286 elia
887 4233 1042 4288 santanae.
1075 4233 1212 4301 Atqdehec
1224 4242 1413 4290 maximinum

338 4304 445 4369 exempla
467 4307 529 4367 apud
548 4307 617 4353 Grot.
635 4306 664 4352 de
682 4306 735 4364 iure
759 4303 814 4352 belli
830 4311 855 4352 et
888 4305 1000 4376 suspicari
1023 4314 1147 4366 postumus
1158 4308 1296 4356 Numidam
1318 4321 1333 4355 a
1352 4306 1412 4354 Car·
