3060 4960
351 181 414 242 sse
753 171 867 240 Tiri
897 169 1035 244 tivit

189 363 326 428 acmo.
346 343 404 432 jici
429 343 463 408 in
487 343 651 408 &manas
667 341 788 428 empti.
828 341 927 420 -Qnos
946 363 1046 430 quum
1132 365 1175 412 ue
1197 344 1291 432 ipsos,
1309 365 1402 433 neque

191 441 330 491 ΜΛΝ·
352 444 488 508 catenas,
504 429 621 516 quibus
638 430 780 515 suspensi
801 428 1035 517 injiciebantur,
1048 429 1082 495 in
1103 433 1112 448 '
1135 452 1190 497 are
1210 437 1353 518 possent3l
1373 445 1403 497 nt

351 514 488 605 queque
506 529 595 582 retro
615 515 753 582 inhibita
773 527 909 581 rostrata
931 519 1108 584 onerariam
1134 518 1305 585 inserentem
1329 539 1403 584 unco

352 602 502 680 traheret,
532 601 635 668 scindi
663 601 786 666 videres
812 602 950 679 vincula,
976 603 1092 690 quibua
1115 603 1178 670 alia
1201 605 1274 672 ¹aliis
1297 605 1404 670 innexa

351 702 429 768 erat,
445 689 471 730 ⁴⁰
481 689 593 754 seriem
607 687 702 768 aliam
715 686 810 752 simul
825 687 966 773 plurium
977 691 1106 755 navium
1116 691 1212 758 trabi.
1253 691 1333 756 ¹Hoc
1344 713 1405 755 ma·

352 779 442 842 xime
455 777 552 840 modo
568 775 693 841 lacerati
707 773 839 860 quidem
848 795 959 841 omnes
971 791 1092 860 pontes,
1103 789 1136 842 et
1152 777 1207 842 six
1222 777 1404 842 transsilien-

351 863 385 928 tii
400 864 433 926 iu
449 861 621 927 secundum
640 861 790 932 ordinem
812 863 943 928 natium
961 863 1105 948 spatium
1120 864 1406 950 propugnatoribus

189 981 268 1031 pm
280 997 320 1031 rex
351 949 461 1014 datum
477 953 534 1014 est.¹
579 949 642 1015 Sex
663 945 762 1012 ferme
783 949 938 1014 onerariae
960 949 1121 1034 puppibus
1146 949 1313 1018 abstracta
1333 951 1406 1016 Kar·

189 1049 338 1098 memrot
351 1035 516 1124 tbeginem
531 1049 623 1100 suut:
648 1035 749 1120 major
768 1055 863 1119 quam
886 1056 945 1119 pro
967 1055 1004 1099 ne
1019 1036 1140 1114 laetitia,
1157 1035 1213 1101 sed
1226 1057 1266 1100 eo
1280 1037 1406 1124 gratior,

300 1179 303 1186 .
352 1123 439 1208 quod
454 1123 536 1188 inter
550 1121 690 1186 assidam
704 1119 813 1186 clades
831 1142 869 1186 ac
890 1121 1035 1186 lacrimas
1053 1143 1152 1188 unum
1168 1137 1406 1208 quantumcum-

352 1232 414 1298 que
428 1231 470 1276 ex
484 1209 644 1294 insperato
658 1205 810 1298 gandium
825 1204 1016 1284 adfrrlmm
1038 1207 1063 1246 ⁴¹
1074 1227 1147 1273 oum
1157 1229 1215 1288 eo,
1230 1223 1268 1274 ut
1282 1210 1406 1294 adpare-

351 1308 413 1376 ret,
427 1293 514 1361 hand
561 1291 650 1358 rocul
671 1292 767 1358 exitio
789 1293 883 1358 irrisae
908 1293 1089 1365 itomanam
1104 1293 1246 1374 elnaem,
1262 1296 1296 1360 ni
1313 1317 1406 1362 cessa·

351 1395 421 1448 tum
435 1405 455 1448 a
469 1316 625 1466 meientis
644 1401 774 1445 suarum
795 1377 926 1446 navium
941 1377 1039 1464 ioret,
1054 1393 1086 1446 et
1098 1381 1211 1468 Scipio
1223 1381 1259 1448 in
1275 1393 1407 1470 tempore

351 1467 558 1536 subvenisset.

188 1567 317 1618 uniusne
393 1555 456 1620 XI.
480 1553 544 1618 Per
557 1552 693 1618 eosdem
714 1551 796 1620 forte
817 1553 896 1632 dies,
917 1574 1016 1642 quum
1042 1553 1163 1620 Loelins
1183 1567 1216 1621 et
1244 1554 1406 1622 Masinissa

350 1637 1025 1811 rs³t⁰⁰⁶rissursmtisiiu
1039 1727 1270 1794 s
1287 1641 1405 1794 inu

350 1749 519 1879 sid’eritgtim
536 1835 730 1878 concessere.
775 1811 1032 1900 Sypharnpuisis
1056 1813 1131 1880 inde
1147 1751 1311 1900 praifecsis
1332 1835 1406 1900 prte-

349 1899 502 1986 sidiisque
514 1901 591 1980 ruis,
605 1912 711 1964 vetere
732 1920 765 1962 aa
787 1899 972 1965 continebat
991 1921 1101 1986 regno,
1117 1901 1306 1988 neutiquam
1325 1902 1407 1987 quie·

348 2002 448 2052 turus.
493 1985 708 2052 stimulabant
731 2007 852 2074 aegrum
878 2007 987 2050 amore
1012 2009 1095 2050 uxor
1118 2009 1295 2075 socerque:
1317 1988 1406 2053 etita

348 2071 1027 2226 strennuissimus
1034 2072 1248 2227 ”sitiri
1263 2072 1407 2246 titii:

151 2279 159 2324 r
185 2245 426 2339 sypenta-tenti
448 2245 555 2310 animo
569 2245 735 2331 ⁴¹spiritus
748 2257 877 2328 possent
897 2245 1010 2311 iacere.
1056 2245 1159 2333 Igitur
1180 2184 1340 2324 ominibus,
1355 2245 1404 2332 qui

184 2343 234 2390 tum
245 2357 311 2406 repa-
346 2332 432 2399 beiio
447 2332 515 2420 apti
536 2346 638 2410 erant,
652 2331 686 2395 in
709 2353 808 2396 unum
824 2332 940 2396 coactis
953 2353 1062 2418 equos,
1086 2353 1185 2410 arma,
1202 2333 1267 2398 tela
1290 2333 1403 2398 dividit

186 2413 231 2456 Μ·
347 2419 469 2506 equites
487 2420 520 2484 in
543 2431 671 2495 turmas,
687 2417 808 2502 pedites
831 2419 862 2482 in
885 2419 1043 2494 cobortes,
1059 2417 1176 2484 ⁴'sicut
1191 2420 1354 2507 quondam
1368 2419 1403 2487 ab

349 2505 503 2570 Romanis
517 2503 754 2570 centurionibus
768 2503 932 2581 didicerat,
948 2504 1119 2570 distribuit.
1154 2504 1310 2572 Exercitu
1325 2505 1404 2570 haud

347 2593 481 2669 minore,
503 2613 598 2678 quam
622 2612 716 2676 quem
740 2591 828 2675 prius
849 2589 1015 2672 habuerat,
1036 2604 1176 2656 ceterum
1200 2593 1291 2657 omni
1313 2613 1404 2680 prope

346 2701 430 2772 novo
446 2691 541 2766 atque
565 2677 740 2778 inconditq‚
755 2678 802 2741 ire
823 2676 864 2742 ad
888 2676 994 2778 bostes
1017 2679 1132 2764 pergit.
1177 2677 1229 2755 Et,
1249 2679 1403 2744 castrisiu

345 2769 1404 2940 titinnius&finitis‘tristitiis

345 2939 387 3002 ad
411 2960 501 3002 suos:
525 2939 599 3004 inde
624 2938 826 3002 excursiones
851 2937 883 3001 in
904 2937 1004 3001 vicem
1025 2937 1106 3018 fieri,
1126 2949 1167 3015 et,
1184 2959 1285 3022 quum
1309 2938 1404 3024 pulsos

349 3023 529 3109 indignatio
558 3023 753 3100 accenderet,
780 3023 886 3109 plures
914 3023 1038 3090 subire:
1065 3025 1151 3108 quod
1179 3025 1403 3090 irritamentum

347 3108 556 3176 censorinum
571 3109 837 3201 equestriumlest
852 3131 951 3196 quum
974 3122 1030 3176 aut
1048 3110 1247 3175 vincentibus
1262 3134 1342 3198 spes,
1356 3119 1404 3174 aut

346 3196 445 3284 pulsis
460 3199 508 3263 ira
522 3198 675 3284 adgregat
689 3219 772 3261 suos.
817 3195 868 3262 Ita
887 3211 954 3263 tum
970 3195 1112 3282 spaucis
1131 3195 1247 3282 proelio
1269 3218 1403 3272 accenso,

346 3307 474 3352 omnem
497 3284 657 3371 utrimque
679 3295 844 3368 postremo
866 3282 1041 3368 equitatum
1068 3283 1250 3350 certaminis
1271 3283 1401 3349 studium

183 3405 326 3453 vrum.
345 3371 467 3438 effudit.
488 3393 535 3449 ac,
551 3370 630 3435 dum
644 3369 670 3408 ⁴⁴
681 3369 838 3434 sincerum
847 3382 992 3456 equestre
1004 3369 1153 3454 proeiinm
1169 3381 1248 3448 erat,
1266 3369 1400 3436 multitu-

184 3469 322 3586 fflffi„
346 3459 390 3524 do
406 3457 663 3546 Masaesylorum‚
680 3455 821 3544 ingentia
835 3457 963 3546 agmina
984 3454 1130 3544 Syphace
1150 3457 1325 3536 emittente,
1341 3476 1402 3522 sus·

726 3629 739 3656 ⁰
753 3625 871 3689 Marryiii
881 3627 1033 3676 Gramcrer.
1059 3669 1061 3674 .

345 3761 428 3823 prima
441 3761 527 3808 littera
542 3761 607 3810 vocis
623 3759 762 3817 miier‚sive
780 3759 863 3817 milen,
929 3759 1039 3808 tt'cam
1060 3773 1086 3805 ea
1107 3765 1136 3806 st
1156 3755 1293 3822 appar-eret]
1314 3759 1401 3805 mr-

346 3827 408 3874 uibii
426 3827 491 3872 aliud
509 3831 567 3874 sunt
588 3839 658 3887 quam
678 3825 788 3886 repetitio
805 3825 864 3872 dua·
897 3837 967 3889 quam
978 3823 1186 3885 quodapparebat.

345 3906 397 3938 rum
417 3897 589 3952 postremarum
606 3891 671 3938 verbi
688 3893 778 3938 maai·
804 3890 864 3936 inda
927 3886 1223 3954 trispiritunsarrre]
1244 3886 1403 3936 asumma·

345 3955 863 4083 i'iiffliia‘giniiiiitifiinffi
896 3969 1399 4081 “ia'rnurqmraeuammvu

376 4093 409 4134 40
426 4087 519 4132 Setiam
534 4083 619 4150 aliurn]
639 4088 725 4134 Pnurc
745 4087 785 4132 bic
804 4100 860 4133 eon·
894 4085 935 4134 lib
947 4085 1072 4134 mue.
1084 4090 1123 4132 48.

343 4152 409 4214 gruit
428 4165 474 4198 vox
492 4152 637 4212 aliamque
657 4153 737 4212 potuit
753 4152 820 4198 nasci
833 4165 863 4198 er
927 4157 959 4198 44
975 4151 1103 4198 Sinceritas
1111 4155 1219 4212 equestre
1225 4141 1348 4212 petum]
1361 4142 1399 4190 8⁰·

344 4216 547 4274 ricinisvocihns‚
562 4217 688 4264 eiramis.
722 4217 862 4278 MagispIa·
893 4217 970 4266 iorum
989 4217 1095 4276 equitnm
1118 4215 1235 4276 prolium,
1254 4213 1324 4262 nuiiit
1342 4207 1400 4272 νώ·

339 4276 405 4332 ieret
424 4297 478 4330 eum
500 4283 627 4332 Gronoviu
641 4284 717 4345 tegere
732 4284 862 4344 emmaque
893 4280 1226 4332 tibmsceiimmisccntibus·
1248 4314 1255 4329 .

342 4349 537 4412 simulabantur.
