3140 4972
368 151 433 224 πο
768 137 880 214 'HT-l
907 149 1063 213 mvn·

209 335 279 385 mn.
290 333 346 386 ato.
370 315 475 384 nando
488 314 530 382 ed
547 313 725 382 madon
742 311 985 401 hortandosque
993 326 1103 382 rusus
1115 291 1241 394 militm,
1256 317 1434 405 arandara,

208 400 345 456 ΛΜΗ
370 403 405 470 in
426 415 547 491 quanto
571 401 753 468 discrimine
775 425 815 467 aa
838 401 979 487 periculo
1003 400 1175 469 fortisdma
1197 402 1312 470 ouhors
1334 406 1435 472 sonio-

370 511 442 556 rum
465 505 497 556 et
520 489 635 554 civium
658 487 741 590 legio
761 500 854 555 asset.
900 489 1014 576 ltaque
1036 511 1094 575 pro
1117 491 1306 578 requieque
1324 503 1435 560 omnes
1549 497 1550 510 ¹

367 597 427 662 per
440 598 533 663 oequa
545 579 641 662 atque
661 597 772 663 rnrqua
793 575 872 652 loon,
888 594 987 662 quum
1003 575 1146 664 undique
1162 577 1226 642 tela
1240 579 1434 666 conjiceren-

370 675 434 743 tur,
455 683 607 748 armaque
628 676 660 728 et
683 683 818 746 comare
843 661 947 728 hostes
970 662 1152 747 objicerent,
1172 665 1363 749 pervadunt,
1383 666 1435 732 in·

369 763 597 835 rumpuntque.
621 748 711 814 multi
734 748 900 826 vulnerati,
919 748 1013 813 etiam
1037 772 1118 836 quos
1139 750 1222 816 vires
1243 773 1298 817 san
1345 753 1435 839 isque

368 835 539 914 desereret,
568 850 601 900 ut
629 836 715 900 intra
739 834 856 899 vallum
885 834 1023 900 hostium
1052 835 1212 915 caderent,
1239 839 1304 904 nite
1328 850 1433 905 antur.

371 921 475 1007 Capta
496 923 603 1010 itaque
624 933 786 987 momento
806 921 966 1006 temporis,
982 920 1096 987 ⁸⁵velut
1114 923 1148 987 in
1171 922 1269 1009 plano
1287 926 1358 1006 sits,
1373 931 1460 992 nea‘

110 1013 114 1024 '
249 1053 257 1060 -
369 1009 551 1095 permunita
572 1022 683 1074 castra.
730 1006 843 1073 Caedes
864 1007 950 1086 inde,
968 1029 1032 1072 nou
1051 1009 1117 1094 jam
1139 1031 1248 1096 pugna
1269 1024 1346 1091 erat,
1362 1033 1434 1076 orn·

370 1096 465 1160 nibus
480 1096 564 1162 intra
577 1094 695 1160 vallum
717 1094 892 1194 permixtis.
914 1116 1010 1180 supra
1023 1115 1079 1159 sex
1098 1095 1197 1161 millia
1215 1097 1355 1163 hostium
1377 1121 1434 1164 oo-

368 1183 444 1261 oiar,
470 1205 568 1267 supra
594 1195 715 1265 septem
739 1179 838 1245 millia
866 1182 1017 1266 capitum,
1044 1203 1117 1248 oum
1147 1185 1432 1252 frumentatoribus
1537 1223 1550 1252 fl

370 1269 545 1354 Campanis
565 1269 716 1354 omnique
736 1266 950 1352 plaustrorum
973 1278 1005 1331 et
1027 1268 1241 1357 jumentorum
1263 1272 1431 1357 adparatu,
1549 1273 1550 1284 ’

357 1368 472 1441 ¹anpta.
494 1368 527 1421 et
545 1353 607 1420 elis
625 1355 737 1441 ingens
756 1353 866 1440 prreda
884 1353 954 1430 fuit,
970 1375 1065 1441 quam
1081 1353 1213 1434 Hanno,
1229 1358 1433 1442 populabun-

260 1485 264 1492 -
367 1440 429 1506 dua
453 1443 569 1527 passim
592 1463 691 1526 quarn
714 1441 795 1520 isset,
812 1461 854 1506 ex
875 1441 1034 1506 sociorum
1057 1442 1169 1527 populi
1187 1443 1321 1508 Romani
1343 1446 1432 1532 agris

234 1589 238 1598 .
365 1539 518 1594 traxerat.
562 1527 651 1604 lude,
677 1527 804 1614 ridentis
829 1526 966 1592 hostium
992 1528 1113 1606 eastris,
1140 1528 1354 1594 Beneventum
1380 1551 1433 1596 re-

368 1614 471 1680 ditum
501 1627 560 1694 est,
588 1614 793 1701 praedamque
821 1613 866 1677 ibi
895 1617 990 1680 ambo
1017 1615 1162 1680 eonsules
1191 1620 1277 1702 (uam
1304 1629 1338 1682 et
1363 1621 1432 1707 Ap.
1549 1641 1550 1662 r

370 1701 525 1786 Claudius
538 1714 664 1788 eopost
680 1723 798 1787 paucos
812 1700 879 1766 dies
894 1701 991 1782 venit)
1006 1701 1226 1782 vendiderunt,
1241 1703 1433 1771 diviserunt·

368 1811 440 1876 que.
455 1801 487 1854 et
508 1788 627 1864 donati,
643 1809 780 1875 quorum
802 1807 899 1873 opera
923 1801 1026 1853 nastra
1046 1787 1184 1855 bostium
1207 1801 1300 1876 capta
1321 1803 1430 1857 ereata

367 1888 442 1976 ante
456 1875 534 1977 alias
550 1877 707 1940 Aacuseus
720 1873 788 1940 Peli
832 1896 881 1976 us,
894 1886 926 1976 pt
940 1875 981 1939 T.
996 1874 1154 1976 lsednnius
1167 1876 1316 1978 prinoeps
1328 1879 1432 1942 tertiae

207 1964 511 2050 nannored-legroma.
557 1961 681 2027 Hanno
709 1961 750 2026 ab
773 1999 776 2004 ·
806 1981 927 2025 ommia
953 1960 1074 2039 Cento,
1098 1983 1163 2049 quo
1187 1975 1339 2029 nunarata
1362 1987 1431 2030 aas·

205 2105 261 2152 ⁶⁰⁸·
367 2157 475 2240 seca-m
484 2136 649 2214 habuerat,
658 2133 744 2223 fugae
755 2134 1115 2222 megiaquamitineris,
1130 2135 1431 2204 modoinBruttios

204 2321 322 2383 csmpsnt
366 2223 484 2376 mlilll.
507 2309 553 2375 Et
568 2308 735 2396 Campani,
751 2305 861 2372 audita
875 2329 932 2372 sua
953 2309 1073 2393 pariter
1086 2308 1312 2396 sociorumque
1324 2309 1431 2394 olade,
1511 2363 1514 2370 .

202 2385 965 2559 affimat
978 2395 1433 2566 ...a

205 2041 343 2088 *immi*
368 2061 490 2115 trorum
513 2047 619 2115 eludes
640 2059 696 2126 est,
717 2069 790 2113 cum
811 2047 922 2133 paucis
942 2046 1231 2126 frumentatoribus,
1246 2059 1327 2137 qu'os
1348 2049 1432 2116 forte
1549 2087 1550 2092 κ

357 2579 472 2654 por-tar
485 2579 517 2634 et
529 2591 629 2634 maros
643 2570 750 2634 bellam
765 2589 835 2634 ease.
844 2569 1029 2652 niprapere
1041 2568 1208 2647 ariamini,
1224 2572 1351 2636 celerias
1366 2571 1431 2636 θει-
1549 2615 1550 2620 1

358 2677 466 2741 paam,
482 2677 571 2741 qnam
586 2656 699 2740 Arpos,
715 2657 751 2720 in
758 2664 940 2738 potestatem
953 2656 1082 2726 Maian
1096 2663 1263 2722 amimam.
1293 2657 1345 2720 Ne
1364 2657 1431 2722 Ta·

240 2793 246 2798 1
362 2753 482 2808 rentum
497 2744 626 2826 quidem,
639 2763 701 2816 nan
714 2745 802 2805 moda
815 2763 924 2818 arcam,
935 2743 1019 2806 tanti
1030 2741 1137 2806 debere
1150 2763 1221 2818 esse,
1231 2753 1266 2808 at
1279 2744 1430 2826 Capram

362 2851 454 2915 quarn
469 2829 667 2915 Karthagini
686 2849 810 2913 aeqrmre
821 2829 994 2906 ritsolinn,
1010 2829 1159 2893 demtum
1180 2829 1431 2914 indefensamque

357 2919 476 3001 populo
489 2917 631 2980 Romano
645 2917 763 2980 nudat.
797 2913 973 2991 Hannibal,
989 2935 1075 2980 curae
1089 2914 1150 2979 sibi
1163 2913 1231 2979 fore
1245 2935 1311 2980 rem
1327 2914 1429 2980 Cam·

362 3023 478 3088 punam
501 3001 671 3086 pollicitus,
687 3002 720 3066 in
741 3001 910 3086 praesentia
928 2999 993 3065 duo
1014 3000 1115 3065 millia
1136 3003 1276 3088 equitum
1290 3023 1365 3066 cum
1379 3000 1428 3067 le-

361 3089 443 3176 gatis
475 3088 582 3166 mittit,
612 3111 677 3176 quo
708 3087 859 3173 praesidio
887 3109 980 3174 agros
1011 3086 1270 3172 populationibus
1297 3103 1429 3174 possent

199 3182 345 3296 ssptffin·
361 3175 540 3278 probibere.
565 3173 719 3278 R⁰l¹¹ff¹¹i⁸
733 3172 1115 3324 interiff’·i,i·⁰⁰tb⁰i{1mm
1129 3195 1248 3256 rerum,
1261 3175 1345 3240 arcis
1359 3174 1428 3239 Ta·

151 3333 156 3354 ’
197 3275 514 3426 nattrtttlt.
528 3262 918 3438 titillanti:
932 3273 1152 3412 tullii.
1166 3262 1427 3433 alatri:

196 3445 351 3522 amnntno.
360 3449 430 3504 tore
451 3438 485 3502 in
509 3438 669 3502 Etruriam
691 3434 732 3499 ad
757 3437 954 3500 frumentum
978 3433 1187 3498 coimendum
1209 3435 1333 3511 missus,
1351 3455 1427 3499 eum

200 3521 276 3557 mana
360 3523 482 3613 aliquot
502 3523 636 3590 navibus
658 3523 778 3588 onustis
800 3521 833 3586 in
900 3531 984 3585 rtum
1008 3519 1220 3585 Tarentinum
1247 3519 1330 3586 inter
1351 3517 1428 3585 hos-

264 3651 271 3658 ·
359 3613 439 3678 tium
463 3609 623 3677 custodias
642 3607 795 3696 pervenit.
825 3649 829 3654 -
871 3607 940 3692 ujus
962 3605 1110 3685 adventu,
1126 3607 1180 3692 qui
1201 3619 1285 3686 ante,
1301 3607 1335 3672 in
1356 3606 1427 3671 exi-

405 3698 620 3784 aspernanti
642 3717 727 3781 saepe
746 3694 787 3758 nd
810 3691 1027 3758 transitionem
1049 3693 1090 3757 ab
1111 3691 1256 3758 hostibus
1275 3713 1334 3780 per
1347 3713 1426 3758 oon·

371 3785 468 3872 oquia
483 3800 583 3861 erant,
599 3781 684 3848 ultro
698 3780 741 3846 nd
762 3779 991 3845 transeundum
1012 3781 1116 3845 hostes
1130 3779 1287 3846 vocabant
1309 3777 1426 3846 sollici-

359 3873 542 3957 tabantque.
568 3882 601 3934 et
626 3880 694 3934 erat
719 3866 793 3932 satis
817 3865 957 3931 validum
984 3865 1180 3952 praesidium,
1204 3866 1358 3933 traductis
1383 3866 1427 3932 ad

360 3977 466 4022 arcem
489 3956 624 4023 Terenti
653 3953 816 4032 tuendam,
843 3951 898 4040 qui
923 3950 1105 4038 Metaponti
1134 3964 1236 4036 erant,
1260 3953 1427 4022 militibus.

392 4209 426 4258 86
445 4211 513 4258 vaur
527 4213 553 4258 in
565 4212 637 4272 ptam
650 4205 709 4272 rita]
724 4209 802 4256 Velut
816 4208 876 4256 niin
909 4207 1002 4256 Punica
1018 4207 1147 4258 altitudine
1162 4208 1209 4257 loci
1224 4213 1249 4256 ot
1266 4203 1429 4256 munitnentia

360 4277 433 4338 pluro
457 4275 505 4324 sita
523 4277 637 4333 fuirunt,
657 4288 703 4322 uec
730 4273 876 4337 permunita.
909 4274 1099 4322 amanteum

357 4343 437 4404 supra
451 4355 471 4389 a.
484 4342 523 4390 ln.
540 4339 679 4404 pbserrnvit
695 4337 780 4386 Livius
798 4345 877 4388 eastra
