3036 4972
345 188 441 248 LIB.
460 183 577 246 XXIII.
608 186 709 246 CAP.
735 185 879 246 XXXIV.
1085 189 1141 250 177

93 351 186 432 berea
209 349 350 438 locisque
371 352 408 415 iis
429 347 577 438 praesidio
598 363 688 415 esset.
732 339 776 414 Et
798 349 838 434 T.
864 343 1020 414 Otacilius
1046 345 1140 410 Cras·
1148 346 1283 414 uasat

94 459 150 514 aus,
164 450 334 524 postquam
358 437 458 502 aedem
480 435 601 502 Mentis
622 439 654 501 in
679 426 1283 520 capitoliodedicavit,inSi-M·²1⁵·

93 523 190 587 ciliam
206 523 280 590 cum
295 525 438 609 imperio,
454 525 509 610 qui
523 523 614 588 classi
630 535 786 607 praeesset,
802 522 925 585 missus.

131 609 308 676 XXXIII.
331 613 368 674 ln
379 609 465 674 ,hanc
480 610 714 674 dimicationem
729 607 865 672 duorum
888 605 1141 690 opulentissimo-

4 697 5 704 ’
94 717 158 758 rum
180 695 213 759 in
233 697 325 760 terris
340 695 529 787 populorum
545 717 655 759 onrncs
670 717 758 781 reges
771 708 942 781 gentesque
956 692 1078 757 anImos
1092 693 1140 756 in·
1155 717 1158 724 ’

93 781 265 847 tenderent.
287 783 370 847 inter
384 803 464 867 quos
481 780 646 866 Philippus
662 779 876 844 Macedonum
891 801 954 855 ren,
970 801 1008 843 eo
1028 779 1138 862 magia,

93 867 239 954 *quode
263 868 395 953 propior
421 867 532 943 Italiae,
559 889 596 931 ac
618 867 697 931 mari
722 877 844 929 tantum
873 865 963 928 Ionio
988 864 1140 929 discretus

93 967 166 1018 erat.
210 955 242 1018 Is
267 953 322 1017 ubi
353 953 491 1040 primum
525 952 607 1017 lama
635 952 766 1037 accepit,
801 950 1011 1014 Hannibalem
1034 951 1140 1035 ‘Alpes

92 1041 328 1127 uansgre'ssum,
342 1051 378 1104 ut
392 1037 475 1104 bello
493 1038 577 1102 iuter
593 1039 754 1103 Romanos
775 1036 973 1122 Poenumque
991 1049 1063 1100 orto
1084 1037 1140 1100 lae-

92 1137 171 1189 tatus
191 1137 268 1202 crat,
284 1126 339 1205 ita,
354 1127 455 1189 utrius
477 1125 585 1210 populi
609 1123 716 1188 mallet
736 1122 899 1187 victoriam
921 1145 997 1198 esse,
1012 1122 1143 1187 incertis

93 1209 193 1276 adhuc
213 1209 343 1290 tisibus,
364 1212 533 1276 fluctuatus
554 1212 660 1274 animo
687 1209 800 1274 fuerat.
844 1207 1051 1294 ⁸⁶Postquain
1077 1224 1139 1272 ter·
1149 1223 1277 1286 Philippus

92 1299 133 1360 tia
158 1319 208 1360 aar
232 1319 350 1386 pugna,
367 1299 459 1363 tertia
473 1297 603 1362 victoria
617 1317 689 1360 cum
708 1296 814 1359 Poenis
828 1306 906 1371 erat,
926 1295 967 1359 ad
981 1295 1140 1359 fortunam
1149 1302 1192 1398 {⁹¹
1204 1287 1300 1335 Meae.

93 1319 265 1464 inclinavit,
290 1383 320 1447 le
361 1397 471 1469 tosque
493 1383 532 1446 ad
557 1379 772 1446 Hannibalem
794 1381 896 1445 misit:
919 1382 983 1466 qui,
1006 1381 1140 1446 vitantes
1150 1359 1271 1462 ,gi-³322,

93 1483 201 1552 portus
217 1468 307 1533 Brun
332 1471 445 1533 isinum
462 1469 745 1553 Tarentinumque,
761 1467 835 1552 quia
849 1466 998 1532 custodiis
1012 1467 1141 1532 navium
1152 1481 1279 1528 Hanune-

95 1555 311 1620 Romanarum
332 1555 528 1631 tenebantur,
549 1553 589 1618 ad
611 1553 753 1618 Laciniae
773 1553 910 1618 Iunonis
934 1554 1087 1638 templum
1109 1548 1209 1618 intem.

93 1652 207 1704 urtam
228 1644 345 1728 egressi
362 1653 444 1705 runt.
489 1641 569 1706 lnde
587 1663 645 1724 per
661 1640 810 1724 Apuliam
827 1652 969 1724 patentes
986 1639 1142 1724 Capuam,

4 1759 5 1774 r
93 1727 242 1791 medialis
264 1726 413 1812 praesidia
429 1725 575 1792 Romana
596 1727 684 1790 inlati
706 1740 796 1790 sunt:
819 1725 1009 1811 deductique
1028 1726 1070 1791 ad
1090 1725 1141 1790 M.

94 1811 253 1876 Valerium
278 1812 442 1878 Laevinum
459 1827 637 1896 praetorem,
653 1811 772 1876 6⁴cit-ca
788 1811 958 1875 Nuceriam
973 1811 1143 1876 castreha-

93 1899 230 1963 bentem.
275 1899 325 1963 Ibi
347 1899 503 1984 Intrepide
523 1898 738 1983 Xenophanes
763 1896 927 1984 legationis
951 1897 1108 1984 princeps,
1124 1923 1144 1963 a

96 1983 245 2068 Philippo
268 2007 342 2074 rege
363 2007 396 2048 ae
420 1985 560 2062 naissum,
577 1989 631 2065 ait,
647 1985 686 2048 ad
710 1982 877 2048 amicitiam
901 1985 1144 2070 societatemque

88 2071 284 2158 jungendam
299 2092 372 2134 cum
386 2071 506 2158 populo
528 2071 693 2148 Roman03
708 2069 867 2134 mandata
882 2069 997 2134 habere
1011 2070 1051 2135 ad
1066 2093 1145 2134 oon·

94 2155 173 2220 aulea
188 2179 225 2220 ac
246 2169 390 2220 senatum
412 2157 629 2242 populumque
651 2158 843 2222 Romanum.
889 2155 977 2220 Inter
998 2155 1146 2220 defectio·

93 2263 148 2306 nes
169 2254 311 2306 veterum
333 2245 500 2320 sociorum,
524 2243 678 2320 Valerius,
701 2263 783 2306 nova
809 2240 955 2306 societate
982 2253 1045 2306 tam
1071 2241 1149 2306 clari

4 2335 5 2372 ³
96 2328 284 2411 regislae'tus
303 2328 484 2406 admodum,
501 2329 606 2393 hostes
628 2349 686 2413 pro
705 2329 882 2413 hospitibus
903 2328 1035 2392 comiter
1055 2349 1145 2392 acce-

93 2415 149 2498 pit.
172 2413 238 2490 dat,
255 2415 311 2500 qui
332 2426 570 2501 prosequantur,
591 2416 704 2479 itinera
724 2433 795 2478 cum
819 2436 896 2478 cura
915 2413 1145 2491 demonstrent,

95 2521 164 2584 quae
176 2500 257 2576 loca,
269 2522 410 2586 quosque
425 2501 532 2578 saltus,
548 2514 603 2565 aut
625 2501 798 2576 Romanus,
814 2513 870 2564 aut
884 2500 989 2564 hostes
1008 2513 1146 2568 teneant.

94 2584 312 2672 Xenophanes
325 2609 381 2670 per
394 2587 543 2671 praesidia
556 2587 701 2652 Romana
711 2587 744 2650 in
756 2587 974 2671 Campaniam,
986 2586 1071 2664 iude,
1085 2609 1148 2673 qua

94 2675 275 2754 proximum
301 2671 371 2750 fuit,
395 2675 427 2736 in
454 2687 555 2736 castra
584 2673 772 2737 Hannibalis
800 2675 953 2756 pervenit,
980 2674 1148 2760 ioedusque
1199 2716 1203 2722 -
1295 2698 1298 2704 ·

94 2779 166 2822 curn
193 2781 232 2822 eo
257 2771 351 2844 atque
375 2758 544 2824 amicitiam
565 2760 673 2844 junxit
692 2759 816 2846 legibus
837 2758 903 2823 his:
926 2769 961 2824 ut
980 2761 1295 2843 Philipparaoeaustn.

93 2865 147 2908 rea
157 2867 248 2929 quarn
263 2847 499 2910 marimaciaase
512 2847 666 2928 (ducentas
677 2856 776 2909 autem
787 2867 878 2910 naves
892 2847 1052 2910 uidebatur
1062 2848 1194 2935 effac-‘0¹
1204 2847 1295 2907 rutup-

93 2932 191 3011 turus)
207 2933 240 2994 in
252 2932 381 2994 Italiam
392 2931 559 3016 trajiceret,
575 2941 605 2995 et
619 2941 755 2996 uastaret
769 2934 954 2995 maritimam
966 2955 1071 2997 marn:
1087 2934 1147 2996 bel·
1157 2917 1283 3024 iffi&

94 3017 152 3080 iam
162 3038 227 3100 pro
236 3027 330 3100 parte
343 3037 399 3081 sua
412 3027 498 3081 terra
509 3019 647 3102 marique
658 3027 788 3102 gereret.
804 3017 856 3081 ndi
870 3019 1048 3090 debellatum
1063 3029 1146 3097 esset,
1157 3041 1214 3088 lem.

92 3101 193 3168 Italia
215 3104 313 3182 omnis
335 3123 399 3166 erem
422 3105 492 3185 epta
515 3103 588 3168 urhe
609 3104 709 3166 Roma
730 3105 1036 3188 Karthaginiensium
1059 3095 1150 3192 atqiee

93 3188 289 3252 Hannibalis
303 3199 386 3264 ercet,
393 3191 563 3274 praedoque
573 3191 669 3253 ornnis
684 3189 859 3254 Hannibali
873 3193 997 3256 cederet.
1031 3195 1149 3258 Perdo-

92 3276 169 3338 mita
184 3275 296 3350 Italia,
311 3277 495 3358 navigarent
510 3277 544 3338 in
561 3274 725 3352 Graeciam,
741 3276 915 3360 datiamque,
931 3276 1026 3342 6⁵curn
1043 3280 1150 3362 quibus

92 3361 214 3444 regibus
220 3363 369 3442 placeret,
381 3371 533 3445 gererent.
549 3381 617 3444 qua
630 3363 770 3426 ciuitates
783 3365 975 3442 continentis,
988 3367 1150 3448 quoe'insn-
1166 3431 1168 3439 ,

91 3445 131 3507 lae
145 3449 190 3509 ad
203 3447 422 3510 Macedonium
437 3457 573 3532 reffert,
590 3469 633 3510 ere
643 3449 794 3531 Philippi
806 3451 952 3534 regnique
966 3449 1028 3533 eries
1043 3460 1148 3515 essent.
1171 3457 1173 3460 ’

111 3561 115 3576 .
135 3530 311 3598 XXXIV.
334 3531 374 3596 In
388 3531 445 3596 has
460 3531 556 3596 ferme
576 3532 661 3620 leges
682 3535 763 3599 inter
785 3534 920 3604 Poenum
935 3534 1049 3601 docem
1065 3539 1151 3626 lega-

548 3691 568 3720 ¹²²
577 3701 621 3749 qao
630 3689 699 3740 crev.

123 3819 157 3866 62
175 3818 228 3874 Quo
246 3821 343 3882 proptor
364 3820 455 3884 Italr'oe]
485 3821 524 3868 Sit
543 3833 607 3867 uncis
640 3827 681 3867 net
702 3821 832 3882 legendum
855 3822 985 3870 Luceriam.
1027 3823 1063 3874 M.
1084 3827 1151 3874 enim
1210 3821 1215 3825 ”

91 3883 196 3932 Heamii
214 3887 300 3940 codex,
320 3885 439 3942 Andreas,
461 3893 485 3931 et
505 3885 608 3945 Campa·
640 3886 753 3932 Valerius
768 3887 793 3932 in
805 3888 895 3947 Apulia
914 3894 973 3943 erat,
985 3887 1056 3952 cujus
1073 3904 1152 3938 unae

90 3959 147 3994 uua
175 3949 260 4009 Vulgo
271 3949 339 4009 qued.
638 3950 768 4010 praecipuis
796 3951 935 3996 civitatibus
967 3953 1073 4002 Luceria.
1119 3959 1153 4002 nt

122 4012 157 4060 63
173 4013 330 4076 Posteaquam
351 4016 420 4060 metra
437 4015 493 4076 jam
510 4011 605 4074 payle]
639 4014 747 4060 Nuceria
757 4015 814 4060 urbs
830 4023 868 4060 eat
884 4016 1031 4076 Campaniae.
1065 4021 1154 4082 scripti

88 4074 174 4130 Quum
186 4079 279 4124 videret
298 4078 422 4137 Philippus
440 4079 536 4126 uetiam
553 4075 607 4138 jam
639 4079 689 4124 t‘ere
701 4079 853 4132 Numeriam,
865 4081 903 4134 vel
915 4079 1040 4129 Nemtam.
1219 4122 1222 4127 ,

87 4151 211 4202 pugnam,
229 4143 328 4190 tertIam
348 4143 559 4190 fuisserIctorlam
577 4143 607 4187 ab
672 4143 704 4188 65
722 4141 784 4190 eam
813 4144 893 4202 peribas
923 4145 1015 4205 regitur
1040 4149 1154 4212 placeret]

87 4205 219 4255 eoenomm
231 4207 316 4266 portet
334 4207 395 4264 sive,
410 4209 492 4254 l‘oenos
503 4213 540 4254 ter
547 4219 608 4266 pug-
640 4205 707 4266 Lege
717 4219 774 4253 cum
786 4209 916 4268 GronovIo,
927 4224 980 4256 earn
995 4213 1074 4274 paitru
1091 4215 1154 4274 regi,

88 4281 161 4316 nanc
172 4283 230 4316 eum
241 4271 370 4325 Romania,
381 4277 418 4318 tar
429 4271 523 4318 nouae.
641 4282 729 4331 nempe
740 4271 862 4332 Philippo,
870 4274 977 4334 placeret.

4 4347 5 4382 t
121 4333 157 4380 64
173 4334 246 4382 Circa
263 4335 409 4398 Nuceriam]
427 4336 539 4397 SIgoniut
554 4347 608 4382 mo·

132 4415 211 4464 VOL.
229 4419 269 4462 II.
523 4439 525 4444 v
673 4419 696 4460 N
