3060 4960
347 125 411 228 ¹ssu
648 165 652 172 ’
742 162 855 226 rrrr
884 163 1021 228 urvrr

188 349 256 398 uc.
269 357 325 400 ns.
339 353 410 398 ma
423 343 455 397 st
468 331 527 418 'per
541 334 642 396 totum
657 320 783 396 Iuliam
798 341 874 397 erat
921 329 1037 398 Roma
1052 331 1156 416 pretio
1170 329 1290 412 eodem,
1306 332 1407 420 pluris·

186 415 381 482 ausuri„
400 416 511 482 ⁹⁸ioris
536 432 568 483 et
589 415 817 492 conciliabulis,
840 429 872 482 et
889 416 955 482 ulio
977 417 1053 482 alibi
1076 419 1178 501 pretio
1198 421 1401 505 praebeudum

258 525 262 536 ’
347 504 540 570 locaverunt.
586 503 625 568 Id
643 503 784 590 ‘vectigal
806 515 1021 570 commentum
1046 503 1180 570 alterurn
1206 529 1245 572 ex
1270 507 1403 572 censori-

347 591 407 656 bus
431 591 507 656 ratis
536 589 715 666 credebant,
741 589 863 674 populo
892 591 1017 667 iratum,
1044 592 1128 678 quod
1155 591 1267 679 iniquo
1290 593 1404 679 judicio

348 676 511 764 quondum
536 676 703 742 damnatus
726 688 822 740 esrett
847 687 879 740 et
901 675 935 739 in
956 678 1059 762 pretio
1080 677 1154 742 selis
1175 681 1313 746 manime
1334 701 1405 744 one·

347 777 433 830 ratas
455 765 567 841 tribus,
583 783 718 848 quarum
743 785 841 847 opera
864 761 1033 828 damnatus
1056 777 1134 842 erut,
1159 764 1341 832 credebaut.
1361 766 1405 829 in·

347 849 389 916 de
415 849 587 917 Salinatori
612 849 704 914 Livio
729 848 864 914 inditum
892 869 1079 936 cognomen.
1124 850 1279 916 Lustrum
1303 853 1406 916 condi·

348 950 417 1002 tum
431 936 541 1013 serius,
557 935 633 1021 quia
658 956 715 1018 per
735 935 915 1021 provincius
936 934 1125 1002 dimiserunt
1146 957 1302 1016 censores,
1319 951 1353 1003 ut
1366 939 1406 1003 oi·

347 1023 434 1088 vium
448 1022 667 1088 Romanorum
683 1020 716 1086 in
735 1020 939 1100 exercitibus,
956 1035 1094 1148 qqentus
1115 1022 1234 1110 ubique
1256 1038 1347 1101 esset,
1363 1047 1407 1090 re·

347 1108 482 1175 ferretur
495 1129 657 1174 uumerus.
702 1106 807 1172 Consu
828 1130 901 1172 curu
918 1107 955 1172 iis
1003 1107 1138 1174 ducenta
1153 1109 1261 1176 decern
1278 1123 1407 1199 quatuor

346 1195 447 1261 millia
483 1195 662 1260 bominum.
709 1193 853 1260 condidit
888 1193 1022 1260 lustrum
1060 1195 1096 1260 C.
1123 1195 1278 1262 Claudius
1316 1198 1406 1262 Nem.

346 1281 563 1348 9⁵Duodecim
578 1279 694 1346 deinde
708 1279 916 1361 coloniorum,
933 1285 943 1365 (
967 1280 1032 1346 nod
1046 1299 1221 1370 numquam
1241 1297 1336 1350 antea
1348 1283 1406 1350 ico-

248 1435 251 1446 ,
347 1380 416 1434 tum
432 1372 513 1447 erut)
531 1365 746 1433 deferentibus
762 1365 900 1452 ipserum
915 1303 1111 1432 coloniarum
1128 1370 1325 1448 censoribus,
1341 1393 1407 1436 ceu-

348 1475 418 1519 sum
444 1467 653 1538 occeperunt:
684 1466 729 1530 ut,
752 1465 907 1540 quantum
930 1475 1063 1518 numero
1081 1454 1231 1534 militum,
1257 1469 1406 1543 quantum

347 1541 484 1626 pecunia
499 1539 646 1690 vulereqrt,
664 1539 699 1604 iu
721 1539 855 1625 publicis
877 1539 992 1605 tubulis
1013 1555 1231 1608 monumenta
1243 1555 1406 1608 exstarent.

349 1627 502 1712 Equitum
518 1625 590 1692 dein
616 1650 633 1689 e
650 1646 766 1692 census
778 1626 830 1712 agi
845 1639 970 1714 sceptus
985 1640 1049 1691 est:
1071 1641 1106 1692 et
1125 1631 1219 1692 aurbu
1233 1629 1320 1694 forte
1339 1651 1405 1694 cen·

187 1742 313 1788 mm„
348 1735 433 1780 sores
447 1733 565 1804 equum
574 1711 740 1814 publicum
750 1711 923 1778 habebant:
956 1712 1067 1789 Quum
1082 1713 1124 1778 ad
1138 1715 1259 1780 tribum
1275 1713 1403 1781 Polliam

187 1809 298 1882 neuma
349 1811 479 1864 rentum
501 1811 558 1878 est,
573 1819 607 1864 rn
622 1821 684 1886 qua
699 1797 749 1864 M.
765 1798 849 1863 Livii
865 1821 981 1864 nomeu
1003 1812 1082 1876 erat,
1098 1814 1130 1864 et
1151 1823 1262 1886 praeco
1284 1815 1406 1868 cuncta·

184 1875 250 1984 ᾖξ’
259 1882 341 1917 “⁰¹⁰⁸
349 1898 438 1952 retur
459 1886 557 1952 citare
577 1887 680 1971 ipsum
706 1905 886 1962 censorem
921 1887 1005 1962 Cito,
1027 1884 1131 1974 inquit
1155 1886 1258 1966 Nero,
1282 1890 1332 1954 M.
1353 1889 1407 1953 Li·

348 1975 441 2040 uium.
463 1985 506 2052 et,
521 1973 587 2037 sire
600 1995 641 2036 ex
662 1971 788 2037 residua
801 1983 833 2036 et
844 1984 949 2038 vetere
970 1972 1140 2053 simultate,
1155 1973 1220 2039 sive
1240 1976 1405 2060 intempes-

348 2057 412 2126 tiva
428 2059 601 2146 jactatione
622 2058 796 2123 severitatis
818 2057 953 2138 inflatus,
970 2055 1038 2122 M.c
1052 2057 1188 2139 Liuium,
1205 2062 1284 2148 quia
1304 2059 1406 2147 populi
1489 2049 1490 2078 ¹

291 2183 294 2192 v
342 2145 464 2232 judicio
486 2157 567 2212 esset
586 2144 764 2222 damnatus,
791 2143 941 2246 leequum
972 2145 1106 2210 rendere
1125 2147 1227 2231 jussit.
1265 2151 1341 2212 item
1361 2145 1404 2211 Μ.

348 2233 466 2311 Livius,
481 2255 581 2321 quunr
596 2230 639 2296 ad
653 2231 773 2296 tributu
788 2229 992 2296 Arniensemd
1006 2244 1039 2295 et
1052 2252 1167 2296 nomen
1188 2232 1324 2318 collegae
1337 2253 1405 2298 ven·

349 2330 417 2384 tum
432 2331 491 2399 est,
501 2317 641 2384 ¹vendere
656 2339 771 2404 equum
789 2318 827 2381 C.
845 2317 1014 2382 Claudium
1031 2318 1134 2402 jussit,
1149 2317 1290 2386 ducrum
1306 2341 1404 2385 rerum

337 2429 476 2482 'cuussu3
498 2405 602 2482 unius,
618 2406 703 2491 quod
720 2403 832 2468 falsum
857 2405 1003 2468 adversus
1025 2426 1059 2467 se
1079 2404 1298 2471 testimonium
1320 2407 1407 2470 dixis·

349 2505 396 2557 set
405 2515 414 2568 3
438 2491 575 2566 alterius,
592 2489 678 2578 quod
693 2511 758 2554 nun
773 2491 893 2554 sincera
907 2488 972 2554 fide
986 2511 1091 2554 secum
1108 2489 1290 2580 ingratiam
1307 2493 1407 2557 rediis-

349 2590 406 2663 set.
451 2577 564 2663 ltaque
578 2578 622 2640 ibi
634 2576 752 2642 foedum
768 2589 926 2641 certamen
940 2577 1127 2660 inquinandi
1138 2577 1256 2642 famam
1274 2579 1404 2656 ulterius,

349 2685 424 2732 curn
438 2685 506 2730 suae
519 2662 614 2728 sumre
624 2663 752 2740 damno,
767 2661 887 2727 fumum
901 2676 957 2726 est.
1002 2661 1098 2727 Exitu
1119 2685 1266 2729 ceusurae
1279 2666 1306 2710 ⁹⁷
1315 2687 1403 2753 quum

350 2753 382 2816 in
398 2751 483 2832 leges
490 2751 629 2852 jurasset
645 2750 682 2813 C.
700 2748 864 2828 Claudius,
880 2762 911 2812 et
926 2748 958 2812 in
981 2748 1128 2813 aerarium
1148 2753 1348 2832 escendisset,
1364 2752 1404 2814 in·

349 2851 399 2904 ter
413 2859 544 2904 nomine
557 2857 679 2914 eorum,
693 2836 808 2922 ⁹⁸quos
821 2835 949 2900 aerarios
961 2835 1168 2922 relinquebat,
1182 2836 1272 2920 dedit
1283 2838 1404 2924 collegis

546 3007 606 3055 ‘dd
618 3007 662 3054 del.
674 3009 751 3058 Grcn.
761 3007 831 3054 Creu.
959 3002 1143 3054 ducerem
1151 3005 1216 3054 liud.

353 3175 450 3226 renibet
467 3179 643 3240 mxttute,rire
657 3184 723 3228 reate
740 3177 798 3227 assir
814 3193 867 3240 par-
933 3179 964 3226 96
981 3175 1078 3238 Equum
1098 3169 1205 3238 under]
1238 3175 1335 3236 Equum
1354 3172 1406 3234 pub

352 3247 385 3291 te.
870 3259 873 3266 ⁴
900 3240 983 3300 licum,
1006 3243 1034 3288 ad
1057 3255 1126 3300 quem
1148 3241 1276 3287 emendum
1296 3241 1406 3287 elendun-

386 3315 418 3360 93
435 3309 505 3356 Foris
522 3315 545 3356 ei
561 3303 737 3372 conciliabulis]
751 3307 806 3354 Wd.
817 3311 867 3354 not.
901 3320 946 3365 quc
963 3306 1087 3366 pecuniae
1103 3306 1199 3367 publico
1217 3307 1373 3365 prebebatur,
1383 3305 1406 3347 ut
1488 3309 1489 3328 ³

353 3379 392 3422 32.
405 3375 434 3422 ad
446 3376 462 3424 Ι.
473 3373 557 3423 XXV.
569 3390 589 3422 c.
602 3381 626 3422 5.
783 3416 791 3430 ‚
900 3372 969 3417 docet
988 3370 1069 3416 Livius
1087 3371 1102 3418 1.
1118 3371 1136 3416 1.
1150 3386 1169 3417 c.
1182 3377 1223 3417 4³.
1256 3371 1306 3422 Qui
1326 3380 1403 3429 equum

387 3447 419 3491 94
436 3441 549 3488 Ducenda
564 3433 637 3487 XIV.
657 3437 759 3500 miliia}
775 3438 869 3485 Grouo-
900 3436 1001 3482 rendere
1027 3449 1042 3482 a
1068 3449 1164 3483 censore
1187 3435 1344 3494 iubebantur,
1362 3433 1405 3492 jsn

354 3507 407 3553 uiue
419 3506 493 3552 edidit
509 3520 537 3552 ex
548 3506 688 3566 quibusdem
701 3503 803 3565 scriptis,
816 3504 867 3562 qui·
900 3507 1031 3562 equestrem
1039 3501 1144 3548 ordinem
1156 3501 1306 3548 amittebant.

354 3572 400 3619 bur
419 3576 578 3620 consonante
595 3571 682 3618 nostrie
699 3571 756 3626 duo,
766 3569 868 3616 drumm
932 3571 964 3614 97
983 3567 1063 3622 Quum
1078 3566 1105 3614 in
1115 3567 1178 3627 leger
1188 3561 1311 3630 jurasset]
1326 3562 1404 3618 Megis-

354 3638 432 3684 decem
452 3643 553 3700 quatuor
568 3637 654 3683 miliia.
687 3635 732 3682 Sed
752 3633 805 3694 quir
825 3647 869 3680 un·
901 3635 990 3677 tratum
1008 3631 1181 3692 deponentibus
1195 3631 1339 3690 juraremus
1354 3631 1403 3674 erut.

354 3717 426 3764 qnam
443 3703 477 3748 sic
493 3701 586 3749 neurus
601 3700 656 3748 ert?
676 3699 702 3756 si
718 3699 795 3746 decem
812 3714 869 3760 qua·
901 3695 1042 3756 Exemplum
1064 3697 1157 3758 insigne
1179 3695 1251 3742 babes
1271 3696 1332 3756 apud
1360 3693 1403 3738 Cic
1487 3717 1488 3720 =

354 3773 410 3814 tuor
434 3767 493 3814 nibil
517 3767 580 3814 aliud
602 3767 696 3813 ridetur
717 3778 777 3816 esee,
798 3779 869 3824 quatu
900 3761 946 3822 Ep.
958 3762 1061 3808 secunde
1077 3763 1092 3807 1.
1104 3762 1136 3808 V.
1147 3761 1252 3808 adFanr.
1288 3758 1403 3818 Colligitur

353 3831 484 3879 ludibrium
517 3832 678 3893 imperitorum
711 3829 870 3886 librariorum,
901 3825 1102 3872 entemexl’linii
1115 3826 1260 3888 Panegyrico
1277 3826 1337 3872 benc
1352 3819 1402 3868 inir-

355 3898 395 3957 qui
418 3904 488 3943 notes
509 3911 659 3944 numerorum
682 3895 767 3942 Xilll.
796 3908 869 3953 quum
902 3892 1009 3950 rabuins
1017 3891 1172 3950 iurisiurandi
1188 3891 1323 3946 formulam,
1333 3892 1358 3934 nt
1369 3887 1404 3944 jn-

354 3975 405 4007 uno
416 3962 487 4007 verbo
499 3963 675 4023 quatuordecim
691 3961 785 4008 reddere
800 3960 869 4006 debe·
902 3961 981 4003 rarent
1000 3955 1017 4002 ii
1037 3957 1078 4016 qui
1098 3957 1196 4003 abibunt
1218 3957 1364 4017 magistratu,
1382 3965 1403 3996 re

355 4031 420 4082 reni,
441 4027 502 4071 mele
519 4028 649 4074 diviserunt
665 4028 691 4072 in
714 4027 772 4072 dnae
791 4039 867 4072 voces.
901 4021 962 4068 nibil
981 4026 1066 4067 contre
1083 4021 1145 4083 leger
1167 4022 1256 4068 iecisse.
1290 4020 1327 4066 Sic
1347 4016 1402 4063 eninr

355 4093 407 4139 Nos
429 4091 553 4152 ipsammet
573 4093 713 4153 scripturam
735 4091 835 4137 duorum
855 4105 869 4136 e
901 4085 1137 4145 iiieud'rnjunum:
1156 4088 1275 4133 Abiturus
1291 4083 1402 4131 consulatu

356 4156 444 4204 nostrie
466 4156 532 4203 codd.
552 4159 717 4217 notescimus,
736 4157 782 4202 nisi
805 4157 868 4216 quod
895 4153 992 4215 jurasti
1013 4157 1036 4196 te
1054 4152 1118 4198 artri
1141 4159 1225 4199 matra
1243 4147 1400 4212 legersecicre·

356 4222 391 4268 illi
404 4221 497 4268 XIIII.
511 4223 641 4270 nonXIV.
904 4219 959 4266 ideo
968 4216 1107 4264 dicebantur
1111 4217 1199 4278 jurare
1209 4219 1237 4263 r'a
1247 4217 1316 4278 leges.

389 4287 581 4336 95⁸Duodeeim
603 4289 686 4335 deiude
709 4284 865 4348 coloniarum]
935 4289 965 4331 9⁸
985 4283 1049 4338 Quos
1064 4285 1164 4329 erarius
1178 4275 1332 4345 relinquebat]
1351 4274 1398 4320 ’Μ

356 4353 411 4401 Vid.
425 4367 495 4416 supra
507 4367 526 4398 c.
542 4358 576 4400 15.
731 4353 734 4358 ’
903 4353 954 4410 nqt.
967 4354 1005 4394 25.
1018 4350 1048 4394 ed
1059 4348 1074 4394 1.
1087 4349 1129 4395 1v.
1142 4362 1161 4394 c.
1175 4354 1215 4395 rt.
