3036 4972
368 123 372 136 ‘
419 114 469 174 LI
481 114 512 176 B.
533 110 653 174 XXIII.
679 113 784 172 CAP.
802 111 896 172 XLV.
1138 119 1195 184 189

142 297 212 346 rum
235 276 363 346 nunus..
395 277 503 343 Imber
519 277 683 342 confinem
705 297 763 362 per
783 289 909 342 uocum
926 285 1141 363 totumusque
1154 276 1341 350 aduam.

142 366 400 432 horam-tertiam
422 365 484 429 diei
507 363 697 450 insequentis
718 362 840 428 tenuit:
866 365 982 450 itaque,
1005 384 1196 450 quamquam
1205 368 1236 412 Α·
1245 365 1273 412 ⁰·
1284 365 1340 414 ²1⁵³
1396 383 1404 398 ·

142 467 276 538 utraque
299 472 373 536 pers
394 451 478 514 avidi
499 450 678 514 certaminis
698 462 798 526 erant,
813 471 852 513 eo
869 449 922 513 die
943 461 1111 514 tenuerunt
1132 471 1198 514 sese

143 551 247 602 tamen
271 537 484 601 munimentis.
508 536 603 600 tertio
626 535 678 600 die
700 534 867 600 Hannibal
891 552 1013 621 partem
1034 534 1197 621 copiarum

143 624 321 708 praedatum
337 626 368 686 in
380 644 492 709 agrum
505 622 663 696 Nolanum
681 623 773 686 misit.
818 618 916 696 Quod
932 623 986 686 ubi
1001 621 1199 686 animadver-

143 713 182 775 tit
209 709 393 786 Marcellus,
419 707 579 792 extemplo
608 709 640 771 in
671 710 768 771 aciem
797 708 904 791 copias
932 707 1072 773 educit'z
1095 729 1199 794 neque

147 795 310 862 Hannibal
323 793 515 859 detrectavit.
539 791 631 859 Mille
645 792 710 858 fere
723 813 871 878 passuum
886 793 969 858 iuter
985 794 1094 858 urbem
1110 805 1200 858 erant

144 896 319 967 castraque.
348 901 386 946 eo
411 881 513 965 spatio
539 885 583 964 (et
607 892 681 944 sunt
703 878 808 943 omnia
832 879 937 962 campi
961 880 1046 944 circa
1067 879 1198 962 Nolam)
1209 899 1359 948 Proermmm
1397 887 1405 918 ”

144 981 383 1034 concurrerunt.
407 967 546 1044 Clamor,
562 989 602 1031 ex
618 977 707 1051 parte
720 978 854 1049 utraque
868 963 1017 1042 sublatus,
1033 967 1199 1049 proximos
1208 966 1306 1013 Nm·

144 1076 184 1120 ex
199 1053 382 1118 cohortibus
396 1053 443 1131 iis,
456 1073 527 1138 quae
542 1053 575 1115 in
589 1073 681 1140 agros
695 1051 872 1135 praedatum
888 1051 1041 1130 exierant,
1057 1050 1098 1116 ad
1111 1075 1201 1136 proe·
1239 1057 1242 1064 “

144 1141 222 1205 lium
239 1142 308 1226 jam
329 1139 528 1204 commissum
549 1137 716 1201 revocarit.
761 1136 804 1200 Et
824 1136 941 1200 Nolani
961 1138 1061 1202 aciem
1082 1137 1200 1202 Roma-

145 1249 220 1290 nam
249 1241 427 1292 auxerunt:
458 1247 535 1311 quos
564 1223 767 1288 conlaudatos
795 1221 965 1287 Marcellus
994 1223 1028 1286 in
1052 1221 1201 1290 subsidiis

145 1326 237 1389 stare,
253 1323 285 1376 et
306 1312 428 1377 saucios
442 1333 483 1375 ex
507 1310 573 1374 acie
594 1309 703 1374 efferre
723 1309 832 1395 jussit;
855 1331 965 1396 pugna
973 1309 1153 1388 abstinere,
1167 1311 1201 1374 ni

148 1399 187 1464 ab
201 1421 234 1462 se
248 1400 272 1462 si
297 1419 371 1465 num
389 1397 588 1480 accepissent.
621 1453 625 1460 r
1020 1449 1023 1457 .
1074 1453 1078 1460 ,
1145 1429 1148 1436 =

156 1525 161 1532 ·
189 1483 257 1549 XL
292 1532 300 1550 .
324 1483 477 1547 Proelium
499 1498 567 1548 erat
587 1505 719 1568 anceps:
743 1505 865 1547 summa
878 1482 910 1545 vi
931 1493 963 1546 et
976 1481 1072 1546 duces
1091 1480 1202 1546 horta·

147 1572 273 1650 bantur,
288 1584 325 1635 et·
343 1570 455 1634 milites
476 1568 671 1656 pugnabant.
715 1567 889 1633 Marcellus
910 1569 1000 1634 victis
1021 1581 1095 1633 ante
1116 1567 1202 1634 diem

147 1657 286 1736 tertium,
305 1654 441 1744 *fugatis
466 1669 538 1720 ante
563 1677 679 1740 paucus
705 1653 770 1718 dies
790 1678 811 1719 a
833 1654 953 1732 Cumis,
976 1654 1073 1739 pulsis
1096 1655 1203 1739 priore

149 1763 233 1808 anno
246 1745 286 1807 ab
303 1741 386 1806 Nola
408 1742 448 1806 ab
469 1741 580 1806 eodem
595 1763 628 1805 se
649 1741 739 1816 duce,
755 1741 854 1805 milite
875 1741 947 1818 alio,
963 1741 1080 1806 instare
1098 1740 1204 1827 jubet.

149 1829 223 1898 Nou
235 1850 335 1893 omues
348 1851 410 1893 esse
431 1831 464 1892 in
479 1829 560 1892 acie:
576 1829 754 1910 predantes
775 1829 886 1912 uagari
906 1829 941 1890 in
962 1849 1050 1912 agro.
1072 1829 1134 1904 sed,
1150 1829 1205 1912 qui

142 1925 291 2001 pugnent,
308 1935 442 1978 marcere
457 1915 616 1996 Campana
639 1915 774 1990 lucarie,
789 1916 861 1977 uiuo
875 1923 905 1976 et
922 1916 1040 1990 scortis,
1055 1913 1205 1977 mnilite·

149 2021 205 2086 que
219 2003 323 2065 lustris
331 2023 392 2084 per
405 2010 499 2064 totam
513 2002 636 2064 hiemem
651 2000 808 2085 corfirctos.
852 1999 958 2063 Abisse
975 2001 1070 2062 illam.
1083 2001 1143 2063 uim
1157 2001 1205 2063 ui·
1253 2013 1256 2022 ’

145 2109 316 2172 goremque,
332 2089 455 2168 dilapsa
469 2107 530 2151 esse
551 2087 661 2149 rubera
677 2107 834 2168 corpmum
847 2087 1083 2169 animorumque,
1099 2085 1206 2169 quibus
1260 2091 1262 2098 “

151 2175 297 2258 Pyrenaei
307 2171 489 2256 Alpiumque
499 2181 643 2254 asperare
653 2171 811 2256 sintjuga.
827 2172 976 2255 reliquias
990 2173 1111 2234 illorum
1122 2172 1206 2234 uiro-

148 2281 226 2339 rum,
252 2261 305 2322 eia
332 2279 420 2322 erma
447 2259 634 2341 membraque
657 2262 846 2335 stistineutes,
869 2277 1023 2340 pergame.
1067 2257 1206 2338 Caprium

149 2345 328 2410 Hannibali
343 2345 467 2409 Caunus
468 2344 583 2430 fuisse.
606 2345 652 2407 ibi
665 2345 805 2407 uirtutem
819 2343 966 2417 bellicam,
983 2343 1028 2405 ihi
1041 2343 1207 2406 militarem

18 2469 28 2491 .
147 2433 353 2514 disciplinam,
371 2431 415 2493 ibi
422 2432 581 2512 praeteriti
593 2431 872 2512 temporisfamam
889 2429 934 2492 ibi
946 2428 1141 2513 spemficturi
1154 2451 1207 2492 ea·-

148 2519 299 2582 stiuetam.
344 2516 453 2592 Quum
467 2515 538 2582 lraec
552 2514 773 2600 exprobrando
787 2514 869 2578 hosti
886 2512 1057 2579 Marcellus
1076 2535 1208 2580 suorum

149 2602 287 2667 militum
302 2602 424 2665 animos
445 2603 589 2687 erigeret,
607 2600 773 2666 Hannibal
793 2601 895 2664 multo
915 2601 1115 2688 gravioribus
1131 2623 1207 2686 pro-

81 2688 86 2696 ’
150 2689 215 2752 bris
239 2688 441 2768 increpabat:
465 2687 562 2752 Arma
585 2689 732 2772 signaque
754 2690 857 2750 eudem
878 2710 910 2751 se
930 2709 1061 2765 noscere,
1076 2709 1145 2772 quc
1165 2691 1209 2750 ael

154 2775 297 2839 Trebiam
316 2775 590 2858 Trasimenumque,
600 2783 752 2856 postremo
766 2775 810 2837 od
826 2774 950 2838 Caum
969 2777 1082 2839 uiderit
1095 2774 1214 2838 iaia-r

147 2863 261 2946 piique.
282 2863 408 2924 militem
422 2861 516 2923 elium
532 2860 672 2944 prq‘ecto
684 2881 716 2923 se
731 2861 764 2922 in
778 2860 907 2923 hiberna
923 2862 1062 2944 Capuam
1076 2863 1208 2938 ducisse,

151 2950 246 3011 ulium
261 2949 333 3010 iude
347 2948 492 3010 adnuisse.
536 2947 726 3029 Legatumne
741 2947 910 3009 Rommmm
924 2956 955 3010 et
975 2948 1105 3032 legionis
1118 2949 1210 3011 unius

152 3043 244 3117 atque
256 3031 339 3096 ⁵erice
352 3053 461 3118 magm
476 3033 640 3096 certamine
653 3033 705 3095 uie
724 3033 864 3096 toleratis
877 3053 1027 3116 pugnam,
1042 3055 1115 3117 quos
1129 3034 1211 3098 linae

151 3121 232 3184 acies
245 3121 416 3182 consulares
429 3139 588 3202 numquam
602 3117 830 3182 sustinuerunt?
847 3117 1027 3196 Marcellus,
1039 3121 1140 3184 tirone
1153 3118 1210 3182 mi-

151 3207 208 3268 lite
216 3227 254 3268 ec
268 3203 421 3268 6Νοίὰηὶε
429 3205 582 3280 subsidiis,
594 3205 709 3267 inultm
722 3202 850 3286 uosjcm
862 3205 970 3267 iterum
984 3206 1127 3269 lacessit?
1149 3205 1213 3269 Ubi

153 3292 206 3356 ille
219 3311 300 3354 meres
312 3291 397 3354 miles
411 3299 464 3366 est,
481 3291 535 3373 qui
548 3299 651 3372 erepto
664 3311 702 3352 ee
716 3311 790 3373 equo
808 3290 842 3354 C.
857 3291 1016 3354 Flaminio
1029 3291 1146 3354 consui
1159 3312 1213 3354 aa·

148 3387 208 3459 pu
230 3376 382 3442 absuuu?
404 3376 466 3451 reli,
482 3377 536 3460 qui
549 3377 591 3440 L.
606 3377 752 3440 Paullum
772 3377 817 3438 ad
833 3375 956 3440 Cannas
977 3377 1111 3440 occidit?
1133 3377 1213 3441 Fer-

154 3477 220 3526 rum
240 3484 320 3524 nunc
340 3462 451 3526 lebet?
474 3484 517 3524 au
539 3463 654 3525 dextre
674 3466 822 3544 torpeat?
846 3483 888 3524 aa
910 3463 986 3546 quid
1002 3462 1149 3547 prodigii
1169 3472 1214 3527 est

153 3549 241 3612 aliud
249 3553 266 3611 i
285 3547 349 3624 Qui
355 3549 454 3632 pauci
460 3547 568 3630 plures
581 3549 700 3611 mutere
709 3549 796 3612 soliti
809 3549 890 3625 estis,
900 3569 980 3612 nuuc
989 3549 1099 3631 paucis
1105 3551 1216 3632 plures

154 3635 206 3698 uic
226 3635 360 3698 restctis.
403 3633 533 3698 Romam
554 3655 605 3698 uos
622 3644 856 3719 expugnaturos,
870 3636 900 3698 si
920 3636 989 3719 quis
1002 3634 1215 3720 duceremur·

155 3727 198 3794 tes
211 3720 331 3806 liuguae,
337 3718 521 3804 jactabaris.
564 3719 634 3784 uun
648 3735 747 3784 mumll
761 3722 862 3808 minor
875 3730 919 3786 est
933 3743 991 3786 res.
1012 3722 1063 3788 iic
1077 3722 1215 3808 euperiri

317 3888 325 3927 ¹
335 3893 416 3940 educit
427 3893 502 3940 Gron.
514 3887 582 3958 Creu.
712 3890 733 3924 Β
743 3893 783 3939 Eu
794 3907 856 3940 nuuc
866 3894 883 3942 1.
898 3893 971 3942 Enim
983 3895 1052 3944 Creu.

160 4031 163 4040 ’
187 4037 336 4106 l'Fugatis'
347 4077 371 4093 ..
387 4062 402 4092 a
421 4043 515 4108 Cremu]
534 4045 669 4106 Sempronii
732 4043 877 4091 ti'Nolnnir
886 4043 1005 4110 subsidiis]
1021 4045 1117 4094 Nolano
1126 4044 1215 4102 milite,

156 4109 238 4176 auctu.
256 4109 314 4159 Vid.
326 4124 399 4171 supra
408 4125 430 4156 c.
442 4111 481 4158 3&
700 4108 778 4170 quiin
790 4110 902 4156 subsidiis
913 4113 971 4156 erat

189 4173 284 4238 5Alae]
309 4175 421 4234 intellige
443 4174 568 4220 socialitm
590 4174 669 4234 copia·
723 4173 749 4220 '7
765 4173 841 4220 Enim
851 4175 971 4229 minorat
981 4173 1029 4237 res]
1045 4173 1084 4220 Sic
1095 4173 1218 4220 habebant

157 4242 314 4300 rum'corpus
333 4251 434 4286 numero
449 4239 499 4284 iere
517 4251 561 4298 par
573 4239 668 4298 legioni.
701 4236 759 4283 editi
776 4243 832 4286 ante
846 4237 961 4285 Vallamr
979 4238 1013 4284 sic
1028 4239 1119 4285 habent
1134 4237 1218 4298 scripti

159 4299 214 4349 vm.
225 4303 322 4352 notua
335 4301 456 4350 auxio.
466 4303 528 4348 etad
538 4302 620 4350 XXV.
630 4301 669 4350 21.
701 4301 795 4361 optimi.
845 4302 877 4349 itt
914 4303 994 4350 firmat
1027 4302 1111 4350 Livius
1143 4301 1217 4358 inira,
