3060 4960
470 223 691 288 LlR-XXX.
715 221 820 283 CAP.
839 219 912 282 XII.
1047 312 1051 322 „
1162 215 1220 276 655

158 387 253 452 tineri
270 390 323 454 rix
336 401 477 476 poterat:
500 387 625 466 deinde,
641 403 677 454 ut
690 385 786 473 pedes
804 387 969 452 Romanus
984 389 1149 474 repentino
1163 411 1221 476 per
1229 407 1262 456 u,
1273 409 1301 454 o.
1313 385 1380 456 sss(

158 485 282 539 turnus
302 499 375 542 suas
399 477 480 541 viera
507 477 618 541 dautes
642 475 818 540 intercursu
839 474 988 540 stabilem
1012 477 1111 541 aciem
1135 474 1298 558 iecit,Mi
1311 479 1368 522 ¹⁰⁸·

159 560 392 648 absterruitque
405 562 502 628 effuse
515 561 715 627 invehentem
737 583 803 626 sese
820 560 956 638 hostem,
971 561 1078 646 primo
1092 563 1221 628 barbari
1413 577 1422 584 “

107 713 110 722 ,
159 647 288 732 segnius
309 649 491 734 permittere
514 669 630 736 equos3
653 648 768 712 deinde
791 661 875 712 stare
897 647 969 712 ⁴⁶ac
984 669 1084 734 prope
1098 649 1222 714 turbari

159 753 244 798 noro
266 757 385 822 genere
408 757 546 823 puguu3
569 749 739 820 postremo,
762 755 825 797 uon
873 732 948 798 editi
972 735 1074 798 solum
1099 736 1221 815 cedere,

159 819 217 882 sed
237 843 277 886 ne
298 823 435 908 equitem
461 821 590 908 quidem
616 819 778 896 sustinere,
863 819 915 889 itis
933 821 1084 906 prasidio
1102 821 1222 887 auden·

159 917 236 970 tam.
278 908 350 984 ,lam
370 910 395 972 si
443 929 611 996 equoque
634 906 796 992 legionum
825 907 979 992 adpropin
1003 906 1131 972 nabunt.
1153 921 1221 974 tum

160 1011 240 1056 uero
253 929 495 1080 Mmaesylluuon
510 993 609 1058 modo
624 995 761 1079 primum
777 991 932 1077 inpetum,
947 929 1002 1056 aad
1018 1015 1058 1058 ne
1071 1015 1224 1080 conspec-

160 1089 230 1142 trrm
253 1079 381 1167 quidem
403 1081 567 1168 signorum
593 1093 687 1167 atque
711 1099 886 1160 annorum,
911 1078 1072 1145 tulerunt:
1097 1092 1222 1146 tantum

160 1185 216 1228 seu
232 1167 383 1232 memoria
397 1169 539 1252 priorum
555 1166 707 1248 cladium,
722 1187 776 1230 seu
792 1187 931 1250 praesens
945 1177 1048 1230 terror
1061 1167 1183 1232 valuit.-

205 1251 289 1318 ΧΠ.
312 1253 363 1318 Ibi
386 1253 528 1340 Syphax,
543 1253 620 1318 dum
641 1252 804 1338 obequitat
824 1251 961 1316 hostium
983 1253 1107 1334 turmis,
1122 1255 1148 1318 si
1163 1274 1223 1339 pu·

160 1333 251 1416 dore,
267 1340 293 1404 si
307 1340 450 1425 periculo
464 1363 523 1405 suo
537 1339 644 1426 lugam
659 1339 769 1404 sistere
789 1352 905 1423 posset,
921 1359 1004 1426 equo
1025 1341 1165 1426 graviter
1179 1343 1223 1405 ic·

162 1436 209 1504 to,
223 1424 341 1490 effusus
354 1427 546 1512 obprimitur
558 1425 756 1511 capiturque,
772 1441 804 1490 et
825 1427 924 1506 risus,
938 1424 1047 1490 lustum
1067 1439 1142 1492 aute
1155 1447 1223 1492 om·
1234 1442 1342 1506 cuitus

162 1531 221 1574 nes
236 1511 415 1578 Masinissae
430 1513 623 1599 praebiturus
644 1510 868 1598 spectaculum,
885 1509 926 1575 ad
951 1510 1087 1576 Laelium
1102 1527 1225 1599 pertra-

163 1594 263 1664 bitur.
309 1599 423 1664 Cirta⁹
437 1612 533 1684 caput
547 1597 637 1688 regni
654 1597 808 1689 Syphacis
822 1610 906 1662 erat:
929 1619 968 1662 eo
982 1619 1015 1662 se
1035 1598 1145 1684 ingens
1166 1601 1226 1664 ho·

165 1684 287 1751 minum
302 1686 437 1751 contulit
455 1687 510 1750 ris.
556 1685 669 1749 Caedes
685 1685 716 1747 in
732 1705 772 1748 eo
786 1683 904 1769 proelio
918 1684 1033 1762 minor,
1047 1707 1142 1771 quarn
1159 1689 1226 1750 ric-

164 1771 258 1850 toria,
272 1770 343 1850 fuir,
358 1775 433 1859 quia
446 1773 583 1874 equestri
605 1770 828 1836 tantummodo
845 1769 962 1854 proelio
985 1783 1141 1836 certatum
1160 1771 1228 1837 iue-

163 1871 225 1920 rat.
248 1879 313 1922 non
338 1862 411 1944 plus
430 1879 570 1946 qumque
594 1857 692 1922 millia
713 1858 825 1933 occisa,
842 1855 948 1920 minus
971 1857 1138 1922 dimidium
1161 1861 1229 1946 ejus

165 1943 332 2008 hominum
355 1961 482 2030 captum
506 1959 563 2023 est,
580 1944 689 2030 inpetu
712 1946 744 2008 iu
771 1957 873 2007 castra
895 1943 988 2020 facto,
1005 1965 1070 2029 quo
1083 1945 1229 2030 perculsa

164 2051 241 2116 rege
260 2032 375 2096 amisso
399 2031 568 2097 multitudo
590 2055 624 2096 se
645 2030 831 2095 contulerat.
878 2027 1058 2106 Masinissa,
1079 2032 1143 2096 Sibi
1163 2032 1229 2118 qui-

166 2118 244 2193 dem,
262 2117 377 2196 dicere,
394 2119 467 2182 nihil
480 2139 542 2182 esse
555 2119 586 2182 iu
607 2118 768 2200 proescutiu
787 2117 951 2198 pulchrius,
963 2139 1059 2208 paam
1076 2119 1227 2194 sutorem,

165 2215 373 2288 recuperatum
396 2215 480 2268 tauto
499 2215 567 2287 post
588 2205 753 2279 interuallo,
777 2203 912 2284 putrium
933 2205 1057 2267 inuisere
1081 2225 1229 2288 reguum.-

166 2292 301 2355 sedtum
323 2292 465 2367 secundis,
481 2283 581 2375 quous
596 2291 740 2365 aduersis,
755 2292 841 2354 rebus
863 2311 922 2352 uon
947 2291 1015 2353 duri
1036 2291 1169 2372 epatium
1188 2293 1231 2354 nd

167 2381 351 2442 cessuuduur.
395 2377 430 2443 Si
450 2398 482 2440 se
496 2379 614 2441 Laelius
635 2399 703 2439 cum
726 2379 863 2460 equitatu
882 2373 908 2414 ⁴⁶
920 2377 1073 2460 vincloque
1094 2377 1232 2459 Syphace

169 2464 286 2528 Cirtam
307 2465 474 2547 precedere
494 2465 585 2543 sinat,
601 2463 716 2545 trepida
737 2463 838 2525 omniu
857 2472 937 2525 metu
959 2483 991 2525 sc
1007 2465 1232 2543 obpressumm:

167 2553 303 2616 Laelium
318 2573 384 2615 cum
398 2550 544 2632 peditibus
557 2549 696 2634 subsequi
711 2549 837 2612 modicis
851 2549 1004 2613 itineribus
1022 2571 1116 2632 posse.
1163 2551 1232 2614 Ad·

167 2638 323 2702 sentiente
340 2637 448 2716 balio,
465 2657 657 2722 praegressus
673 2635 808 2710 Cirtam,
823 2635 948 2698 evocari
962 2637 1002 2699 ad
1025 2636 1231 2722 conloquium

167 2725 329 2810 principes
354 2721 547 2788 Cirtensium
564 2723 666 2808 jubet
688 2721 742 2785 scd
767 2719 854 2806 apud
876 2721 1005 2807 ignaros
1027 2724 1109 2807 regis
1131 2745 1232 2804 casus,

168 2833 272 2896 neque
286 2833 360 2895 quae
374 2825 445 2874 actu
460 2821 562 2873 essent
577 2809 762 2892 promendo,
778 2829 837 2871 neo
859 2808 964 2884 minis,
980 2829 1040 2872 nec
1059 2810 1232 2888 suadendo,

170 2912 244 2961 ente
273 2896 379 2973 valuit,
410 2917 505 2982 quam
537 2915 593 2958 rex
622 2896 745 2958 vinctus
769 2894 801 2956 in
827 2906 1032 2977 conspectum
1059 2895 1152 2960 datus
1175 2910 1233 2962 est.

171 2983 257 3048 Tum
273 2985 311 3046 ad
327 2981 541 3069 spectaculum
557 2993 622 3044 tam
638 2979 758 3044 foednm
774 2979 987 3063 comploratio
1001 2994 1089 3046 orta:
1113 2993 1144 3046 et
1159 3005 1234 3068 par·

169 3073 226 3134 tim
243 3091 361 3152 pavore
375 3069 496 3133 moenia
511 3079 586 3131 suut
607 3066 740 3144 deserta,
755 3066 875 3150 purtim
895 3068 1063 3151 repentino
1077 3091 1233 3137 consensu

169 3157 305 3244 gratiam
323 3155 409 3241 apud
430 3154 582 3218 victorem
607 3153 816 3240 quaerentium
837 3152 1003 3238 patefactae
1027 3169 1142 3239 portae.
1190 3157 1233 3222 Et

170 3243 350 3319 Masinissa,
367 3239 517 3326 praesidio
531 3239 615 3304 circa
629 3252 736 3325 portas
750 3251 994 3324 opportunaque
1016 3243 1168 3305 moenium
1184 3243 1233 3307 di·
1326 3303 1331 3309 .

170 3330 276 3402 misso,
288 3350 328 3392 ne
339 3328 391 3393 cui
402 3326 486 3414 fugae
495 3337 616 3412 pateret
626 3327 740 3405 exitus,
749 3323 788 3389 ad
800 3326 919 3411 rugiam
928 3326 1144 3410 occupandam
1155 3329 1233 3394 cita·

170 3431 204 3482 to
215 3415 300 3480 vadit
312 3435 403 3499 equo.
428 3414 563 3478 Intranti
576 3411 763 3478 vestibulum
773 3412 805 3473 iu
818 3413 886 3494 ipso
896 3411 1007 3475 limine
1018 3412 1231 3495 Sophonisba,

172 3524 253 3566 uxor
263 3499 428 3586 Syphacis,
440 3499 506 3564 filia
517 3497 729 3564 Hasdrubalis
740 3497 846 3574 Poeni,
857 3498 1016 3562 obcurrit:
1033 3513 1074 3574 et,
1087 3521 1186 3586 quum
1199 3501 1231 3566 iu

171 3588 276 3651 medio
291 3587 418 3670 agmine
439 3599 632 3650 armatorum
658 3583 862 3648 Masinissam
888 3583 1052 3672 insignem,
1068 3607 1165 3670 quum
1182 3598 1391 3675 sss-Soppopuas

171 3675 241 3749 mis,
257 3688 324 3738 tum
347 3687 452 3736 cetero
474 3671 594 3748 habitu,
611 3671 834 3756 conspexisset,
857 3691 962 3758 regem
991 3693 1058 3734 esse
1074 3673 1119 3755 (id
1146 3665 1375 3759 quodl‘ffltm
1449 3691 1452 3696 “

171 3762 252 3843 erat)
267 3775 347 3834 ruta,
360 3758 495 3846 genibus
517 3757 667 3824 advoluta
681 3758 764 3844 ejus:
787 3756 813 3799 ⁴⁷
827 3757 938 3822 Omnia
959 3757 1103 3842 quidem‘l
1119 3771 1152 3824 ut
1164 3730 1368 3843 pos-''¹⁹⁹¹¹⁰⁸⁸'

399 3969 412 4008 Ρ
431 3965 515 4013 Cirtha
526 3967 602 4014 Grau.
673 3971 686 4011 ‘l
702 3967 747 4014 ius.
758 3965 839 4028 inquis
851 3965 926 4012 Gran.
939 3963 1007 4014 Cres.

203 4141 235 4182 4⁵
251 4130 487 4197 Aeproperortarr]
503 4133 685 4194 Scriptioptirui
714 4136 815 4194 jactura.

171 4215 201 4248 ur
212 4213 327 4260 propere.-
345 4199 408 4258 quod
427 4199 527 4246 tonum
546 4198 686 4259 quibusdam
750 4205 782 4249 ⁴7
803 4199 1030 4262 &nicquetum
1079 4201 1109 4258 r't,
1123 4207 1236 4264 carpones

172 4261 370 4325 maglrplacebit.
722 4264 857 4318 insumit
868 4265 914 4312 tr‘hs'
931 4266 1045 4313 dedmrst
1072 4265 1160 4326 Scripti
1178 4266 1237 4311 rele-

204 4333 235 4375 46
255 4325 386 4392 Vr'a'etoque
394 4324 515 4390 Syphace]
531 4327 688 4390 Vulgouictu.
721 4334 781 4391 gant
792 4331 912 4392 inquiret
928 4333 982 4379 tihi.
1015 4332 1083 4378 Prius
1099 4331 1159 4392 illud
1174 4331 1237 4380 absit

170 4395 276 4444 surrevit
291 4395 471 4444 Gronoviusex
485 4394 616 4442 connum
632 4405 690 4444 ruu-
721 4409 785 4444 ssuc.
826 4396 866 4444 At
883 4395 909 4444 ri
930 4397 977 4444 tihi
998 4395 1148 4446 retinendum
1168 4395 1237 4444 nom·
