3036 4972
413 217 647 311 arnsxrnr.
663 211 783 282 'can
803 221 875 282 vn.
1086 239 1090 245 ι
1118 227 1174 282 145

95 383 236 468 foeturae
249 385 469 470 venroefielem
491 387 620 466 habetis,
636 383 689 452 aec
703 382 874 451 Hannibal
886 407 918 450 se
932 385 1037 450 vicisse
1050 385 1176 464 sentiri,
1182 402 1210 450 a.
1222 403 1251 452 c.
1263 404 1319 452 sen

107 493 158 534 aee
171 473 315 536 Rormani
328 476 424 538 victos
438 495 531 552 esse.¹
790 497 796 528 2
887 481 892 496 '
923 475 926 482 ’
1077 471 1081 480 “
1180 469 1250 516 M·
1262 469 1328 520 216„

148 558 208 622 VI.
231 558 257 599 ¹⁹
269 559 347 624 Hac
361 560 504 624 oratione
522 559 659 624 consulis
674 559 807 624 dimissis
829 557 1092 645 redeuntibusque
1114 558 1172 622 do·

107 665 192 716 mura
217 645 344 732 legatis,
360 669 442 710 unus
463 669 504 711 ex
525 647 572 724 iis,
590 646 703 712 Vibius
718 647 840 710 Virrius
851 643 869 723 ¹,
895 647 1024 730 Tempus
1046 647 1170 722 venisse,

105 730 159 807 ait,
175 753 236 815 qao
250 734 406 815 Campani
419 755 480 797 aon
494 755 601 816 agrum
612 735 716 810 solam,
732 734 772 795 ab
785 734 937 796 Romanis
951 734 1101 816 quondam
1110 754 1173 815 per
1256 801 1259 806 ,

105 817 255 901 injuriam
278 821 438 894 ademtam,
454 841 645 902 recuperare,
661 821 715 883 sed
735 821 864 902 imperio
880 821 973 882 etiam
987 820 1096 883 Italia
1110 840 1172 901 po·
1225 879 1226 884 ,

104 905 162 967 tiri
169 906 307 987 possint.
351 906 462 969 Facias
476 908 554 970 enim
569 927 634 968 cam
651 905 844 986 Hannibale,
859 905 966 988 quibem
984 907 1080 970 uelint
1094 907 1171 990 legi-

104 989 165 1066 bus,
172 991 334 1074 facturos.
356 1013 452 1076 aeque
465 993 698 1056 controuersiam
711 991 798 1076 sore,
815 993 901 1074 qaia,
916 1012 1004 1074 qaam
1021 993 1086 1073 ipse
1098 1014 1171 1072 eoa·

92 1077 180 1160 fecto
196 1077 278 1140 bello
295 1078 460 1141 Hannibal
478 1080 576 1142 vietor
590 1079 624 1140 ia
639 1077 782 1162 Africam
797 1079 935 1157 decedat,
950 1079 1172 1161 exercitamque

103 1165 256 1246 deportet,
269 1165 377 1246 ltalia
387 1167 545 1246 imperinm
556 1166 723 1246 Carmanis
733 1166 937 1248 relinquatur.
969 1162 1174 1228 HaecVirrio-

102 1247 252 1335 loquenti
274 1249 399 1334 adsensi
420 1271 539 1328 ornnes,
556 1251 600 1315 ita
621 1251 809 1314 renunciant
828 1250 1029 1336 legationem,
1047 1249 1093 1313 riti
1114 1250 1168 1314 de-
1309 1319 1312 1328 ,

102 1335 201 1400 letum
230 1335 380 1400 omnibus
409 1336 568 1404 videretur
599 1358 712 1400 nornen
745 1337 937 1400 Romanum.
992 1336 1331 1421 Extemplocampanrar

103 1421 211 1506 plebes
224 1421 277 1488 'ud
300 1421 508 1488 defectionem
524 1446 560 1487 ac
574 1445 649 1507 pars
673 1423 773 1508 major
795 1434 918 1486 senatus
940 1435 1089 1508 spectare.
1113 1425 1290 1488 erodesectir

104 1520 204 1574 tracta
228 1512 348 1585 tamen,
363 1509 601 1574 auctoritatibus
626 1510 796 1589 seniorum,
811 1531 868 1593 per
894 1531 1011 1592 paucos
1032 1509 1099 1574 dies
1122 1503 1315 1601 estfflfffl'

102 1615 168 1660 res:
192 1607 357 1679 postremo
372 1595 446 1660 vicit
467 1596 622 1660 sententia
642 1595 792 1680 plurium,
815 1607 850 1659 ut
869 1595 965 1660 iidem
986 1596 1092 1682 legati,
1113 1619 1169 1683 qur

102 1681 143 1744 ad
157 1681 323 1745 consulem
342 1681 522 1746 Romanum
540 1683 651 1763 ierant,
668 1681 709 1747 ad
727 1681 942 1746 Hannibalem
959 1685 1168 1748 mitterentur.

103 1766 183 1842 Quo
203 1766 389 1854 priusquam
414 1768 522 1844 iretur,
543 1780 727 1855 certumque
741 1767 923 1834 defectionis
938 1769 1105 1835 consilium
1121 1793 1168 1836 es·

104 1861 163 1930 set,
189 1853 326 1920 Romam
348 1855 467 1942 legatos
489 1855 604 1918 missos
617 1879 637 1920 a
653 1855 835 1940 Campanis,
849 1855 883 1918 in
898 1855 1086 1941 quibusdam
1110 1879 1166 1922 an·
1226 1893 1227 1900 κ

101 1939 230 2004 nalibus
258 1941 398 2018 invenio,
428 1943 633 2026 postulantes,
663 1954 711 2006 ut·
727 1941 806 2005 alter
838 1941 950 2005 consul
983 1942 1167 2028 Campanus

103 2025 203 2102 fieret,
221 2026 248 2088 si
263 2049 332 2092 rem
355 2027 534 2092 Romanam
551 2027 691 2114 adjuvari
707 2027 832 2092 vellent.
855 2027 1073 2114 indignatione
1087 2044 1166 2108 orta,
1258 2037 1262 2041 “

101 2111 287 2178 submoveri
302 2137 320 2178 a
335 2115 424 2194 ouria
443 2115 547 2199 jussos
568 2137 650 2179 esse:
672 2114 864 2200 missumque
887 2112 1042 2196 lictorem,
1054 2117 1112 2201 qui
1127 2133 1174 2181 ex,

103 2199 182 2264 urbe
197 2199 349 2285 educeret
365 2223 430 2276 eos,
446 2191 541 2286 utque
562 2223 601 2265 eo
621 2200 673 2265 die
694 2223 822 2265 manere
843 2212 933 2266 extra
951 2199 1031 2264 fines
1047 2203 1168 2266 Rorna-

103 2306 159 2350 nos
181 2286 322 2371 juberet
368 2285 572 2363 Qnisnimis
597 2309 729 2370 compar
753 2287 979 2352 ¹⁰Latinorum
1006 2287 1168 2374 quondam

101 2372 277 2456 postulatio
293 2373 568 2458 ernaCoeliusque
589 2387 620 2438 et
642 2374 695 2436 alii
718 2373 750 2437 id
775 2372 861 2438 haud
881 2375 947 2438 sine
961 2396 1070 2438 caussa
1084 2397 1175 2460 prae·

101 2460 499 2544 termiserantstriptores‚
511 2459 536 2498 ²¹
545 2482 664 2545 ponere
679 2481 739 2545 pro
753 2455 841 2524 certo'
854 2481 925 2524 sum
941 2460 1070 2528 veritus.

144 2545 227 2612 Vll.
252 2545 367 2627 Legati
382 2545 423 2610 ad
440 2545 657 2611 Hannibalem
673 2560 836 2624 venerunt,
853 2567 1027 2634 pacemque
1041 2571 1114 2621 cunr
1129 2572 1302 2619 supererunt

99 2630 376 2699 ”conditionibus
397 2631 553 2697 fecerunt:
583 2635 631 2698 Ne
652 2635 719 2717 qais
748 2635 916 2716 imperator
937 2637 1209 2720 inagiaratasoesd
1222 2637 1333 2692 strant-2.

99 2719 270 2782 Panoram
287 2718 344 2802 jas
359 2721 452 2784 allam
478 2721 513 2783 in
535 2723 628 2784 ciuem
655 2722 844 2803 Campanam
869 2721 1004 2802 liaberet,
1030 2703 1266 2788 aeneai-¹²ojenb
1334 2754 1337 2764 ·

100 2806 146 2868 vis
162 2807 343 2887 Campanas
365 2807 480 2870 invitas
500 2809 659 2883 militaret,
676 2808 963 2892 manasaesaoeret.
988 2819 1022 2872 at
1042 2831 1105 2873 aaa
1125 2813 1170 2874 le-

97 2912 160 2974 ges,
176 2893 235 2967 ,sai
257 2893 456 2976 magistratus
471 2893 588 2976 Capua
609 2904 713 2958 essent.
736 2904 771 2956 at
791 2904 939 2958 trecentos
960 2917 998 2958 ea
1010 2895 1171 2964 :Romanis

99 2978 236 3060 captivis
261 2979 378 3042 Panas
404 2978 494 3044 daret
521 2981 699 3062 Campanis,
717 3001 790 3064 quos
816 2982 879 3062 ipsi
904 2983 1079 3066 elegissent}
1103 3005 1169 3050 cam

100 3065 208 3146 potiris
229 3065 363 3147 equitans
381 3066 614 3147 Campanorum,
631 3069 685 3150 qai
709 3069 743 3129 ia
768 3067 880 3132 Sicilia
903 3069 1060 3150 stipendia
1073 3071 1170 3154 faces

99 3161 179 3226 reat,
205 3152 398 3233 permutatio
417 3153 520 3233 fieret.
566 3151 652 3216 Haea
678 3163 787 3235 pacta:
818 3151 873 3218 illa
901 3153 1041 3240 insuper,
1072 3178 1167 3242 qutun

102 3258 174 3318 quae
188 3248 286 3322 panta
306 3249 406 3312 erant,
421 3236 562 3302 facinora
583 3237 739 3322 Campani
759 3238 937 3305 ediderunt.
959 3262 1034 3307 nam
1049 3240 1170 3327 ²“proa-

101 3319 198 3390 fecms
218 3322 346 3388 socidm
369 3323 515 3409 civesque
540 3325 702 3392 Romanos
723 3325 812 3402 alios,
828 3326 944 3410 partim
961 3327 1070 3412 aliquo
1085 3329 1167 3394 mili-

101 3408 154 3472 tiae
176 3431 313 3474 munere
336 3413 516 3494 occupatos,
540 3413 663 3496 partim,
682 3412 813 3498 privatis
836 3413 971 3499 negotiis
996 3413 1167 3498 inplicitos,

494 3555 506 3594 s
525 3563 605 3611 Vim'ar
616 3566 690 3615 Gron.
703 3567 774 3614 Crev.

133 3697 164 3746 19
180 3697 354 3744 Honoratam
370 3725 377 3740 .
391 3725 399 3742 .
414 3693 529 3756 dimam]
554 3694 617 3754 Lege
650 3696 808 3759 memoralia]
828 3697 893 3744 Hinc
911 3703 978 3757 petet
989 3695 1116 3756 protectos
1128 3708 1167 3744 so·

103 3762 196 3810 Aliae.
649 3760 726 3816 enm,
737 3763 781 3822 qui
797 3761 822 3807 in
839 3763 922 3808 sociali
933 3762 1040 3808 exercitu
1050 3763 1166 3824 eumdem

131 3824 616 3886 20'Latraoram....p0aalaao]·vid.
650 3827 748 3872 honoris
769 3821 797 3872 ao
821 3827 946 3886 potestatis
972 3827 1076 3886 gradum
1098 3827 1165 3874 tene·

102 3904 170 3952 supra
181 3895 198 3938 l.
211 3893 274 3939 vr1.
285 3905 355 3951 eppp.
367 3889 391 3936 4.
403 3901 427 3936 et
439 3889 463 3937 ὂ.
650 3891 718 3948 bant,
737 3905 811 3952 quem
830 3891 855 3934 in
874 3891 970 3952 legione
989 3891 1081 3937 tribuni
1099 3893 1166 3938 mili·

131 3957 286 4005 il'Paaere
300 3969 348 4016 pro
365 3959 425 4000 certo
442 3968 493 4000 eam
515 3953 615 4016 veritas]
650 3961 713 4010 tum,
742 3957 806 4001 cives
836 3955 957 4001 Romanos
984 3955 1068 4002 luisse.
1111 3957 1165 4003 Hoc

102 4017 180 4068 Cicero
197 4029 283 4068 tamen
301 4033 354 4066 rem
373 4019 486 4072 adinum,
504 4018 563 4078 Agr.
581 4019 616 4064 11.
649 4020 714 4064 idern
733 4020 833 4079 probare
851 4019 963 4066 videmur
980 4020 1082 4067 nomine
1103 4033 1165 4080 pree·

104 4087 172 4132 n95.
451 4087 452 4092 ’
649 4084 778 4138 tectorum,
801 4097 857 4143 qure
884 4085 1008 4131 interdum
1035 4091 1165 4132 neminum

132 4149 162 4198 22
179 4143 371 4208 cmdrrronttm]
384 4147 617 4196 Heecvoxsiennde
649 4147 714 4206 apud
726 4148 833 4200 Livium,
846 4161 901 4206 quae
912 4149 1013 4208 quidem
1023 4149 1096 4208 plane
1106 4156 1165 4198 sunt

104 4215 176 4268 posita
192 4216 310 4276 exprimit
330 4213 410 4258 fredus
429 4213 501 4258 certis
523 4212 616 4271 legibus
650 4212 767 4257 Romana.
802 4212 841 4258 Sic
858 4213 875 4256 l·
895 4212 1009 4262 xxvn.
1026 4228 1049 4260 e.
1060 4213 1164 4262 iduo-

102 4275 198 4334 tectum,
215 4294 265 4326 non
285 4280 321 4325 ite
337 4283 367 4324 ut
384 4277 410 4323 hi
426 4290 452 4323 se
471 4277 616 4335 permittant
647 4275 773 4326 minantur
786 4276 832 4322 aaa
846 4277 954 4339 prasenti
972 4278 1068 4332 sociam,
1085 4279 1116 4326 L.
1127 4277 1164 4324 A·

105 4338 282 4392 idinsarhitrio.
375 4334 401 4374 ·’
545 4345 555 4380 .’
625 4345 627 4350 ’
647 4339 750 4393 tenuius,
762 4345 785 4386 et
795 4339 837 4388 M.
848 4340 948 4388 Aulius:
966 4349 990 4388 et
1008 4343 1161 4391 eodem.l.er

134 4405 164 4452 ts
179 4408 307 4471 Profestos
329 4405 426 4462 marim,
448 4403 615 4466 avapa'las
647 4401 686 4452 41.
699 4403 863 4454 P.Claarlias2
878 4411 884 4472 J

144 4489 213 4535 ΥΟΕ.
229 4494 268 4540 11.
587 4515 593 4526 ·
706 4487 725 4530 1⁴
