3140 4972
341 175 400 232 aas
678 195 693 212 „
732 147 841 232 'arri
864 151 1004 232 trv‘ir'

180 351 249 398 mc.
261 346 317 398 aaa.
341 339 452 414 qmnes
469 333 619 422 juberent
646 335 869 422 cunctantique
882 355 920 402 ao
933 333 1091 402 differenti
1112 334 1260 426 ferociter
1276 328 1404 406 minita-

181 415 312 465 ΝΜ
342 433 461 500 rentur,
483 437 543 486 nec
561 420 601 483 ·vi
625 432 753 486 arentur
779 422 862 487 ultra
887 421 952 486 vim
981 421 1125 486 ultimam
1155 423 1305 502 dilaturi;
1335 433 1403 491 tuin
1497 457 1500 466 ¹

340 507 512 593 praefectus
526 519 601 594 toga
624 508 761 594 signum,
778 519 814 572 ut
827 520 1026 584 convenerat,
1042 507 1140 574 dedit.
1163 509 1341 598 militesque
1355 515 1405 578 in-

341 595 419 660 tenti
436 594 556 658 dudum
579 615 616 657 ac
639 594 750 678 parati,
767 593 819 657 alii
836 615 971 676 superne
984 595 1039 658 'in
1055 599 1195 660 aversam
1217 597 1402 672 concionem

342 680 480 745 clamore
505 679 628 746 sublato
652 679 834 761 decurrunt,
856 679 911 744 alii
935 680 975 745 ad
1002 681 1103 744 exitus
1130 682 1244 746 theatri
1270 683 1405 750 conferti

181 775 314 826 emuntur
342 766 509 832 obsistunt.
555 765 734 832 Caeduntur
755 767 939 830 Hennenses
961 787 1055 830 cavea
1077 767 1199 846 inclusi,
1215 791 1404 834 coacervan-

180 842 333 890 Hennenses
343 865 469 939 turque,
485 875 550 918 non
570 851 657 916 caetle
672 853 785 930 solum,
803 853 857 918 sed
880 854 974 916 etiam
996 852 1088 941 fuga3
1112 875 1209 954 quum
1233 855 1286 920 alii
1308 877 1403 940 super

295 1003 299 1010 ,
341 941 475 1006 aliorum
498 939 602 1024 capita
626 937 763 1015 ruerent,
784 951 880 1024 atque
900 938 1016 1026 integri
1039 943 1162 1016 sauciis,
1185 941 1247 1005 v‘ivi
1269 943 1403 1007 mortuis

331 1026 524 1102 incidentes,
540 1025 787 1090 cumularentur.
833 1025 913 1090 Inde
927 1025 1041 1109 passim
1056 1024 1253 1104 discurritur,
1270 1041 1301 1093 et
1317 1028 1403 1093 urb‘rs

291 1163 294 1175 .
342 1124 446 1198 capta
465 1112 562 1181 modo
581 1111 721 1198 fugaque
738 1122 769 1174 et
791 1111 893 1176 caedes
915 1112 1021 1174 omnia
1043 1120 1145 1184 tenet3
1168 1113 1269 1178 nihilo
1292 1117 1402 1179 remis·
1454 1113 1457 1124 '

246 1245 248 1250 ,
342 1200 424 1265 siore
438 1199 574 1263 militum
589 1198 646 1278 ira,
661 1196 772 1283 ³quod
793 1197 919 1262 turbam
942 1199 1094 1262 inermem
1115 1199 1292 1280 caedebant,
1307 1221 1401 1286 quam

342 1288 369 1351 si
384 1284 560 1370 periculum
576 1305 634 1370 par
649 1293 679 1348 et
694 1283 789 1347 ardor
803 1285 983 1348 certaminis
998 1304 1051 1348 eos
1064 1284 1211 1351 irritaret.
1247 1286 1405 1351 Ita'Hen-

342 1394 395 1448 na,
411 1371 488 1434 ⁴am
509 1370 603 1446 malo,
620 1381 675 1433 aut
697 1372 872 1434 necessario
891 1369 1030 1435 facinore
1053 1382 1185 1437 retentu.
1231 1371 1404 1438 Marcellus

342 1479 401 1521 nec
426 1455 543 1520 fuctum
570 1456 760 1541 inprobavit,
783 1469 814 1520 et
839 1456 981 1542 praedam
1003 1456 1225 1522 Hennensium
1249 1459 1403 1524 militibus

342 1543 505 1619 concessit,
523 1554 619 1622 ratus,
640 1541 754 1607 timore
775 1541 941 1608 deterritos
963 1555 1192 1628 temperaturos
1212 1543 1403 1629 proditioni-

341 1627 402 1706 bus
417 1629 637 1714 praesidiorum
656 1628 788 1694 Siculos.
834 1629 940 1715 Atque
954 1629 1119 1708 oriciades,
1136 1641 1171 1694 ut
1186 1630 1319 1694 u'rbis'in
1335 1653 1402 1696 me-

342 1715 396 1780 dia
412 1715 522 1795 Sicilia
540 1716 619 1792 sitae,
635 1714 792 1800 claraeque
814 1716 863 1779 rel
886 1715 928 1779 ob
949 1715 1105 1804 insignem
1128 1718 1324 1782 munimento
1345 1739 1404 1782 na-

341 1801 436 1874 turali
458 1798 574 1879 locum,
590 1799 640 1866 vel
653 1799 696 1866 ob
710 1813 831 1866 sacrata
853 1803 960 1866 omnia
975 1803 1111 1888 vestigiis
1125 1814 1225 1888 reptae
1240 1803 1403 1889 quondam

344 1887 554 1972 Proserpinae,
576 1909 675 1974 prope
697 1909 763 1952 uno
785 1887 835 1952 die
857 1909 982 1952 ornnem
997 1888 1143 1956 ¹Siciliam
1166 1889 1314 1974 pervasit.
1359 1889 1404 1956 m

342 1975 417 2060 quia
446 1974 533 2039 caede
561 1974 692 2040 infanda
719 1972 879 2056 rebantur,
907 1995 970 2038 uon
999 1971 1165 2039 hominum
1191 1987 1325 2054 tantum,
1348 1975 1404 2052 sed
1568 2042 1569 2050 χ

341 2062 436 2148 etiam
460 2061 605 2126 Deorum
631 2059 735 2126 sedem
759 2059 904 2124 violatam
921 2081 1001 2137 esse,
1025 2069 1094 2126 tum
1118 2083 1204 2142 vero,
1226 2062 1280 2147 qui
1306 2062 1402 2128 etiam
1479 2086 1481 2090 ·
1568 2055 1569 2120 ἐ

340 2159 416 2212 ante
433 2146 523 2212 dubii
544 2147 679 2223 fuerant,
695 2146 836 2211 defecere
857 2146 898 2210 ad
914 2145 1044 2211 Poenos.
1088 2147 1305 2232 Hippocrates
1328 2149 1404 2212 inde

342 2233 574 2322 Murgantiam,
592 2233 783 2298 HimilcoA
809 2233 965 2320 rigentum
988 2254 1053 2297 sese
1072 2235 1207 2319 recepit:
1232 2249 1328 2320 quum
1345 2233 1403 2298 ad·

265 2374 267 2380 s
339 2321 393 2386 citi
416 2344 436 2384 a
456 2319 669 2406 proditoribus
688 2255 901 2406 nequibquam
924 2319 964 2383 erl
982 2319 1132 2384 Hennam
1155 2320 1402 2386 exercitum'ad-

338 2407 521 2473 movissent.
566 2404 742 2470 Marcellus
762 2419 849 2470 retro
863 2405 897 2468 in
913 2405 1087 2470 Leontinos
1102 2405 1202 2470 redit:
1226 2406 1404 2472 frumento·

363 2515 401 2558 ue
415 2505 448 2557 et
462 2491 689 2558 commeatibus
713 2490 781 2556 aliis
803 2491 837 2555 in
859 2499 960 2556 castra
982 2493 1148 2569 convectis,
1164 2493 1313 2578 praesidio
1334 2515 1402 2558 mo·

338 2515 411 2644 bico
436 2578 482 2642 ibi
503 2578 624 2658 relicto,
647 2578 688 2644 ad
715 2578 885 2664 Syracusas
911 2578 1098 2644 obsidendas
1123 2579 1217 2656 venit,
1241 2580 1316 2644 inde
1337 2583 1402 2665 Ap.

234 2725 236 2730 s
339 2661 476 2730 Claudio
493 2663 630 2730 Romam
645 2664 686 2730 ad
701 2663 898 2728 consulatum
914 2665 1083 2748 petendum
1099 2665 1204 2742 misso,
1222 2663 1264 2730 T.
1277 2665 1402 2741 Quinc·

337 2751 417 2816 tium
447 2750 633 2834 Crispinum
659 2751 692 2813 in
717 2750 783 2836 ejus
808 2750 912 2814 locum
936 2751 1026 2815 classi
1052 2752 1224 2838 castrisque
1247 2751 1404 2838 praeficit‘

336 2836 505 2905 veteribus.
527 2835 596 2923 ipse
611 2835 818 2902 hibernacula
833 2835 1086 2924 quinquemillia
1107 2836 1275 2923 passuum‘
1289 2837 1402 2902 Hexa-

336 2923 414 3075 pp-qo
451 2923 590 3008 (Leonta
623 2935 738 2988 vocant
770 2922 891 3005 locum)
926 2925 1123 3003 communiit,
1156 2923 1400 3010 aedificavitque.

337 3009 350 3048 ⁵
394 3030 442 3075 oec
456 3009 490 3074 in
510 3009 619 3077 Sicilia
633 3029 733 3098 usque
747 3007 786 3074 ad
803 3009 993 3096 principium
1009 3008 1121 3074 hiemis
1135 3024 1234 3098 gesta.

481 3153 490 3168 ι
554 3142 566 3170 ⁶
579 3138 685 3202 praeficit
696 3139 770 3185 Gron.
782 3138 852 3186 Crev.
986 3131 1062 3186 sada
1073 3137 1104 3186 od
1116 3137 1184 3186 Eaed·

369 3249 385 3300 2
409 3253 442 3300 la
466 3267 572 3302 acerras
598 3253 737 3316 monacos]
766 3253 853 3312 Scripti
886 3267 941 3303 mus
958 3268 1003 3302 our
1019 3252 1064 3301 riri
1081 3249 1146 3304 desti
1164 3252 1237 3303 variis
1256 3247 1402 3311 conjecturis
1428 3245 1431 3252 '

336 3323 361 3363 et
372 3318 432 3364 editi
447 3317 613 3366 inudvcreom.
644 3318 754 3364 Correxit
764 3331 795 3364 ex
804 3317 855 3363 avi·
886 3320 1022 3366 sollicitent.
1055 3315 1125 3362 Nihil
1147 3317 1214 3362 enim
1231 3315 1332 3364 clarium
1356 3329 1402 3362 uec

335 3383 404 3430 denti
413 3384 507 3430 ratione
518 3381 661 3433 Gronovius·
689 3381 785 3428 Scilicet
795 3395 853 3430 con·
886 3385 988 3446 equitas
999 3381 1128 3443 probabilis
1140 3382 1214 3427 abest.

335 3447 373 3494 cio
392 3449 475 3508 procul
495 3448 569 3494 dubio
587 3453 639 3494 erat
657 3460 673 3493 a
690 3447 809 3492 militibus
827 3445 853 3490 in
917 3447 1011 3496 5Haec
1029 3447 1054 3492 la
1074 3444 1159 3491 Sicilia
1178 3458 1252 3520 usquq
1264 3442 1295 3489 ad
1309 3442 1402 3505 princi-

334 3513 519 3560 concionantem
545 3512 688 3573 prefectum
715 3511 851 3557 Romanum
880 3514 950 3574 pium
970 3511 1052 3558 lsiemls
1071 3510 1149 3573 malo]
1182 3509 1339 3568 suspicamur
1361 3508 1402 3554 hic

334 3589 427 3626 aversa.
884 3577 983 3624 Livium
1002 3576 1107 3622 ducrum
1126 3586 1247 3620 annorum
1263 3583 1302 3618 res
1321 3579 1402 3632 gestas

366 3639 469 3696 3de
497 3639 599 3687 tarium·
620 3639 743 3702 inermem]
787 3639 851 3686 Ante
883 3642 908 3687 in
933 3647 1011 3687 unum
1036 3639 1177 3684 miscuisse:
1203 3638 1285 3698 idque,
1307 3638 1403 3683 duabus

333 3703 485 3752 Gronovium
509 3705 569 3752 editi
593 3705 652 3766 quoii
671 3706 729 3766 jure
752 3703 850 3750 turbam·
884 3705 991 3752 maxime
1023 3703 1122 3750 adducti
1153 3701 1295 3750 rationibus.
1339 3699 1402 3754 Una,

333 3765 380 3814 Sed
400 3783 484 3816 vocem
500 3771 558 3830 jore
578 3769 706 3816 insititiam
727 3779 779 3814 ease
798 3775 852 3816 tum
884 3771 949 3830 quod
973 3769 1034 3815 nibil
1062 3767 1162 3813 omnino
1188 3772 1304 3826 sequente
1328 3777 1404 3822 auno,

332 3844 418 3880 sensus
429 3835 507 3888 docet,
519 3840 573 3880 turn
589 3835 697 3894 optimus
707 3833 783 3880 codex
794 3833 852 3880 satis
884 3849 932 3894 quo
943 3833 982 3880 Ti.
994 3832 1149 3892 Sempronius
1161 3829 1195 3876 11.
1206 3829 1237 3884 Q.
1246 3829 1335 3876 Fabius
1346 3841 1404 3874 eon-

229 3949 231 3954 ,
274 3953 275 3958 ¹
332 3895 439 3943 indicare
455 3899 560 3952 videtur,
573 3899 615 3958 qul
634 3898 707 3943 habet
716 3897 774 3959 jure
792 3911 850 3943 coar.
883 3899 947 3944 sulas
963 3899 1039 3951 luere,
1050 3897 1076 3942 in
1094 3895 1175 3942 Sicilia
1193 3900 1291 3955 gestum
1308 3905 1403 3941 memo·

332 3959 398 4008 Nam
408 3963 466 4023 jura
475 3976 527 4008 eum
538 3971 681 4024 corruptum
691 3967 728 4007 est
739 3975 769 4008 ex
779 3963 851 4009 unice
882 3970 951 4010 ratur
969 3975 984 4008 a
1003 3961 1090 4008 Livio:
1109 3959 1173 4020 quod
1193 3972 1251 4006 sane
1270 3957 1403 4006 verisimile

333 4039 391 4072 voce
402 4025 502 4074 litabam:
883 4039 932 4073 non
949 4031 995 4082 est,
1012 4037 1088 4086 quum
1105 4025 1168 4070 tanti
1185 4022 1346 4070 exercitoria
1362 4021 1403 4067 in·

364 4089 581 4147 4Aulmclc‚uol
595 4093 720 4137 mcerrcrio
729 4089 849 4154 facinora]
882 4092 935 4138 sula
954 4096 1041 4136 essent.
1075 4087 1142 4136 Solus
1162 4087 1294 4135 Cannensis
1313 4085 1405 4132 exerci-

332 4156 384 4202 Aut
396 4155 462 4201 malo
474 4155 590 4214 facinore,
602 4162 645 4202 aut
656 4169 684 4202 eo
694 4157 759 4216 quod
770 4169 851 4216 neces·
884 4160 924 4202 tus
948 4156 978 4202 ad
997 4153 1143 4201 Marcellum
1165 4165 1258 4213 preces,
1281 4148 1405 4212 hujusque

332 4221 392 4268 sitas
410 4219 492 4266 colore'
510 4221 591 4280 aliquo
610 4221 732 4277 defendat,
750 4234 778 4267 ac
795 4233 850 4279 pro·
883 4219 976 4266 litteras
991 4220 1022 4265 de
1041 4219 1071 4264 iis
1089 4218 1121 4266 ad
1140 4221 1252 4264 senatum
1270 4213 1355 4262 retulit
1372 4225 1404 4270 eo

332 4286 389 4332 inde
404 4297 449 4346 pro
465 4286 531 4332 melo
547 4285 657 4331 damnari
672 4291 744 4332 vetet.
778 4285 850 4332 Hanc
883 4295 947 4330 enno
977 4290 1065 4330 noster.
1098 4282 1203 4339 Deinde,
1232 4279 1358 4341 Polybius,
1385 4279 1403 4323 1.

332 4349 537 4412 elegantissimam
557 4349 702 4398 sententiam
719 4363 767 4396 non
785 4350 849 4412 cide·
884 4347 959 4396 vm.
980 4348 1048 4396 testis
1067 4353 1104 4395 est
1122 4345 1264 4396 Marcellum
1285 4355 1328 4403 per
1347 4347 1404 4390 octa
