3122 4962
220 523 236 554 ⁶
521 509 579 611 T.
628 505 832 612 LIVII
881 504 1269 612 PATAVINI

629 639 633 646 Ι
679 727 882 818 mana
919 731 1081 840 xxvi

782 963 976 1008 ⁸⁴-

191 1185 221 1234 u.
233 1185 260 1234 c.
272 1183 329 1236 ⁶41.
354 1149 438 1234 GN.
450 1139 804 1248 FulviusCentnmalus,
818 1165 855 1236 P.
867 1137 1025 1256 Sulpicius
1035 1168 1140 1236 Galba
1149 1165 1301 1244 consules,
1312 1159 1410 1254 quum

191 1249 328 1300 ‘bc-²¹¹·
353 1251 457 1319 idibus
474 1251 600 1320 Martiis
625 1256 842 1342 magistratum
869 1258 1008 1337 inissent,
1028 1268 1136 1320 senatu
1160 1255 1192 1318 in
1216 1251 1411 1339 Capitolium

191 1315 475 1442 ssnsffffl’vocato,
492 1337 532 1403 ‹le
546 1339 719 1422 republica,
736 1341 776 1405 de
790 1341 1062 1408 administratione
1082 1341 1165 1417 belli,
1181 1339 1221 1406 de
1241 1339 1413 1426 provinciis

193 1446 260 1492 con
354 1418 605 1512 exercitibusque
618 1425 729 1492 Patres
744 1429 983 1511 consuluerunt.¹
1002 1429 1046 1506 Q.
1057 1427 1181 1504 Fulvio,
1192 1431 1252 1512 Ap.
1264 1425 1412 1502 Claudio,

192 1507 325 1586 amande
353 1512 469 1600 prioris
491 1513 564 1575 anni
591 1513 784 1596 consulibus,
806 1532 1011 1601 prorogatum
1035 1514 1206 1599 imperinm
1228 1524 1289 1589 est3
1316 1525 1414 1597 atque

192 1580 324 1684 “mm'‘
353 1599 522 1674 exercitus,
539 1621 618 1684 quos
632 1598 802 1678 habebant,
816 1601 945 1666 decreti.
960 1601 1188 1688 adiectumque,
1204 1621 1244 1662 ne
1258 1621 1277 1663 a
1289 1597 1412 1683 Capua,

354 1707 450 1772 quam
465 1683 661 1762 obsidebant,
674 1685 888 1766 abscederent,
900 1689 1080 1774 priusquam
1096 1697 1340 1773 expugnassent.
1363 1683 1414 1750 Ec

354 1785 513 1838 tumcura
534 1771 676 1837 maxime
696 1772 835 1839 intentos
857 1775 992 1839 habebat
1009 1775 1187 1838 Romanos:
1210 1771 1296 1836 ¹non
1312 1771 1351 1835 ab
1366 1770 1414 1835 ira

355 1870 489 1940 tantum,
501 1879 573 1946 quae
589 1858 621 1928 in
637 1857 757 1924 nullam
772 1881 923 1948 umquam
939 1861 1097 1925 civitatem
1106 1859 1221 1944 justior
1235 1857 1305 1936 fuit,
1318 1877 1414 1944 quam

378 1943 440 2010 uod
453 1945 527 2010 urbs
538 1958 601 2009 tam
619 1945 734 2010 nobilis
744 1969 782 2011 ac
796 1961 919 2032 potens,
928 1948 1008 2012 sicut
1019 1945 1194 2011 defectione
1205 1967 1263 2010 sua
1277 1954 1415 2008 traxerat

354 1967 474 2117 ibiquot
496 2029 641 2118 nopuios‚
657 2031 700 2096 ita
722 2045 848 2118 recepta
862 2033 1052 2118 inclinatura
1072 2053 1179 2096 rursus
1193 2031 1316 2096 animos
1329 2031 1416 2094 vide-

354 2117 449 2182 batur
463 2097 507 2183 ad
519 2117 636 2182 veteris
645 2118 770 2205 irnperii
785 2135 973 2205 respectum.
1006 2119 1061 2204 ¹Et
1074 2118 1285 2204 ²praetoribus
1299 2115 1416 2204 prioris

325 2267 328 2276 ,
354 2205 440 2282 anni,
464 2201 514 2270 M.
529 2203 628 2269 Junio
652 2204 686 2268 in
711 2204 850 2285 Etruria,
876 2207 910 2271 P.
928 2205 1121 2292 Sempronio¹
1142 2205 1174 2268 in
1202 2203 1319 2280 Gallia,
1341 2223 1415 2268 cum

354 2290 437 2356 binis
452 2290 638 2377 legionibus,
653 2313 731 2379 quas
750 2291 937 2366 habuerant,
950 2303 1159 2380 prorogatum
1173 2302 1220 2356 est
1233 2289 1416 2376 imperium.

352 2398 452 2464 proro
496 2390 564 2441 turn
580 2387 611 2441 et
625 2377 675 2442 M.
692 2377 858 2456 Marcello,
874 2389 911 2443 ut
929 2400 989 2464 pro
1006 2375 1183 2443 consulein
1200 2375 1308 2442 Sicilia
1320 2375 1334 2416 ⁸
1344 2375 1417 2440 reli·

280 2479 284 2490 '
354 2477 437 2554 qua·
474 2462 527 2528 elli
550 2461 717 2548 perficeret
731 2487 771 2530 eo
789 2465 943 2546 exercitu,
958 2487 1051 2550 quern
1077 2463 1218 2534 haberet.
1241 2463 1269 2528 si
1291 2461 1417 2548 supple-

355 2561 463 2613 mento
478 2571 558 2635 opus
572 2563 662 2628 esset,
677 2551 838 2652 suppleret
852 2552 892 2617 de
908 2551 1093 2639 legionibus,
1110 2550 1225 2637 quibus
1241 2547 1278 2617 P.
1295 2551 1418 2614 Corne-

354 2632 415 2700 lius
436 2647 617 2722 propraetor
638 2635 672 2700 in
688 2637 796 2702 Sicilia
817 2651 981 2723 praesset:
1006 2637 1084 2702 dum
1105 2659 1145 2701 ne
1167 2657 1260 2724 quem
1283 2636 1416 2700 militem

353 2719 473 2806 legeret
486 2742 528 2786 ex
543 2744 582 2786 eo
596 2744 740 2805 numero,
752 2725 866 2810 quibus
880 2737 1005 2790 senatus
1021 2723 1202 2789 missionem
1217 2721 1418 2808 reditumque

353 2807 389 2874 in
402 2807 539 2895 patriam
554 2821 698 2894 negasset
711 2827 783 2876 ante
797 2809 872 2898 belli
888 2811 993 2876 finem.
1018 2809 1056 2874 C.
1074 2809 1226 2895 Sulpicio,
1241 2809 1291 2874 cui
1308 2808 1418 2874 Sicilia
1474 2887 1476 2894 Ι

354 2908 512 2972 evenerat,
524 2893 598 2960 duae
610 2895 758 2984 legiones,
770 2920 849 2985 quas
857 2897 893 2963 P.
902 2895 1071 2963 Cornelius
1082 2895 1252 2973 habuisset,
1264 2893 1415 2980 decretas

307 2979 311 2986 ’
354 2994 387 3047 et
400 2981 656 3068 supplementum
671 2981 711 3048 de
725 2983 867 3048 exercitu
884 2983 944 3049 Cn.
963 2983 1076 3060 Fulvii,
1093 2983 1147 3086 qui
1165 2981 1272 3068 priore
1284 3001 1369 3046 auno
1383 2983 1417 3046 in

355 3068 476 3154 Apulia
496 3067 580 3134 foede
596 3091 695 3135 caesus
713 3069 902 3158 fugatusque
916 3082 995 3137 erat.
1040 3069 1130 3134 Huic
1149 3069 1258 3158 generi
1280 3067 1416 3136 militum

354 3166 482 3220 mustus
501 3154 660 3235 eumdem,
675 3177 768 3242 quem
792 3157 1025 3236 Cannensibus,
1044 3155 1140 3222 finem
1162 3166 1314 3220 statuerat
1335 3153 1418 3218 mili-

355 3239 427 3308 tiae:
441 3239 586 3308 additum
598 3242 691 3308 etiam
706 3253 914 3330 utrorumque
928 3243 1112 3332 ignominiae
1123 3254 1179 3320 est,
1193 3263 1233 3308 ne
1246 3241 1281 3307 in
1293 3237 1419 3328 oppidis

735 3391 869 3462 ²rcia¹quiua
879 3402 953 3450 Gron.
965 3402 1034 3450 Crev-

388 3549 400 3596 1
420 3549 516 3596 Norat
526 3548 566 3598 ira
576 3552 666 3596 tantm
677 3579 684 3594 .
697 3578 704 3594 .
716 3551 799 3614 mam]
813 3549 871 3599 Non
903 3557 948 3607 aet,
971 3551 1050 3612 priore
1071 3563 1136 3600 anno
1156 3549 1271 3606 Galliam.
1294 3555 1422 3612 mro

353 3621 406 3662 tam
417 3613 870 3676 propteri'ram‚quamquod...Non
903 3617 1014 3677 imperto,
1033 3620 1166 3678 propretor
1187 3614 1332 3662 obtinuerat.
1364 3613 1424 3663 lara

355 3693 410 3726 raro
436 3693 507 3740 pem
532 3684 557 3724 et
581 3681 672 3724 tantum
697 3679 743 3725 sibl
766 3681 871 3728 laricem
903 3681 1084 3728 observavimus
1099 3681 1162 3728 adl.
1178 3677 1282 3726 xxiii.
1298 3678 1372 3728 ado.
1387 3681 1426 3728 ia·

353 3745 507 3806 respondent
535 3742 672 3796 Terentius,
684 3742 871 3794 amarant.
904 3745 1002 3792 tardum
1023 3745 1130 3792 olivio
1151 3744 1343 3805 ‹ticiprarm
1364 3757 1422 3793 m

356 3806 428 3857 Set
444 3805 874 3870 Nontarckmttsrutpotmtan-
904 3808 1019 3870 quicum
1035 3809 1148 3870 pretorio
1162 3809 1424 3871 impulomqun-

355 3877 416 3926 tum,
432 3885 502 3934 queam
520 3874 597 3932 mapsa
617 3873 732 3934 navigare
749 3874 872 3920 hammo·
905 3874 943 3920 vis
953 3880 1084 3936 proeturam
1095 3887 1144 3921 non
1154 3879 1231 3934 gerat.

354 3936 411 3983 dum
421 3940 464 3984 eet.
496 3935 627 3984 Eteodem
643 3935 694 3984 fere
709 3939 782 3986 modo
797 3939 873 3993 idem,
936 3939 953 3986 8
969 3939 1093 3999 Reliquias
1102 3937 1166 4002 belli]
1187 3938 1262 3988 Haud
1274 3940 1360 4002 magni
1370 3953 1423 3988 mo-

348 4000 457 4048 =l’boum.
468 4002 524 4047 Act.
536 4001 570 4048 ll.
582 3999 620 4048 Sc.
633 3999 654 4047 1.
673 3999 724 4058 Quo
738 4005 819 4064 megia
831 4016 873 4050 no·
905 4005 1035 4050 mentirer
1052 4009 1099 4052 est.
1130 4003 1178 4050 Sed
1195 4009 1277 4053 umen
1292 4006 1424 4066 meudun

356 4066 465 4121 attam
475 4066 568 4125 rapias.
905 4073 1020 4128 putam
1030 4067 1120 4131 reliqua
1129 4067 1198 4114 bellis
1212 4070 1280 4130 gund
1294 4069 1425 4118 αὔω-

388 4129 565 4179 armoricus
578 4129 669 4188 prioris
687 4131 754 4185 anni,
770 4131 812 4178 M.
824 4132 872 4180 Ju·
905 4133 960 4180 vlu·
981 4137 1084 4180 testetur
1105 4133 1134 4180 ln
1152 4135 1207 4181 rua
1229 4133 1294 4196 leda
1310 4139 1338 4180 et
1358 4135 1427 4182 taret

355 4195 394 4242 nio
405 4224 411 4239 .
423 4227 431 4243 .
443 4195 476 4242 P.
487 4193 635 4257 Sempronio]
653 4195 689 4241 Μ.
700 4196 774 4244 sunto
785 4202 874 4257 prato·
905 4198 1013 4257 optimus
1028 4211 1042 4244 e
1058 4198 1139 4259 reglis,
1151 4198 1177 4246 ln
1188 4211 1237 4260 quo
1248 4197 1426 4248 litteratus·

355 4260 377 4308 ri
403 4259 489 4322 prioris
515 4257 582 4314 anni,
607 4257 636 4312 Ρ,
658 4259 809 4321 Sempronio,
830 4262 873 4321 qui
905 4263 986 4308 cunda
1002 4275 1079 4310 rama
1098 4262 1261 4325 mpencripta
1277 4269 1426 4326 antequam

355 4337 431 4385 qaum
449 4323 548 4372 hiennio
562 4328 619 4371 ante
637 4330 770 4383 pretorem
786 4325 874 4385 gensis·
906 4325 1217 4388 primadedinetrdiquaa
