3064 4976
308 195 347 254 42
705 190 823 254 Tiri
847 185 961 252 Livi
992 189 1009 250 '1

153 369 290 423 uuam
316 375 416 435 more,
434 356 673 422 'concursabant
680 377 691 436 ς
719 355 823 420 'modo'
839 355 874 420 in
895 354 1046 440 primum,
1063 356 1166 422 modo
1188 355 1222 420 in
1245 355 1379 424 naviui-

153 438 184 486 Δ·
197 435 290 487 0²¹⁸·
316 461 405 508 mum
419 465 545 531 agmen,
560 443 789 527 ⁴⁸utcunrque1’
803 459 860 507 aut
878 441 966 506 locus
987 445 1257 528 opportunitatem
1274 443 1377 520 daret

315 543 371 596 aut
385 530 545 618 progressi
558 530 710 594 morative
723 530 862 613 aliquam
876 529 1074 594 oocmionem
1088 529 1243 596 fecissent.
1270 529 1380 596 *iule-

316 615 439 703 phanti,
455 615 536 680 sicut
552 615 731 701 praecipites
745 637 803 698 per
817 629 902 680 artas
918 617 982 679 vias
1002 637 1119 704 magna
1139 637 1232 680 mora
1244 617 1380 704 ageban-

317 720 380 783 tur,
396 703 441 768 ita
456 715 560 768 tutum
575 702 616 766 ab
636 700 787 778 hostibus,
803 723 1003 788 quacumque
1018 701 1211 780 incederent,
1229 702 1318 789 (quia
1330 702 1380 766 in·

317 789 413 866 sumis
428 787 568 854 adeundi
583 789 713 874 propius
725 793 918 868 metus-erat)
932 811 1048 875 agmen
1062 789 1260 874 praebebant.
1282 789 1381 856 Nono

317 875 418 942 diein
432 877 547 963 jugum
563 874 695 958 Alpium
720 887 906 959 perventum
927 890 983 951 est,
1000 897 1057 959 per
1079 876 1165 940 invia
1206 873 1335 960 lemque
1343 879 1382 939 'et

319 983 453 1038 errores,
475 983 555 1048 quos
580 974 635 1026 aut
658 960 841 1032 ducentium
861 959 956 1037 fraus,
979 974 1044 1039 aut,
1068 963 1122 1027 ubi
1147 960 1171 1024 fi
1194 984 1226 1026 es
1251 961 1289 1024 iis
1314 982 1382 1027 non

318 1062 409 1124 esset,
430 1060 549 1113 temere
574 1048 662 1112 initae
684 1046 778 1110 valles
800 1069 820 1110 a
841 1047 1090 1132 conjectantibus
1119 1049 1191 1128 iter,
1212 1046 1380 1112 faciebmt.

317 1134 345 1174 ⁵⁰
355 1134 495 1200 Biduum
512 1135 545 1198 in
565 1136 657 1221 'ugo‘¹
671 1135 782 1198 stativa
795 1131 917 1198 habitas
940 1132 1103 1220 fessisquer
1115 1133 1224 1200 labore
1239 1157 1277 1198 ac
1298 1155 1381 1221 pug-

319 1221 427 1286 nando
441 1221 529 1309 quies
551 1157 626 1284 data
649 1219 817 1304 militibus3
836 1221 1043 1321 jumentaque
1064 1219 1195 1306 aliquot,
1211 1241 1284 1306 quoe
1305 1242 1382 1304 pro-

319 1309 410 1392 lapsa
423 1308 457 1371 in
476 1306 609 1393 rupibus
629 1320 729 1383 erant,
744 1306 906 1393 sequendo
925 1306 1056 1394 vestigia
1076 1307 1211 1392 agminis
1228 1307 1261 1370 in
1277 1319 1384 1371 castra

319 1415 501 1478 pervenere.
548 1393 649 1458 Fessis
674 1392 771 1457 taedio
794 1405 841 1456 tot
864 1391 1019 1457 malorum
1045 1393 1126 1458 nivis
1155 1394 1249 1458 etiam
1278 1414 1382 1468 casuS,

299 1479 344 1542 ,⁵¹
354 1480 520 1546 occidente
545 1481 613 1566 jam
642 1479 744 1544 sidere
773 1478 1009 1566 Vergiliarum',
1036 1480 1196 1582 ingentem
1215 1493 1382 1544 terrorem

319 1566 443 1653 adjecit.
489 1566 553 1631 Per
574 1565 682 1630 omnia
703 1564 775 1630 nive
796 1564 925 1650 oppleta
941 1587 1052 1652 quum,
1066 1567 1163 1654 signis
1182 1566 1291 1650 prima
1309 1565 1384 1630 luce

320 1654 427 1731 motis,
448 1654 585 1740 segniter
610 1674 725 1740 agmen
746 1651 916 1729 incederet,
939 1652 1130 1740 pigritiaque
1150 1663 1183 1716 et
1204 1650 1385 1736 desperatio

320 1740 356 1804 in
377 1740 520 1805 omnium
535 1738 624 1804 vultu
645 1738 811 1814 emineret3
857 1759 1026 1826 raegressus
1046 1739 1137 1826 signa
1159 1737 1326 1804 Hannibal
1347 1738 1385 1802 in

320 1827 541 1913 promontorio
562 1824 712 1911 quodam,
731 1824 816 1889 unde
834 1761 930 1924 lbnge
951 1847 989 1890 ac
1009 1825 1072 1890 late
1095 1827 1280 1910 prospectus
1301 1838 1382 1900 erat,

321 1913 491 1978 consistere
517 1912 612 1999 jussis
646 1910 799 1975 militibus
828 1910 954 1976 Italiam
986 1923 1134 1992 ostentm,
1163 1911 1385 1997 subjectosque

321 1999 446 2083 Alpinis
473 1999 636 2064 montibus
664 1995 939 2080 Circumpadanos
967 2018 1111 2083 campos:
1135 1999 1304 2082 moeniuque
1333 2019 1384 2062 ecs

321 2095 384 2150 tum
405 2088 619 2151 transcendere
637 2105 702 2147 nort
723 2085 830 2148 Italia
849 2087 947 2161 modo,
969 2087 1023 2150 sed
1046 2087 1139 2148 etiam
1160 2084 1246 2148 urhis
1266 2085 1385 2148 Roma-

321 2193 381 2238 nae.
395 2181 504 2237 cetera
520 2174 633 2256 planu,
645 2171 801 2252 procliuia
809 2170 908 2254 fore.-
929 2192 1000 2248 unc,
1015 2181 1070 2236 aut
1083 2170 1110 2210 ⁵²
1118 2192 1257 2236 summurn
1283 2172 1386 2236 altero

315 2261 432 2343 proelio
444 2281 543 2323 arcem
558 2268 589 2320 et
602 2265 694 2340 caput
707 2257 815 2321 Italia
827 2257 863 2319 in
884 2279 977 2320 maan
990 2279 1027 2321 uc
1042 2266 1197 2339 potestate
1217 2256 1383 2320 detineres.

323 2345 503 2412 Procedere
523 2343 598 2408 inde
619 2363 733 2432 agmen
755 2342 871 2427 coepit3
887 2343 956 2428 jam
981 2342 1061 2407 nihil
1086 2365 1128 2408 ne
1149 2342 1291 2408 hostibus
1312 2342 1385 2429 qui-

321 2431 406 2510 dem,
422 2443 540 2516 praeter
558 2451 656 2515 parva
671 2427 757 2494 furta
773 2450 831 2513 per
845 2429 1053 2507 occasionem,
1068 2429 1274 2494 tentantibus.
1320 2427 1386 2493 Ce-

320 2529 424 2586 terum
449 2517 511 2582 iter
535 2517 647 2593 multo,
669 2537 765 2601 quam
791 2514 824 2578 in
850 2515 1005 2581 adscensu
1025 2515 1138 2593 fuerm,
1161 2519 1210 2600 (ut
1233 2515 1387 2601 pleraque

322 2604 456 2690 Alpium
470 2602 512 2668 ab
528 2601 621 2668 Italic
634 2601 715 2667 sicut
729 2600 883 2680 breviora,
899 2602 943 2667 ita
955 2601 1185 2668 ⁵³adrectiora¹
1199 2602 1285 2683 sunt)
1301 2601 1386 2666 diffi-

354 2795 497 2854 eumuna
508 2765 582 2841 Gron.
611 2829 613 2836 .
678 2797 692 2838 ‘i
701 2794 855 2857 jaglsGron.
868 2796 936 2844 Crev.
1035 2794 1127 2857 'fiscis
1138 2794 1206 2842 Ered.
1304 2794 1387 2842 tVir·

317 2860 436 2922 gdimm
446 2861 522 2908 Gran.
620 2855 742 2907 ‘mama
755 2859 817 2908 Eud.
953 2904 955 2910 .

352 3021 385 3068 is
404 3021 537 3084 Utcunque]
550 3021 635 3084 Vulgo
645 3024 773 3086 uteuique.
790 3023 838 3072 Sed
869 3025 936 3072 enim
951 3031 1019 3072 arcta
1029 3039 1081 3072 esse
1097 3026 1182 3072 emam
1198 3029 1224 3091 et
1240 3024 1313 3084 pians
1331 3028 1387 3084 pot·

319 3087 432 3134 meliores
466 3086 558 3147 scripti.
591 3093 647 3135 tum
680 3088 837 3143 Gronovianl,
869 3096 915 3140 est.

319 3157 374 3198 tum
393 3151 482 3210 nostri,
497 3151 589 3199 habent
606 3157 731 3216 areasque,
747 3154 774 3200 id
790 3159 837 3208 est,
901 3155 935 3202 60
949 3153 1055 3204 Biduum
1071 3157 1097 3202 is
1106 3153 1189 3218 jugis]
1209 3151 1290 3213 Magis
1306 3153 1389 3212 placa-

319 3222 400 3276 pront.
869 3225 908 3266 ret
918 3221 944 3266 in
947 3221 1020 3282 jugo,
1030 3222 1096 3279 quod
1112 3219 1185 3266 hebet
1195 3219 1311 3266 Gronovii
1321 3231 1388 3266 unius

351 3280 384 3328 49
399 3280 527 3342 Elephanti
553 3282 613 3330 dcet
636 3283 769 3344 precipites
793 3294 837 3342 per
868 3286 954 3344 codex,
968 3290 994 3330 et
1011 3291 1094 3332 noetus
1109 3283 1261 3340 Victorinus,
1276 3283 1388 3329 alluden-

318 3351 397 3393 aretas
414 3345 477 3408 vtae]
494 3345 629 3394 Possumus
645 3348 680 3394 sic
696 3359 834 3406 exponeres
869 3349 935 3395 tibus
945 3349 1066 3396 eademst
1079 3348 1132 3394 aliis
1148 3348 1249 3407 aliquot,
1261 3348 1389 3407 planeau-

316 3412 448 3472 lllephunti
466 3425 557 3473 magrra
574 3411 674 3471 quidem
693 3423 764 3458 mora
781 3424 838 3471 age·
869 3419 920 3460 tem
950 3413 1136 3460 assentientibus
1165 3412 1259 3458 duobus
1286 3411 1389 3459 Heunui

317 3478 416 3534 bantur,
427 3482 511 3537 utpote
527 3477 673 3537 precipites,
685 3476 767 3531 idest,
778 3489 850 3534 pen»
869 3478 972 3538 seriptis.
1006 3477 1097 3538 Supras
1117 3489 1176 3522 nono
1197 3476 1234 3522 die
1255 3477 1282 3522 s'a
1296 3478 1389 3539 jugam

318 3542 403 3587 dentes
420 3542 599 3601 quodammodo
613 3546 639 3586 et
650 3535 757 3603 jamjam
768 3552 838 3586 msu-
869 3539 968 3604 Alpium
976 3545 1112 3602 pecccatum
1122 3545 1162 3588 cst.

318 3606 519 3666 rissimiles,per
533 3605 683 3654 maassiae.
714 3604 749 3650 st
763 3603 837 3650 iidem
902 3606 932 3653 51
952 3605 1075 3654 Occidente
1094 3607 1150 3668 jam
1173 3604 1248 3653 sidere
1272 3605 1389 3665 Vergiliu-

318 3671 365 3717 hoc
383 3671 507 3717 commodi
524 3670 666 3724 afferebant,
685 3668 760 3729 quod,
778 3681 838 3728 qus·
869 3672 936 3735 mem]
968 3671 1095 3731 Vergiliae,
1116 3671 1168 3717 sive
1189 3668 1307 3725 Pleiades,
1328 3675 1390 3716 sunt

317 3747 415 3795 cunque
450 3735 599 3791 incederent,
633 3741 715 3781 tutum
748 3745 838 3792 agmen
870 3737 947 3782 steila
963 3743 1056 3796 septem
1075 3735 1101 3780 in
1117 3735 1180 3782 colio
1196 3734 1279 3781 Tauri.
1311 3733 1390 3780 Ocea·

147 3823 152 3832 ·
254 3855 256 3860 Ι
317 3801 458 3859 preberent
492 3797 583 3844 Melius
598 3803 739 3845 tamenvox
753 3798 838 3858 praet
870 3801 1050 3848 susPleiadum
1065 3801 1159 3860 dequo
1176 3798 1390 3860 bicagitLivius,

314 3865 377 3924 pites
395 3864 518 3910 videretur
536 3862 621 3908 reterri
639 3864 672 3910 ad
690 3861 838 3922 vius,qusm
870 3865 1034 3926 contingebat,
1060 3864 1134 3910 Plinii
1165 3877 1228 3922 avo,
1255 3863 1303 3909 ili.
1330 3863 1392 3910 idus

317 3930 350 3976 nd
368 3929 517 3987 elephantos.
548 3926 608 3972 Ideo
628 3927 699 3974 nobis
720 3927 799 3986 placet
817 3927 838 3972 is
871 3928 1026 3984 Novembris,
1048 3931 1102 3990 ipso
1123 3935 1193 3984 teste,
1213 3929 1230 3975 L
1248 3927 1347 3974 xvui.
1366 3942 1391 3975 c.

317 3993 377 4042 ordo
396 3993 526 4038 verborum
545 4003 619 4050 quem
639 3997 722 4039 servm
740 4005 805 4038 unus
824 4004 839 4038 s
870 3993 912 4040 31.

318 4057 408 4105 nostris
435 4054 575 4102 eodidbuss
602 4056 665 4102 sieut
688 4070 732 4118 per
760 4059 839 4104 aretas
903 4057 935 4106 62
951 4057 1089 4120 Summam]
1106 4059 1146 4104 Ad
1165 4070 1302 4112 summum,
1322 4058 1390 4118 quod

315 4122 452 4182 praepter
466 4119 525 4166 uias.
558 4120 726 4168 Addendaest
741 4127 839 4168 tantmn
871 4123 963 4170 Galliae
990 4123 1095 4172 dicimus
1121 4137 1154 4170 aa
1177 4122 1240 4182 plue.
1273 4121 1393 4170 Restituit

318 4187 437 4246 particule
464 4185 617 4244 copulativa:
638 4199 682 4246 per
709 4189 786 4232 mdes
815 4189 838 4232 et
869 4187 933 4235 hane
950 4187 1065 4246 loquendi
1085 4187 1192 4234 formam
1209 4186 1280 4233 Livio
1296 4187 1392 4232 Grono-

313 4250 757 4312 preoptas,ve1proeetpuesqaeaias.
774 4251 838 4297 Sane
871 4252 934 4310 vius,
955 4264 1033 4311 quum
1052 4252 1126 4312 vulgo
1145 4252 1204 4299 aditi
1223 4251 1340 4298 haberent
1358 4250 1393 4298 sd

243 4311 250 4318 ”
319 4313 461 4374 inunlgnta
478 4315 581 4363 lectione
599 4317 666 4363 haud
681 4316 837 4376 exprimitur,
869 4327 995 4369 mamma,
1007 4316 1197 4376 mimirum.

318 4391 363 4427 eur
373 4380 495 4442 elephanti
509 4386 613 4442 semim
627 4375 771 4444 precipites.
789 4379 838 4428 Via
876 4418 879 4426 .
902 4380 935 4430 53
949 4379 1101 4445 Adrccttera]
1118 4382 1179 4429 Hac
1191 4393 1248 4428 vers
1257 4376 1391 4440 uticam,
