3140 4972
328 157 390 223 266
731 155 845 226 i'lTl
872 159 1013 223 mvn

166 347 196 395 u.
206 347 233 398 c.
245 346 302 397 rso.
326 323 397 404 iter,
413 343 478 410 quo
492 321 633 392 facilium
646 321 795 412 plaustra
804 324 970 412 minorque
989 315 1089 396 nieles
1103 315 1137 390 in
1149 318 1394 396 nuntiasset

164 415 197 464 A.
206 413 234 462 ⁰⁴
246 412 303 463 ²¹²·
325 410 478 478 lumenta
492 410 567 476 inde
580 425 612 476 ct
626 410 769 478 homines
784 413 949 492 contracti,
959 425 1081 499 etopus
1091 413 1218 516 inpigre
1231 427 1392 501 coptam

326 517 510 585 paucosque
522 511 595 584 post
607 497 675 564 dies
690 498 796 564 classis
806 500 960 566 instructa
974 513 1137 586 adparata
1146 500 1393 568 circumvehitur

326 603 443 663 arcem,
459 597 491 650 et
505 596 579 650 ante
592 607 629 650 os
648 586 755 673 ipsum
773 597 885 672 portus
906 587 1062 652 anchoras
1077 586 1167 674 jacit.
1213 587 1314 656 Hunc
1328 599 1391 654 sta-

326 685 397 738 turn
411 693 518 736 rerum
536 669 704 737 Hannibal
720 671 853 738 Tarenti
875 671 1011 760 reliquit,
1027 693 1188 762 regressus
1209 673 1278 760 ipse
1293 675 1328 738 in
1343 674 1392 740 hi·
1449 753 1451 758 Ι

326 759 436 824 berna.
474 758 637 837 Ceterum,
649 756 788 846 defectio
797 757 1047 826 Tarentinorum
1058 772 1166 826 utrum
1177 760 1285 846 priore
1295 781 1391 841 anuo,

326 867 369 912 an
383 844 456 923 boc,
472 843 556 910 lacta
577 845 628 923 sit,
645 847 677 910 in
693 845 853 911 diversum
874 858 1018 912 auctores
1031 845 1173 916 trahunt.
1194 845 1303 932 plures
1316 867 1392 934 pro·

327 933 494 1018 pioresque
508 944 602 998 aetate
615 931 779 998 memoriae
789 950 897 998 rarum
911 932 973 998 boc
988 954 1073 998 auno
1086 931 1250 999 “tradunt
1259 931 1391 1000 iactum.

371 1017 456 1084 Xll.
470 1017 585 1082 Romae
593 1018 736 1084 consules
744 1033 960 1105 praetoresque
967 1039 1067 1106 usque
1074 1018 1239 1084 antediem
1247 1020 1393 1106 quintum

330 1103 492 1170 Kalendas
504 1103 613 1176 Maias¹
625 1104 783 1170 ⁶⁶Latinae
798 1117 976 1172 tenuerunt.
991 1129 1030 1171 eo
1040 1106 1093 1170 die
1106 1118 1288 1192 perpetrato
1302 1127 1392 1172 sacro

327 1191 393 1258 ui„
403 1191 645 1269 montainsuas
653 1191 975 1279 quisqueprovineias
985 1191 1239 1278 proficiscuntur.
1263 1192 1392 1277 ‘Religio

165 1277 446 1344 munuera-deinde
459 1299 542 1342 nova
555 1277 679 1362 objecta
693 1289 740 1344 est
753 1301 793 1343 ex
803 1278 995 1344 carminibus
1011 1278 1197 1344 Marcianis.
1229 1278 1325 1345 Vates
1338 1277 1392 1344 bic'

167 1362 211 1404 iel·

330 1363 474 1447 Marcius
482 1363 622 1429 inlutria
630 1363 741 1442 bremt,
752 1376 886 1452 etquum
897 1365 1086 1452 conquisitio
1093 1365 1201 1450 priore
1208 1387 1293 1429 anno
1301 1387 1394 1430 exse·

328 1453 568 1516 natnsconsulto
587 1451 695 1516 talium
718 1450 873 1516 librorum
894 1451 994 1528 fieret,
1016 1452 1050 1515 in
1067 1451 1117 1516 M.
1134 1449 1223 1518 Atilii
1244 1452 1392 1536 praetoris

328 1537 456 1614 urbani,
472 1538 528 1623 qui
544 1556 613 1602 earn
633 1559 700 1602 rem
720 1537 844 1624 agebat,
860 1559 972 1603 manus
991 1537 1182 1602 “venerant
1204 1535 1231 1601 is
1244 1537 1391 1622 protinus

329 1622 445 1688 a⁹uovo
460 1624 591 1707 praetori
608 1623 706 1689 Sulloe
725 1624 907 1690 tradiderat.
953 1623 1006 1690 Ex
1027 1625 1118 1710 hujus
1134 1623 1251 1688 Marcii
1264 1622 1391 1688 duobus

329 1709 701 1788 carminibus,⁷⁰alterius
709 1723 781 1797 post
789 1732 856 1776 rem
865 1724 969 1774 actam
977 1711 1052 1776 editi
1062 1731 1133 1774 curo
1145 1721 1215 1774 rato
1223 1709 1394 1792 auctoritas

329 1809 454 1874 eventu,
470 1796 559 1862 alteri
574 1817 709 1898 quoque,
726 1799 815 1883 cujus
829 1797 971 1863 nondum
986 1808 1110 1882 tempus
1121 1808 1258 1874 venerat,
1271 1790 1393 1861 adfers·

167 1888 320 1935 cannensem
330 1882 387 1949 bat
395 1883 502 1962 fidem.
538 1883 651 1949 Priore
661 1885 799 1952 carmine
811 1883 984 1947 Cannensis
994 1881 1150 1968 praedicta
1162 1881 1266 1950 clades
1277 1883 1309 1947 in
1321 1881 1393 1948 brec

166 1953 326 2012 clademprrs·

166 2017 268 2064 dixerat.

329 1969 428 2036 ferme
438 1967 536 2034 verba
544 1983 627 2036 erat:
648 1970 809 2035 “Amnem
821 1969 992 2056 licjugeno
1003 1971 1141 2035 Caunum
1148 1967 1392 2057 Romcncfirger

329 2079 367 2122 ne
382 2065 412 2120 te
424 2057 605 2144 alienigenae
618 2065 732 2143 cogant
745 2056 806 2120 ”iu
821 2077 926 2138 campo
936 2056 1098 2122 Diomedia
1111 2077 1263 2122 conseres
1275 2076 1393 2122 munus.

328 2145 390 2210 Sed
402 2165 498 2232 ireque
509 2145 611 2208 credes
627 2152 659 2207 tu
672 2143 756 2221 arilli,
772 2145 865 2207 donec
886 2143 1039 2226 compluit
1059 2143 1211 2228 sanguine
1231 2163 1370 2226 campum
1377 2165 1393 2218 ,·
1451 2188 1457 2196 .

328 2231 485 2316 mutaque
497 2229 596 2293 millia
610 2230 708 2294 occisa
730 2239 783 2293 tun
797 2227 929 2310 descrct'
942 2229 1040 2294 amab
1059 2229 1090 2292 iu
1110 2237 1235 2311 porum
1249 2249 1393 2315 maguum

328 2339 368 2382 er
392 2327 472 2384 terro
488 2313 670 2404 smgrfcrar
699 2314 832 2398 nucibus
853 2326 946 2400 atqcue
965 2315 1069 2380 nribus
1083 2312 1233 2400 serieque,
1256 2335 1323 2401 qrsoe
1344 2316 1392 2379 iu-

230 2423 235 2436 ·
327 2403 432 2470 colunt
455 2413 563 2480 terror,
578 2402 618 2467 ila
630 2399 734 2484 ⁷³suot
751 2423 824 2466 esca
845 2423 916 2466 cero
938 2411 1001 2464 tun.
1023 2421 1095 2466 narn
1116 2402 1192 2466 mibi
1211 2403 1254 2466 itu
1273 2401 1394 2486 Jupiter

314 2492 413 2576 fourr
426 2499 481 2553 cet.
526 2488 572 2553 Et
584 2488 751 2553 Diomedis
765 2487 879 2570 Argivi
900 2508 1029 2572 campos
1046 2497 1080 2551 et
1095 2487 1239 2553 Cannam
1260 2488 1391 2566 flumen,

328 2576 384 2662 qni
397 2575 610 2639 militaverant
625 2575 659 2638 in
680 2575 719 2638 iis
740 2574 829 2654 locis,
838 2575 936 2659 juxta
956 2585 1051 2660 atque
1072 2574 1173 2660 ipsam
1195 2572 1318 2638 cladem
1336 2597 1393 2660 ag·

327 2659 512 2727 noscebant.
557 2660 644 2724 Tum
660 2659 793 2725 aiterum
808 2680 935 2724 carmen
947 2661 1122 2739 recitatum,
1133 2681 1200 2724 non
1214 2684 1252 2725 eo
1267 2671 1394 2725 tantum

328 2747 502 2826 obscurius,
519 2746 594 2833 qnia
614 2747 784 2812 incertiora
800 2746 906 2811 futura
926 2747 1095 2832 praeteritis
1116 2759 1200 2826 sunt,
1216 2747 1274 2827 sed
1285 2745 1393 2833 71ριιιι·

724 2901 733 2936 t
744 2901 830 2966 dqirct
840 2902 914 2950 Gron.
926 2901 996 2950 Cres.

362 3051 395 3101 ⁶3
416 3051 524 3100 rratmu
541 3051 648 3117 saetam]
689 3055 728 3101 Sic
755 3056 846 3102 habent
878 3053 1017 3111 auctoritas,
1044 3055 1117 3112 quam
1145 3019 1340 3117 ratam-iecerat
1367 3052 1393 3094 et

328 3117 421 3178 priores
437 3118 542 3172 editici
557 3131 622 3165 unus
638 3132 651 3166 c
668 3119 758 3166 nustria
773 3117 846 3167 MSS.
878 3118 1165 3177 comprobarateventus.
1198 3113 1394 3162 cumanam·

285 3201 289 3208 ·
329 3181 414 3244 Vulgo
425 3181 536 3245 finam.-
552 3184 653 3230 omuino
668 3185 734 3231 maia
750 3189 776 3232 et
789 3195 847 3230 con-
878 3185 913 3237 ta,
924 3185 971 3236 est,
983 3195 1040 3228 cnm
1051 3186 1140 3228 eventu
1150 3184 1306 3240 mngrumte.
1315 3189 1382 3224 vero.

329 3247 442 3308 naiores
450 3248 705 3310 erammucaiegu
738 3248 846 3297 clericus
911 3245 939 3293 71
957 3241 1297 3306 Amara..cma]Qns
1304 3241 1393 3288 sitiste

324 3307 379 3374 jem
390 3318 545 3360 revocaverat
555 3315 656 3374 probam
666 3305 803 3360 lectioiiem.
877 3312 957 3358 amnis
969 3310 1063 3368 Canna,
1071 3322 1157 3371 parum
1168 3307 1253 3370 liquet.
1280 3305 1330 3354 Alii
1340 3305 1395 3353 Au·

360 3375 394 3424 ⁶6
411 3375 516 3441 Latine]
533 3378 625 3429 Feriaer
645 3379 676 3425 de
691 3378 780 3439 quibus
795 3377 844 3424 vid.
878 3375 954 3422 lidum
976 3375 1058 3436 ipsum
1079 3387 1131 3421 esse
1153 3373 1253 3427 voiuntr
1281 3370 1323 3418 alii
1348 3371 1394 3416 ali·

328 3445 380 3487 not.
392 3439 432 3488 ot.
443 3443 502 3490 adl.
515 3441 548 3488 V.
560 3457 581 3490 c.
594 3441 634 3491 17.
645 3455 725 3504 supra.
877 3451 950 3499 quern
967 3439 1098 3500 ignobilem
1112 3438 1228 3491 rivulum,
1240 3435 1284 3496 qui
1293 3434 1393 3482 Cannas

360 3505 394 3554 di
409 3506 529 3554 Iunonie
558 3508 663 3554 Albano.
877 3505 1035 3563 praenrflmt.
1225 3507 1230 3512 “

360 3571 394 3618 de
413 3569 528 3618 Venerunt
575 3571 652 3626 Libri,
674 3571 713 3617 vel
736 3570 845 3618 carmina
910 3568 941 3617 72
957 3569 990 3616 In
1011 3580 1091 3630 campo
1111 3561 1250 3628 Diomedis}
1272 3561 1395 3610 Dimudis

328 3635 498 3683 Marciivatis.
537 3637 596 3683 Jarn
613 3641 741 3682 monuerat
751 3637 846 3682 Grono·
876 3634 956 3694 conspr·
969 3633 997 3679 is
1007 3632 1096 3694 Apulia
1113 3627 1393 3692 appellantur,qsielist

328 3701 438 3747 vinshoc
453 3701 489 3746 ita
500 3701 631 3762 legendum
648 3713 710 3757 esse,
721 3713 769 3746 non
780 3711 845 3745 uene·
876 3697 990 3745 diuisione
1005 3700 1083 3762 regesi,
1102 3707 1241 3758 quomrum
1258 3693 1345 3740 Dauno
1351 3691 1394 3754 fs·

328 3769 385 3821 rat,-
410 3765 482 3824 eique
500 3767 629 3812 obsecutus
650 3771 702 3810 erat
723 3765 843 3812 clericusr
876 3763 1047 3816 citcsumnt.
1064 3760 1184 3808 Fessus.
1208 3757 1395 3818 Hicdesignan·

328 3835 354 3876 et
363 3836 497 3877 consonent
509 3830 592 3890 scripti
602 3841 688 3875 omnes
699 3830 784 3876 nostri.
876 3832 918 3874 tur
928 3826 1066 3874 Cannenses
1078 3823 1166 3884 campi.

246 3901 247 3904 ’
361 3893 394 3940 69
411 3893 482 3940 Nouo
496 3895 596 3955 pretori
612 3893 696 3956 Sallu]
730 3893 765 3951 is,
784 3898 868 3939 testa·
911 3891 943 3939 73
958 3891 1023 3938 naar
1067 3889 1184 3950 Antiqua,
1199 3901 1244 3950 pro
1259 3887 1297 3934 sii·
1334 3885 1396 3932 Tros

328 3957 464 4016 maccio,
484 3959 500 4003 ir
521 3959 542 4004 l.
562 3959 611 4005 Sat.
630 3972 652 4006 c.
675 3957 713 4006 17.
729 3957 795 4017 quod
815 3969 845 4004 eo
879 3955 1009 4004 Ratulasvc
1047 3953 1300 4016 atapudVirgiiium.

329 4023 448 4070 suadente
469 4025 520 4070 ludi
545 4023 697 4084 Apollinares
722 4036 753 4069 ex
779 4021 847 4068 libris
912 4019 944 4067 'il
960 4019 1118 4082 Perpissiur.
1132 4048 1140 4066 .
1155 4018 1278 4078 scripture
1296 4013 1394 4078 gem]

331 4086 455 4148 Sibyllinis
471 4093 529 4134 sunt
545 4088 662 4146 instituti,
684 4087 773 4147 Sibylla
791 4099 847 4148 cog·
880 4085 949 4132 Nihil
967 4097 1114 4146 magnopere
1131 4083 1273 4144 perplexum
1290 4081 1398 4127 occurrit

330 4151 471 4199 nominatus
495 4159 547 4200 ests
575 4158 601 4198 et
627 4157 710 4212 postea
734 4158 848 4211 corrupto
879 4151 905 4196 in
925 4149 1036 4210 sequenti
1057 4147 1175 4206 carmine,
1197 4148 1269 4209 quale
1289 4157 1305 4192 s
1325 4143 1397 4214 livio

330 4216 431 4263 nomine
441 4216 510 4278 Sylla
519 4217 593 4277 coepit
603 4218 711 4263 vocitari.
879 4215 967 4262 editur.
1001 4213 1026 4260 si
1047 4214 1101 4261 bec
1128 4213 1215 4260 Graeco
1241 4221 1352 4261 sermone
1380 4221 1397 4256 ι

364 4281 396 4329 70
411 4281 518 4330 Alterius
531 4285 585 4343 port
602 4293 652 4327 rem
669 4278 757 4341 actam]
776 4280 845 4327 Alte·
878 4278 972 4325 Mercio
987 4277 1076 4340 scripta
1092 4279 1198 4330 tuasne.
1209 4282 1238 4325 ut
1254 4289 1312 4321 sane
1322 4274 1396 4320 ambo

330 4349 381 4396 rius
401 4348 516 4396 carminis
538 4353 592 4409 post
610 4359 662 4410 rem
683 4351 763 4392 actem
786 4343 845 4392 editi
877 4343 928 4392 hnc
948 4343 1066 4399 sennim,
1089 4341 1170 4404 qualia
1191 4341 1232 4388 hic
1252 4340 1395 4394 redientem,
