3036 4972
373 195 425 255 Li
435 195 468 254 B.
489 192 608 254 xxm.
633 193 737 254 CAP.
761 189 889 256 XXXV.
1102 200 1159 264 179

109 361 305 446 mitteretque
317 379 390 424 cum
412 357 556 444 imperio,
593 378 664 424 uem
686 355 747 442 ipsi
765 355 934 434 videretur,
949 355 1004 442 qui
1019 373 1086 422 rem
1101 375 1195 441 geu.
1208 375 1308 424 coare
1375 396 1380 406 .

109 460 195 526 reret,
212 446 319 534 quoad
337 439 464 513 Mucius
483 379 699 508 convelluisset.
744 443 798 507 Ad
811 465 881 508 enm
901 465 968 508 rem
986 445 1096 508 misem
1110 442 1195 510 esti·
1208 441 1302 489 ⁰²¹⁵·

111 533 148 598 T.
160 532 301 598 Manlius
316 531 506 618 Torquatus,
522 529 576 616 qui
590 530 638 594 bis
650 529 759 594 consul
768 551 879 594 censor
901 529 1065 606 uetuerat,
1082 530 1157 595 sub-

20 681 21 687 ,
84 631 275 706 restatque
289 619 322 682 in
337 615 503 682 consulatu
519 616 648 682 Sardos.
692 616 760 681 Sub
774 615 857 681 idem
877 551 941 682 lere
955 629 1078 701 tempus
1092 629 1157 682 eta
1242 655 1246 665 ι

21 756 22 778 ,
141 707 208 774 arth
253 707 306 768 ine
326 704 360 772 in
384 702 561 768 Sardiniam
584 703 690 767 classis
710 702 815 778 mnan,
836 701 918 768 duce
941 702 1156 779 Hasdrubale,

20 781 22 860 Ῐ
110 793 156 857 cui
183 791 232 856 Ca
246 813 285 854 vo
310 811 348 854 co
372 810 485 854 nomen
512 801 590 868 erat,
615 788 699 852 foeda
727 801 912 872 tempestate
934 802 1058 870 vexata,
1081 791 1157 855 ⁷⁰ed

110 879 247 944 Baliares
275 813 394 940 inaulita
421 875 566 960 dejicitur
574 885 598 940 Ρ.
626 873 733 960 ibique
758 874 851 958 (adeo
876 896 937 939 non
963 893 1158 941 armamenta

108 964 212 1038 modo,
228 962 284 1027 sed
298 962 392 1026 etiem
406 961 485 1026 alvei
509 961 635 1024 navium
649 960 785 1046 quassati
798 961 901 1041 erant)
915 961 1078 1026 subductae
1100 984 1157 1026 na·

108 1050 249 1116 verdum
265 1047 459 1123 reficiuntur,
475 1048 669 1132 aliquantum
684 1047 835 1129 temporis
849 1049 1013 1112 triverunt.

146 1135 299 1203 XXXV.
323 1135 362 1198 ln
377 1134 470 1198 Italia
481 1155 581 1220 quum
603 1143 676 1218 post
692 1131 890 1200 Cannensem
912 1153 1059 1218 pugnem,
1075 1132 1157 1198 frac-

107 1223 145 1288 tis
167 1223 269 1307 pertis
292 1221 420 1286 alterius
434 1221 564 1295 viribus,
587 1218 717 1284 alterius
739 1218 867 1284 mollitis
892 1219 1014 1296 animis,
1032 1221 1159 1307 segnius

13 1299 14 1333 r
107 1307 225 1374 bellurn
246 1319 342 1372 esset:
367 1305 522 1391 Campani
543 1328 600 1390 per
623 1328 655 1370 se
674 1304 776 1370 adorti
797 1317 872 1370 sunt
889 1327 956 1370 rem
981 1305 1158 1371 Cumanam

106 1417 171 1460 suae
185 1394 316 1458 ditionis
330 1392 447 1469 facere3
469 1392 575 1476 primo
590 1391 801 1468 sollicitantes,
817 1405 854 1456 ut
872 1394 912 1456 ab
936 1392 1089 1458 Romanis
1103 1392 1170 1458 de··

104 1479 248 1546 licerent.
270 1478 324 1544 ubi
348 1477 381 1543 id
404 1499 517 1563 parurn
538 1480 697 1562 processit,
720 1475 828 1545 dolum
853 1477 894 1542 ad
915 1480 1084 1561 capiendos
1107 1501 1161 1544 eoa

105 1580 306 1652 comparant.
352 1564 521 1649 Campanis
533 1563 681 1628 omnibus
698 1575 813 1630 statum
827 1563 1015 1630 sacrificium
1030 1565 1070 1630 ad
1088 1565 1161 1630 He·
1169 1587 1303 1647 campano.

105 1675 192 1720 mss.-
208 1676 248 1716 eo
267 1665 408 1716 senatum
434 1649 633 1736 Campanum
648 1663 814 1716 venturum
836 1651 984 1716 certiores
999 1651 1162 1718 Cumanos
1169 1665 1225 1728 ΨΜ
1236 1651 1307 1728 rson-

102 1739 266 1810 fecerunt:
288 1737 519 1822 petieruntque,
542 1748 628 1802 utet
650 1736 812 1802 Cumanus
832 1757 871 1802 eo
894 1749 1021 1802 senatus
1041 1723 1303 1830 veniretgffiss·

102 1825 148 1890 ad
171 1823 414 1890 consultandum
433 1823 651 1900 communiter,
667 1835 703 1888 ut
723 1823 849 1888 eosdem
872 1835 1005 1909 uterque
1026 1824 1162 1910 populus

101 1911 211 1976 socios
225 1909 391 1996 hostesque
404 1908 551 1975 haberet:
574 1909 757 1993 praesidium
779 1909 823 1974 ibi
842 1922 998 1974 armatum
1018 1933 1084 1976 sese
1105 1911 1163 1978 ha-

100 1998 241 2074 bituros,
256 2019 297 2061 ne
310 1994 388 2082 quid
401 1994 426 2040 ⁷¹
438 1993 478 2060 ab
497 1995 641 2064 Romano
656 1995 797 2060 Poenove
810 1995 943 2078 periculi
961 2009 1050 2062 esset.
1097 1998 1162 2063 Cu-

101 2084 194 2148 mani
211 2088 414 2168 (quamquam
430 2094 574 2166 suspecta
592 2081 676 2147 fraus
690 2083 771 2163 erat)
786 2081 867 2146 nihil
881 2081 1039 2159 abnuere3
1061 2083 1106 2147 ita
1116 2096 1163 2148 te·-

98 2170 136 2257 gi
165 2168 301 2236 ⁷²fallen
329 2168 494 2234 consilium
526 2187 617 2252 posse
645 2168 713 2236 rati.
764 2168 896 2233 Interim
926 2167 978 2232 Ti.
1014 2169 1163 2254 Sempro-

98 2259 302 2321 niusconsul
316 2255 479 2320 Romanus
495 2253 661 2334 Sinuessae,
676 2254 796 2341 quoad
811 2254 1062 2324 conveniendum
1078 2255 1163 2319 diem

98 2343 262 2419 edixerat,
276 2335 414 2408 exercitu
437 2340 582 2419 lustrato,
597 2352 807 2440 transgressus
819 2340 1012 2406 Vulturnum
1030 2341 1162 2420 flumen,

11 2477 12 2480 η
99 2430 192 2494 circa
208 2429 380 2508 Liternum
396 2440 499 2492 castra
511 2426 626 2510 posuit.
651 2425 712 2507 lbi,
728 2427 800 2513 quia
815 2425 917 2492 otiosa
930 2427 1045 2492 stativa
1062 2443 1162 2507 erant,

69 2553 72 2558 ·
99 2515 412 2578 crebrodecurrere
435 2512 549 2576 milites
573 2511 717 2599 cogebat,
743 2527 780 2578 ut
803 2513 920 2579 tirones
949 2517 999 2597 (ea
1028 2515 1165 2580 maxima

100 2616 181 2684 pars
204 2601 354 2670 volonum
374 2600 456 2681 eret)
471 2599 690 2675 adsuescerent
709 2599 798 2686 signa
820 2597 917 2685 sequi,
933 2612 965 2664 et
978 2599 1011 2664 in
1027 2601 1094 2666 acie
1108 2623 1164 2690 ag·

100 2709 239 2754 noscere
251 2685 377 2750 ordines
388 2707 470 2750 suos.
485 2684 511 2730 ⁷³
520 2685 602 2749 inter
615 2708 688 2770 quae
699 2685 842 2752 maxima
855 2686 976 2752 inerat*¹
991 2709 1067 2752 cura
1077 2687 1164 2766 duci,

100 2773 215 2860 itaque
237 2772 350 2860 legatis
375 2771 572 2857 tribunisque
592 2784 795 2857 praeceperat,
822 2794 861 2837 ne
885 2793 947 2858 qua
968 2775 1167 2857 exprobratio

101 2863 249 2946 cuiquam
263 2860 372 2923 ueteris
373 2856 517 2942 sortunoe
530 2860 713 2924 discordiam
728 2861 811 2926 inter
824 2861 948 2924 ordiner
960 2872 1093 2926 sereret:
1115 2884 1165 2926 ue·

102 2955 154 3014 tus
166 2948 256 3012 ,miles
269 2946 377 3021 tironi,
392 2945 471 3012 liber
484 2947 587 3010 uoloni
600 2965 661 3009 sese
671 2946 829 3028 eccequuri
841 2946 963 3010 sineret.
979 2951 1166 3014 omnesratis
1246 2995 1248 3013 r

313 3099 327 3140 r
342 3097 435 3160 ejicitm
445 3096 519 3143 Gron.
649 3100 662 3140 i
678 3097 732 3142 add.
744 3099 794 3142 tum
804 3095 879 3145 Gron.
891 3097 961 3146 Crev.
981 3127 985 3135 ·

139 3247 173 3294 70
189 3243 232 3292 Ar
252 3244 363 3292 Baleares
388 3243 475 3290 immor
502 3241 620 3305 drjtcttrrr]
686 3243 715 3291 tl
731 3241 883 3291 AtRomano
892 3243 1003 3308 Poenove]
1021 3247 1166 3295 Emendatio

107 3310 181 3358 Hanc
193 3311 341 3370 scripturam
360 3309 424 3358 solur
444 3307 548 3356 servavit
562 3308 621 3356 Vie-
653 3305 876 3367 ommutescere
894 3321 926 3356 ex
944 3311 1063 3370 scriptura
1080 3314 1167 3370 paulu-

106 3376 203 3424 torinus
226 3375 316 3422 codex:
343 3375 385 3420 sed
404 3375 489 3420 eodem
510 3373 622 3420 alludunt
653 3375 706 3424 lum
726 3373 860 3420 deformata
875 3375 929 3420 Put.
941 3373 1167 3422 mdiciaafflomu-

107 3441 190 3495 ceterl,
202 3440 245 3501 qui
263 3437 396 3498 praeierunt
412 3437 499 3483 dicitur
511 3437 624 3483 velduci·
654 3451 685 3484 πο
705 3451 794 3484 amour.
834 3437 902 3485 Editi
923 3443 995 3485 antea
1015 3439 1043 3486 al
1061 3439 1167 3488 Romano

107 3507 164 3550 tur.-
181 3511 207 3552 et
217 3505 284 3554 idem
295 3502 398 3550 verbum
416 3501 501 3548 aedem
512 3503 543 3548 de
553 3515 579 3548 re
587 3505 623 3548 et·
655 3515 719 3548 nono.

107 3568 194 3616 iamin
206 3571 279 3618 editis
295 3572 419 3613 retentum
428 3572 465 3612 est
475 3566 539 3612 intra
549 3581 571 3616 c.
583 3565 622 3614 to.
689 3566 719 3614 it
732 3565 843 3612 'Fallere
872 3566 1007 3629 remittant]
1045 3566 1168 3616 Fraudem

109 3633 199 3685 cussa
209 3631 440 3692 Punica-...que
447 3634 577 3690 tempestate
584 3631 622 3677 de·
653 3643 727 3691 quam
747 3637 772 3676 et
790 3631 837 3690 ipsi
855 3633 1035 3678 meditabantur
1053 3633 1169 3680 adversus

21 3718 23 3754 j
102 3698 208 3758 jectcod
215 3699 326 3744 Baleares
336 3697 394 3742 eret.
420 3695 622 3753 Vulgatihebent
654 3695 831 3740 fraudulentos.

108 3763 153 3809 hoe
171 3764 226 3809 loco
240 3762 341 3824 ejicitur.
375 3759 421 3806 Sed
431 3759 622 3821 ejirinaufrago·
688 3758 719 3805 73
742 3757 810 3805 Inter
829 3773 880 3819 quc
897 3761 1001 3806 marimo
1021 3761 1098 3808 tuerat
1119 3767 1170 3808 tum

108 3832 221 3882 marest,
234 3824 491 3874 utindeeantatoillo
508 3823 623 3886 orationis
654 3832 718 3870 cura·
732 3822 797 3884 duri]
826 3825 880 3870 Hoc
899 3825 962 3870 eruit
982 3825 1120 3874 Gronovius
1139 3839 1171 3874 ex

110 3904 152 3950 pro
166 3891 257 3940 Roscio
273 3889 348 3936 locor·
360 3887 423 3942 Quid
438 3891 488 3936 tam
498 3900 624 3942 conrnune,
655 3890 709 3936 Put.
718 3887 762 3948 qui
772 3889 883 3947 praefertr
903 3889 1183 3955 interquerrrcrcrnrarn·¹

112 3955 329 4016 quommdtttm
339 3953 425 4014 ejectis
451 3951 623 4014 Drjr'cidicun·
655 3957 705 4000 erat
723 3966 781 3998 curu
800 3966 859 3999 curo
873 3953 935 4000 duri·
969 3955 1066 4003 Interea
1082 3957 1108 4002 id
1119 3969 1172 4002 rna·

111 4025 149 4066 tur
163 4020 182 4066 ii
197 4021 240 4083 qui
258 4019 282 4066 vi
302 4018 453 4075 tempestatis
470 4022 624 4064 vertunture
655 4017 720 4064 xime
737 4018 836 4063 curabat
847 4017 907 4076 dux,
918 4019 988 4066 etita
998 4019 1084 4080 legaris
1094 4021 1172 4068 tribu·

112 4097 187 4146 curru,
204 4085 292 4134 autad
303 4081 475 4128 tenaminviti
493 4081 622 4140 impellun-
655 4082 741 4142 nisque
755 4089 955 4142 praeceperamus
975 4097 1024 4144 que
1043 4087 1173 4146 exprobra-

112 4153 155 4206 tus,
165 4155 361 4200 summramen
373 4159 405 4191 re
421 4147 495 4192 salve.
529 4145 568 4194 Sic
583 4159 623 4192 su·
656 4146 690 4193 tio
701 4146 788 4192 veteris
797 4146 902 4196 fortune
912 4148 1028 4208 cuiqnam
1044 4153 1109 4199 iacta
1122 4150 1172 4196 dia-

111 4225 149 4274 prs
164 4217 185 4262 ir
201 4215 280 4270 XXI.
298 4209 340 4258 49.
359 4223 411 4256 earn
427 4223 514 4270 quoquc
530 4210 625 4258 ciceron
656 4210 782 4258 cordiam.
795 4219 947 4259 ...sereret

111 4275 348 4344 adAEganstmias
359 4273 473 4334 dejtctum·
740 4345 760 4400 ρ

701 4357 724 4400 N
