3036 4972
360 218 362 227 ·
418 195 512 259 LIB.
534 191 662 258 xxut.
681 197 784 269 CAI'.
804 193 917 256 XLIX.
1146 201 1201 265 193

129 335 457 428 ‘massmannum
481 361 648 448 stragibus,
671 355 706 442 et'
723 359 766 426 ad
785 359 1010 428 ‘Trasimenum
1031 356 1148 440 lacum,
1170 371 1345 426 stacam.

140 447 182 514 ad
197 445 347 526 icaunae,
369 447 581 526 inmInutum3
607 458 707 530 tum‘,
733 449 788 534 qul
813 447 1013 532 superessent
1040 446 1146 532 pauci,
1175 442 1278 509 sit-⁰·
1290 442 1345 490 ²1&

140 534 308 620 multiplici
330 548 540 622 gravarentur
561 533 729 621 stipendio,
745 535 807 600 alia
824 534 981 618 perituros
995 544 1091 620 peste.
1135 531 1202 597 Ita·

141 643 212 708 qne,
243 620 339 684 ²¹nisi
367 621 432 685 lide
460 634 556 686 staret
584 622 769 708 respublica,
800 621 917 707 opibus
939 641 1005 684 nou
1038 629 1201 690 staturam.
1261 633 1264 639 '

141 707 374 774 Prodeundum
395 708 429 772 in
445 707 628 772 concionem
646 706 760 772 Fulvio
773 707 904 790 praetori
919 729 995 783 esse,
1017 704 1203 770 iudicandas

140 794 261 880 populo
282 788 426 880 publicas
448 795 656 872 necessitates,
672 793 956 880 cohortandosque,
973 791 1028 878 qui
1042 790 1203 856 ”radem-

142 881 222 946 turis
244 881 408 946 auxissent
430 881 632 965 patrimonia,
647 880 720 945 ¹lut
738 878 931 964 reipublicae,
947 901 987 942 ex
1005 899 1068 964 qua
1087 878 1203 943 crevis-

142 977 221 1044 sent,
243 967 285 1032 ad
316 979 440 1053 tempus
463 966 717 1043 commodas-enm
740 966 1014 1051 conducerentque
1036 963 1109 1029 ²⁴sa
1133 965 1204 1052 Iege

140 1053 325 1145 praebenda,
349 1074 422 1141 quae
446 1055 486 1119 ad
509 1053 680 1118 exercitum
705 1051 952 1138 Hispaniensem
978 1072 1058 1135 opus
1089 1065 1203 1128 esseut,

141 1153 187 1218 ut,
214 1161 313 1226 qnam
338 1141 475 1225 pecuma
500 1141 532 1203 in
560 1141 673 1204 aerario
697 1153 787 1216 esset,
810 1138 851 1203 iis
875 1138 985 1222 primis
1017 1135 1203 1202 solveretur.

140 1223 263 1292 ”Hoec
285 1239 404 1311 praetor
425 1221 628 1291 inconcione
648 1225 759 1302 edixit,
783 1247 847 1314 qua
860 1224 912 1289 dia
924 1223 1120 1300 vestimenta,
1137 1223 1203 1288 fru-

142 1324 295 1388 mentum,
314 1312 521 1400 Hispaniensi
536 1312 688 1378 exercitui
703 1311 885 1396 praebenda,
899 1331 1035 1398 quaeque
1045 1309 1108 1374 alia
1122 1333 1203 1396 opus

141 1415 242 1464 essem
255 1399 420 1464 naualibus
435 1399 537 1476 sociis,
552 1399 814 1464 easetlocaturus.
852 1432 855 1441 ‹

186 1485 314 1550 XLIX.
339 1485 403 1550 Ubi
426 1507 465 1550 ea
487 1485 553 1550 dies
575 1486 670 1561 venit,
695 1485 737 1549 ad
759 1483 1001 1549 conducendum
1021 1494 1085 1548 tres
1105 1483 1363 1558 socie-Privatam-

143 1583 221 1637 tates
235 1571 370 1636 aderant
388 1570 551 1636 hominum
576 1569 782 1658 undeviginti,
799 1591 935 1656 quorum
959 1570 1025 1634 duo
1046 1572 1204 1654 postulata
1211 1577 1364 1689 fflcffi

142 1657 248 1722 fuere:
272 1679 383 1734 unum,
394 1657 426 1710 ²⁶
434 1670 469 1722 ut
483 1657 599 1722 militia
609 1657 865 1733 vacarent'dum
889 1657 921 1720 iu
943 1679 981 1720 eo
1003 1655 1142 1741 publica
1155 1681 1334 1744 &minuera-

144 1755 230 1808 sent:
253 1743 397 1820 alterum,
413 1745 439 1788 ’ἵ
450 1758 496 1822 ut,
512 1766 584 1830 quae
605 1745 638 1808 in
656 1764 753 1808 naves
775 1743 993 1827 Inposuissent,
1009 1745 1050 1806 ab
1065 1744 1261 1808 bostiumtur.
1278 1815 1281 1822 ¹

144 1831 402 1916 tempestatisque
415 1831 446 1894 vi
468 1831 598 1917 publico
621 1829 762 1914 periculo
784 1842 897 1894 assant.
944 1827 1090 1916 Utroque
1105 1831 1205 1916 impe-

143 1929 239 1992 trato,
255 1915 487 1998 conduxerunt,
501 1918 696 2002 privataque·
708 1917 843 2002 pecunia
864 1915 1042 1999 respublica
1055 1915 1205 1982 adminis-

143 2014 226 2066 trata
240 2009 311 2068 ests
343 2001 390 2066 Hi
408 2023 519 2082 mores,
536 2025 635 2091 eaque
649 2005 762 2069 caritas
783 2002 894 2090 patrioe
916 2023 973 2086 per
995 2022 1104 2066 omnes
1118 2003 1204 2068 ordi·

565 2183 575 2210 ¹
591 2183 641 2228 tum
652 2175 701 2228 oet
711 2181 786 2229 Grau.

68 2351 80 2360 ·-
144 2327 242 2374 firmant
264 2330 358 2376 codices
377 2332 453 2378 nostri
472 2333 588 2392 plerique,
611 2333 657 2380 nisi
722 2332 753 2379 26
773 2332 806 2378 Ut
822 2331 907 2378 militia
925 2330 1043 2384 uocarent,
1062 2323 1118 2372 dum
1136 2324 1162 2372 ia
1179 2340 1205 2373 co

144 2393 208 2452 quod
227 2393 345 2440 omittunt
365 2400 424 2448 tum,
440 2397 504 2456 quod
524 2397 594 2452 facile
616 2398 657 2442 ab·
687 2397 777 2460 puldtcu
798 2395 881 2458 carent]
901 2395 962 2441 Ilaec
983 2390 1099 2442 Gronotll
1120 2403 1205 2458 emet!-

142 2457 234 2506 sorberi
249 2459 331 2517 potuit
341 2463 371 2506 ab
382 2461 470 2506 ultima
484 2461 577 2522 syllaba
593 2461 658 2507 vocis
690 2461 755 2509 datio
779 2473 828 2505 nou
855 2459 963 2505 muitum
985 2457 1036 2504 abit
1061 2457 1092 2502 ab
1117 2456 1206 2514 optimi

144 2521 304 2573 imminuitur·
345 2525 481 2572 Gronovius
506 2537 537 2572 ex
558 2527 658 2586 quibus-
690 2525 779 2573 codieis
796 2525 923 2584 scriptura.
955 2523 1040 2582 Longe
1050 2522 1124 2567 aliam
1135 2520 1206 2568 Valla

143 2586 201 2634 dam
221 2587 326 2646 scriptis,
345 2589 433 2648 quibus
453 2603 516 2641 unus
535 2603 548 2636 e
570 2590 659 2637 nostris
691 2593 793 2640 finxerat
811 2588 950 2642 lectionem,
969 2601 1042 2648 quam
1063 2586 1130 2646 prius
1146 2586 1206 2632 editi

142 2650 286 2708 assentitur,
299 2651 359 2712 legit
369 2667 422 2698 cum
434 2653 519 2715 iprum.
552 2653 598 2700 Sed
611 2669 657 2701 vox
690 2655 862 2719 praeferebant,
873 2657 902 2699 ae
917 2651 960 2698 atu
971 2652 1070 2698 trimma
1086 2663 1112 2706 eo
1126 2651 1205 2712 publi-

141 2725 196 2759 Μ
214 2720 278 2761 stare
297 2727 369 2775 posse
384 2731 437 2768 mon
457 2719 560 2776 videtur,
580 2732 658 2785 quum
689 2720 742 2768 cant
763 2721 842 2765 acar.
887 2715 985 2763 Publica
1006 2717 1131 2772 dicuntur,
1153 2715 1205 2762 siue

141 2783 305 2826 antmsermo
315 2781 389 2828 fuerit
405 2783 435 2830 de
451 2783 549 2837 tributo,
561 2784 611 2830 nou
627 2785 657 2834 de
689 2783 817 2843 uectigalia
835 2781 970 2834 sessurus
988 2780 1072 2841 populi
1089 2779 1204 2832 Romani,

141 2844 245 2888 nurnero
256 2845 433 2891 conferentium
445 2847 572 2896 tributum.
690 2863 746 2910 quae
765 2848 890 2894 inferenda
907 2845 992 2892 oecario
1006 2845 1117 2890 locantur
1126 2857 1142 2889 a
1152 2856 1205 2889 ma·

174 2905 205 2952 21
223 2906 339 2968 Nutflde
348 2911 567 2975 maerentum]
584 2911 656 2958 Fides
688 2912 837 2974 gisnatibus,
863 2909 966 2956 fruenda
993 2910 1163 2956 conducuntur
1190 2921 1206 2956 a
1295 2943 1298 2952 ,

141 2969 181 3016 ltic
200 2975 361 3034 proeoquod
372 2974 655 3024 Guttcedicuurerectr.
687 2976 847 3038 locupletibus
877 2979 902 3022 et
931 2974 1024 3022 idoneis
1056 2973 1205 3028 hominibus,

141 3032 199 3082 Nisi
225 3034 403 3088 concuteretur
426 3040 563 3100 respublica
584 3055 656 3102 pects·
688 3042 731 3104 qui
753 3039 810 3086 Inde
834 3038 952 3100 ,sublimat
973 3037 1144 3099 appellanturs
1169 3038 1205 3084 ita

138 3099 189 3146 niis
214 3103 343 3161 mutuatis,
370 3116 475 3163 quarum
510 3105 599 3152 solutio
629 3105 655 3152 in
688 3113 716 3153 ut
727 3105 854 3154 definitum
865 3105 907 3156 sit,
918 3102 978 3162 quid
997 3116 1043 3162 pro
1058 3101 1088 3146 iis
1099 3103 1204 3162 pendere

140 3165 249 3210 multum
261 3164 358 3226 tempus
368 3168 512 3215 (illiceretur.
687 3169 723 3216 illi
733 3171 837 3216 debeam
847 3167 946 3214 aeranor
964 3167 1015 3213 sire
1026 3179 1128 3212 munera
1146 3179 1203 3225 opre-

174 3228 207 3276 22
223 3227 399 3295 Redemptrtrir]
417 3233 654 3282 Redinsercesteon·
687 3248 744 3282 rare
765 3239 808 3280 aut
831 3232 969 3279 functiones
993 3245 1021 3276 ae
1049 3230 1204 3278 necessitates

139 3293 228 3340 ducere
247 3292 340 3354 aliquid
359 3296 507 3354 faciendum,
534 3301 571 3344 vel
593 3313 655 3359 prra-
687 3299 836 3359 retpublicae,
854 3304 913 3357 puta
933 3295 1019 3355 templi
1036 3290 1141 3354 alicujus
1160 3301 1203 3342 aut

139 3357 255 3404 undum·
296 3359 362 3406 IIinc
381 3361 519 3422 redemptor,
538 3365 579 3424 qui
598 3377 655 3409 con·
686 3365 767 3423 pontis
783 3360 949 3413 exaedificatio,
960 3359 1084 3406 frumenta
1103 3373 1131 3404 ao
1149 3372 1202 3405 ves·

120 3421 224 3469 'ducite
249 3421 406 3500 redemptura,
433 3429 568 3476 conductio.
609 3427 655 3482 Qut
686 3427 789 3474 timente
808 3426 934 3482 exercitui,
954 3438 1010 3484 quae
1034 3423 1144 3470 facienda
1161 3424 1202 3498 I‘l

138 3485 654 3616 ti‘tt‘cttbttt'fttttttuttt
684 3491 1145 3612 tutttttttttttttbtt

139 3615 238 3673 publica
248 3615 320 3663 ditati
331 3619 435 3665 fueraut.
652 3645 653 3648 =
685 3619 720 3665 ita
731 3627 758 3666 ut
769 3620 896 3666 delinitum
909 3619 950 3676 sit,
967 3617 1027 3678 quid
1040 3617 1066 3662 bi
1084 3616 1155 3676 pretii
1165 3618 1202 3663 lo-

172 3678 205 3726 23
224 3679 397 3741 Utrea'publicrc
413 3713 439 3730 ..
456 3687 543 3743 tmapru
555 3695 652 3730 murno·
685 3697 714 3730 co
727 3684 834 3744 accipere
850 3684 953 3728 debeant
969 3696 1000 3728 ex
1017 3682 1109 3730 temno.
1143 3679 1202 3728 Poa-

136 3741 230 3809 meent]
250 3745 283 3791 Ut
292 3749 427 3793 commodis
441 3747 580 3810 reipublice
597 3749 654 3794 hac-
686 3747 771 3794 teriore
795 3748 842 3794 boc
863 3760 936 3793 sensu
953 3746 1073 3808 publicum
1099 3746 1140 3792 bic
1163 3747 1202 3793 in·

136 3817 209 3854 uuus
236 3809 391 3865 inservirent,
415 3819 443 3857 ut
470 3827 518 3859 non
543 3812 653 3872 pecuniae
685 3813 774 3872 tellige.
813 3811 880 3858 Dum
900 3811 927 3856 tn
951 3825 976 3857 eo
995 3811 1089 3871 publico
1111 3816 1200 3858 emeat.-

136 3876 229 3930 tamen,
251 3875 295 3930 sed
322 3875 438 3935 temporie
461 3877 565 3936 gratiam
588 3877 654 3924 iace·
685 3877 803 3938 quamdiu
817 3877 886 3922 illam
902 3875 1061 3930 curationem,
1082 3881 1201 3936 tanquam

134 3942 198 3984 rent.
231 3938 300 3985 Male
310 3940 368 3986 olim
380 3941 651 4001 edebaturadtcmputr
684 3943 840 3988 conductores
867 3945 892 3986 at
917 3938 1051 4000 publicani,
1081 3948 1200 4000 gererent.

135 4003 334 4062 propositionem
343 4001 460 4066 abjiciunt
468 4019 553 4053 omnes
561 4007 651 4064 scripti.
686 4004 747 4051 Haec
760 4006 811 4052 fere
823 4005 968 4060 Gronovius,
980 4003 1079 4050 Observ.
1091 4005 1108 4052 I.
1122 4004 1166 4052 1v.
1177 4019 1199 4051 c.

170 4065 203 4114 24
217 4067 257 4114 Ea
273 4065 345 4132 'legul
375 4069 414 4116 Sic
427 4068 509 4118 'bena
530 4070 650 4130 Sigonius.
684 4068 724 4117 23.

134 4129 321 4192 Antmmkgc.
715 4133 746 4181 st
766 4134 809 4192 Ut,
826 4147 877 4194 quc
895 4136 921 4180 a'n
939 4145 1008 4179 naver
1025 4133 1197 4196 impmue'sccat]

167 4195 200 4243 25
214 4195 277 4244 Hoec
295 4201 385 4256 prator
402 4200 428 4245 ia
447 4199 551 4246 metune
565 4197 649 4257 edicit,
683 4197 724 4253 Ut,
736 4213 790 4258 que
805 4199 832 4244 in
848 4211 922 4245 naves
932 4197 1113 4258 imposuissent,
1124 4198 1146 4244 si
1156 4205 1200 4244 aut

133 4273 178 4322 qua
194 4261 346 4326 diclrl’lacet
361 4263 477 4310 Gronovii
495 4261 647 4326 conjecturas
681 4271 779 4324 propter
800 4264 914 4310 hostilem
933 4262 994 4320 vim,
1014 4267 1057 4308 aut
1075 4275 1119 4321 per
1137 4268 1199 4308 tem·

134 4323 194 4372 Haec
206 4330 299 4389 prator
318 4327 346 4373 ia
363 4328 476 4384 macione,
489 4329 649 4390 supple,pro·
682 4334 801 4389 pestatem
827 4327 984 4381 interiissent,
1009 4327 1054 4374 hoc
1078 4327 1198 4382 damnum

134 4392 275 4450 uunmarits
292 4391 411 4454 edixitque
421 4391 522 4456 quadie.
681 4395 816 4456 respublica
828 4394 968 4450 sustineret,
980 4405 1029 4437 non
1040 4391 1095 4450 Ipsi·

171 4476 245 4522 VOL·
263 4477 307 4524 II.
742 4477 764 4520 0
