3036 4972
219 216 221 226 ,
322 121 324 132 ”
364 179 420 260 rm
525 234 528 242 ,
759 168 871 232 rrnr
900 170 1036 236 nrvrr

161 417 168 426 .
203 343 233 392 ⁰·
242 345 270 394 c„
282 343 337 394 ⁵8⁷·
362 346 474 423 tosque
489 323 706 408 Macedonum
728 336 827 401 ictum
838 334 957 414 foedus,
971 334 1121 422 missique
1134 355 1207 402 cum
1222 333 1261 402 iis
1273 331 1350 400 ⁶6ad
1365 355 1415 399 ra·

201 407 347 536 232}ssssss
362 423 411 509 gis
425 423 523 508 ipsius
536 422 725 489 firmandam
746 421 841 488 fidem
863 421 969 507 legati,
987 421 1099 509 Gisgo,
1115 433 1147 488 et
1165 421 1323 498 Bostaret,
1340 419 1417 485 Ma-

202 539 332 585 norumaa
362 531 414 595 go,
431 509 541 573 eodem
557 508 598 572 ad
616 508 751 575 Junonis
768 508 918 585 Laciniae,
935 509 990 573 ubi
1013 509 1099 596 navis
1120 506 1243 572 occulta
1257 507 1290 571 in
1305 500 1417 572 statio·
1496 515 1499 522 '

201 602 353 669 Philippum.
361 617 403 660 ne
426 608 504 672 erat,
525 598 728 680 perveniunt:
751 594 825 662 inde
845 593 1102 680 profecti,'quum
1118 595 1185 679 jam
1206 589 1305 674 ditum
1328 605 1419 658 tene·

159 699 160 704 ’
362 692 445 757 tent,
461 683 620 765 conspecti
635 705 654 746 a
668 681 764 746 classe
777 682 922 746 Romana
933 695 1099 766 sunt,‚quae
1112 679 1262 765 praesidio
1272 691 1339 744 erat
1352 679 1417 744 Ca·

297 821 307 838 ,,
363 765 473 831 labriae
496 767 649 844 litoribus.
695 767 734 832 P.
747 767 889 832 Valerius
913 767 1045 834 Flaccus
1060 766 1240 853 ⁶⁷cercuros
1254 765 1296 830 ad
1310 787 1417 849 perse·

363 855 519 939 quendam
534 853 818 939 retrahendamque
837 872 946 918 navem
967 873 1065 938 quum
1085 852 1231 932 misisset,
1245 851 1350 935 primo
1365 851 1416 916 fu·

311 947 312 952 ’
363 961 438 1022 gere
462 940 540 1028 regii
568 940 688 1006 conati:
718 939 844 1020 deinde,
867 940 920 1002 ubi
942 939 1102 1004 celeritate
1126 937 1210 1001 vinci
1239 952 1416 1016 senserunt,

317 1043 319 1054 ’
363 1025 495 1102 tradunt
510 1049 543 1090 se
559 1026 721 1100 Romanis,
737 1038 769 1090 et
782 1025 823 1090 ad
837 1024 1019 1110 praefectum
1031 1021 1292 1090 classisadducti:
1315 1045 1416 1109 quum

363 1125 528 1197 quaereret,
545 1114 607 1196 qai,
623 1121 653 1175 et
666 1113 755 1187 cade,
771 1121 801 1176 et
822 1133 880 1196 qao
901 1113 1058 1176 tenderent
1077 1115 1217 1176 cursum?
1240 1109 1416 1194 Xenopha-

362 1219 417 1262 nes
433 1198 546 1282 primo,
563 1197 636 1260 satis
645 1197 711 1282 jam
725 1197 820 1260 semel
833 1195 918 1272 felix,
934 1194 1133 1261 mendacium
1151 1208 1281 1272 struere,
1297 1218 1318 1260 a
1334 1198 1415 1261 Plri-

336 1309 341 1321 “
361 1286 449 1366 lippo
462 1307 493 1348 se
503 1286 547 1346 ad
562 1283 712 1350 Romanos
722 1285 851 1363 missum,
866 1285 910 1348 ad
923 1284 972 1347 M.
991 1283 1159 1360 Valerium,
1172 1284 1216 1345 ad
1225 1303 1309 1366 quem
1323 1303 1417 1347 unum

363 1369 423 1444 iter
436 1369 650 1453 tammfaerit,
661 1371 844 1452 peruenisse.
891 1371 1092 1452 Campaniam
1106 1367 1254 1452 superare
1267 1371 1419 1452 nequisse,

361 1453 477 1537 septam
490 1455 618 1520 hostiam
635 1457 805 1538 praesidiis.
850 1453 985 1531 Deinde,
1001 1466 1037 1520 ut
1054 1452 1192 1520 Punicus
1206 1453 1309 1518 cultas
1323 1453 1415 1518 babi-

299 1589 302 1596 .
363 1553 476 1625 tueque
500 1551 659 1620 suspectos
679 1541 800 1626 legatos
821 1539 894 1606 fecit
916 1539 1118 1618 Hannibalis,
1142 1539 1416 1626 interrogatosque

363 1647 467 1690 sermo
489 1626 646 1711 prodidit:
669 1639 747 1704 tum,
774 1626 941 1699 comitibus
966 1649 1073 1693 eorum
1100 1625 1247 1705 seductis,
1269 1647 1306 1689 ac
1327 1639 1417 1690 metu

351 1712 490 1797 territis,
506 1712 606 1778 literae
620 1733 747 1799 quoque
761 1712 801 1777 ab
819 1713 1000 1780 Hannibale
1015 1711 1054 1778 ad
1067 1712 1249 1798 Philippum
1265 1713 1415 1790 inventas,

267 1831 270 1842 ·
327 1825 330 1842 ¹
362 1797 429 1862 ⁶⁸et
453 1811 563 1882 pacta¹¹
589 1799 670 1862 inter
691 1820 797 1886 regem
825 1798 1039 1865 Macedonum
1066 1799 1264 1885 Poenumque
1288 1797 1415 1863 ducem.

364 1881 491 1960 Quibus
513 1885 586 1950 setis
607 1884 752 1971 cognitis,
774 1908 794 1950 o
817 1885 929 1954 timum
947 1885 1046 1950 visum
1071 1898 1127 1961 est,
1150 1884 1291 1967 captivos
1315 1885 1417 1948 comi-

362 1979 471 2058 tesqua
481 1993 591 2036 eorum
614 1971 748 2040 Romam
763 1995 783 2036 a
816 1983 969 2047 senatum,
981 1985 1036 2036 aut
1050 1971 1089 2046 ad
1104 1969 1255 2046 consules,
1271 1968 1418 2034 ubicum-

333 2067 334 2079 ’
362 2079 424 2143 que
434 2073 545 2133 essent,
558 2078 653 2144 quern
664 2058 800 2141 primum
810 2057 989 2141 deportarer
1001 2057 1083 2121 adid
1093 2056 1263 2144 celerrimae
1275 2057 1422 2142 quinque

363 2165 455 2208 naves
470 2143 610 2221 delectae,
627 2165 663 2208 ac
679 2143 721 2208 Lo*
730 2145 872 2208 Valerius
884 2144 1010 2218 Antias,
1032 2143 1092 2230 qui*
1109 2154 1265 2227 praeesset,
1283 2142 1416 2206 missus:

307 2254 321 2283 ¹-
361 2230 452 2316 eique
466 2230 660 2306 mandatum,
678 2242 713 2292 ut
726 2228 759 2294 in
775 2251 883 2294 ornnes
895 2251 988 2296 naves
1001 2227 1119 2315 legatos
1130 2227 1296 2314 separatim
1308 2241 1417 2292 custo-

245 2369 248 2378 ,
290 2383 296 2404 Ι
361 2315 493 2382 diendos
508 2315 669 2392 divideret,
685 2315 836 2402 daretque
847 2337 985 2402 operam,
1001 2335 1041 2380 ne
1055 2313 1141 2415 quod
1156 2315 1194 2378 iis
1208 2313 1417 2400 conloquium

277 2415 281 2422 '
361 2402 444 2482 inter
458 2425 502 2478 se,
518 2423 599 2471 neve
613 2424 686 2488 quae
700 2401 949 2470 communicatio,
965 2400 1088 2466 consilli
1110 2411 1199 2478 esset.
1245 2399 1417 2465 Paridem

362 2500 485 2572 tempus
502 2488 616 2554 Romae
631 2509 729 2574 quum
753 2488 792 2552 Α.
810 2487 977 2554 Cornelias
1001 2484 1189 2563 Mammula,
1205 2507 1246 2550 ex
1266 2485 1418 2552 Sardinia

362 2573 524 2657 provincia
539 2573 703 2652 decedens,
719 2573 884 2651 retulisset,
900 2574 960 2660 qui
970 2584 1067 2638 status
1080 2593 1187 2637 rerum
1202 2573 1235 2636 in
1250 2571 1353 2637 insula
1367 2595 1417 2636 es-

361 2673 420 2742 set,
442 2657 559 2724 bellum
584 2681 621 2723 ac
648 2659 854 2748 defectionem
877 2681 986 2724 omnes
1008 2671 1165 2743 spectare3
1189 2655 1232 2734 Q.
1254 2657 1416 2735 Mucium,

361 2743 416 2834 qui
442 2746 634 2810 successisset
659 2744 727 2823 sibi,
743 2746 899 2832 gravitate
925 2745 996 2812 coeli
1013 2767 1232 2830 aquarumque
1246 2743 1418 2808 advenien-

362 2845 425 2898 tem
450 2848 628 2916 exceptum,
657 2853 728 2896 non.
749 2843 813 2896 tarn
843 2833 874 2895 in
902 2830 1121 2916 periculosum,
1149 2852 1244 2915 quem
1268 2829 1415 2917 lmrgum‚

361 2917 509 2996 morbum
531 2917 718 3002 inplicitum,
734 2917 789 2982 diu
809 2917 852 2998 ad·
865 2917 937 2984 belli
952 2917 1015 2981 vim
1037 2915 1251 2982 sustinendam
1272 2916 1418 2980 inutilem

361 3003 718 3090 fore,⁶⁹exercitumque
738 3005 783 3070 ibi
809 3019 844 3069 ut
867 3006 942 3070 satis
957 3003 1084 3068 firmum
1105 3013 1227 3088 pacatae
1242 3001 1418 3085 provinciae

360 3090 529 3174 praesidio⁰
543 3111 617 3166 esse,
628 3089 681 3154 ‘ita'
696 3113 808 3174 parurn
830 3090 923 3166 bello,
940 3089 1026 3175 quod
1041 3102 1163 3170 motum
1184 3088 1225 3151 iri
1238 3087 1418 3152 videretur:

361 3179 566 3242 decreverunt
591 3177 709 3254 Patres,
733 3191 768 3243 ut
791 3177 833 3254 Q,
852 3177 981 3242 Fulvius
1003 3176 1134 3240 Flaccus
1154 3177 1294 3262 quinque
1316 3174 1420 3240 millia

360 3263 514 3364 peditum,
530 3262 777 3352 quadringentos
799 3264 918 3350 equites
933 3258 1097 3338 scriberet,
1109 3283 1241 3346 earnque
1256 3261 1417 3348 legionem

340 3372 467 3440 pruno
485 3371 611 3436 quoque
634 3364 777 3434 tempore
792 3350 823 3414 in
842 3349 1019 3414 Sardiniam
1044 3346 1258 3434 trajiciendum
1280 3360 1418 3424 curaret,

366 3465 370 3480 r
442 3448 451 3487 Ι
520 3455 522 3462 ⁴

469 3509 797 3604 ¹¹udalpmisGromtlrev.
880 3571 885 3576 ,
936 3527 949 3555 ⁰
960 3521 1097 3584 mendici.
1103 3520 1228 3582 presidem
1239 3519 1308 3578 daed.

393 3673 493 3722 dd'Ad
510 3675 573 3734 regis
593 3675 667 3734 ipsius
680 3675 825 3734 firmandam
839 3677 873 3736 jl-
906 3675 964 3722 via.
976 3675 1084 3721 Martinii
1096 3673 1178 3720 Lexic.

360 3739 424 3802 deta]
446 3740 484 3784 Ad
501 3739 645 3785 firmandam
661 3740 800 3786 societatem
817 3741 873 3799 fide,
937 3740 969 3786 68
985 3739 1019 3785 Et
1035 3743 1105 3800 pacta
1117 3739 1185 3798 picis
1203 3735 1277 3798 irater]
1296 3735 1336 3782 Sic
1351 3737 1421 3783 dedit

294 3815 297 3824 ’
361 3800 562 3864 seu,juramento
580 3803 656 3862 ipsius
674 3804 745 3863 regis.
779 3803 872 3852 Eodem
905 3805 1145 3863 Gronovius,quum
1165 3801 1422 3850 Psammetichus

360 3867 412 3914 fere
423 3865 571 3912 modoinfra
588 3867 706 3914 XXXII.
725 3865 763 3914 40.
774 3869 873 3927 firmato
905 3873 1010 3930 etpactoe
1026 3873 1048 3914 et
1062 3868 1218 3930 pateinter.
1249 3863 1421 3924 Nobisplace-

355 3927 476 3992 prasidio,
485 3929 564 3984 idest,
573 3945 649 3990 quum
661 3933 780 3980 firmasset
788 3936 873 3982 urbem
905 3940 942 3980 ret
952 3933 1030 3992 magis
1040 3947 1098 3980 cum
1113 3931 1197 3980 ceteris
1213 3930 1333 3990 plerisque
1344 3931 1423 3990 scrip-

360 3993 482 4056 praesidio.
906 3999 937 4044 tis
950 3998 1062 4056 legerent
1074 4001 1144 4058 pacta
1154 3997 1224 4050 inter,
1235 3995 1284 4052 vel,
1296 3995 1423 4054 quomodo

394 4059 426 4105 67
436 4057 559 4121 Cercuror]
569 4059 686 4108 Cercurus
693 4066 744 4108 erat
750 4074 873 4122 genuens-
906 4075 969 4108 unus
981 4075 994 4106 e
1006 4063 1103 4118 nostris,
1112 4065 1135 4108 et
1141 4061 1287 4123 pasta-teges
1297 4059 1369 4106 ama.

361 4123 419 4184 vigit
431 4123 519 4170 velocis
532 4132 557 4170 ct
568 4123 647 4171 brevis
658 4139 714 4172 cum
730 4127 803 4186 longe
813 4139 873 4185 pap·
923 4158 926 4164 ,
938 4125 969 4172 69
985 4115 1140 4176 Eea‘dtam·
1150 4155 1173 4174 .·
1185 4123 1328 4186 ‚mordacia
1334 4124 1424 4184 pmi-

361 4187 394 4248 pi.
428 4186 874 4237 NomeneivideturinditumaCor·
905 4188 969 4252 dem]
985 4191 1079 4240 Eodem
1102 4192 1175 4240 modo
1192 4187 1427 4249 loquiturtivius,

360 4265 418 4312 cyra
435 4252 524 4308 insula,
542 4269 597 4315 quse
609 4255 700 4300 Graecis
712 4252 820 4320 Καρίῃ,
832 4255 875 4302 ubi
906 4253 971 4302 inira
981 4269 1001 4300 c.
1017 4255 1058 4306 48.
1068 4255 1179 4317 presidet
1193 4254 1372 4316 pmtsctaram
1382 4266 1425 4300 es·

360 4315 815 4379 fortasseillanavigiiformainventa
830 4325 874 4366 est.
906 4321 1000 4367 eruitur.
1371 4319 1373 4332 '
