3122 4962
518 478 577 579 u.
628 473 830 578 nruu
879 395 1269 580 rnunurur

665 701 870 786 LIBER
907 699 1094 784 XXVII.

782 931 978 978 ¹⁸⁸0·-

193 1130 222 1177 u.
234 1127 261 1175 c.
273 1125 330 1176 sia.
356 1088 451 1170 ch
467 1116 565 1169 status
580 1125 686 1168 rerum
706 1103 876 1206 Hispaniae
890 1117 968 1174 erat.
1013 1106 1052 1172 ln
1076 1106 1170 1172 ltalia
1190 1104 1301 1170 consul
1324 1103 1417 1170 Mar-

186 1195 223 1243 Ἇ·
235 1193 262 1240 ⁰·
273 1191 329 1240 ²¹⁰·
354 1190 464 1273 celius,
481 1190 608 1274 Salapia
621 1211 678 1276 per
689 1191 902 1277 proditionem
916 1207 1050 1280 recepta,
1068 1192 1256 1258 Maroneam
1269 1205 1301 1256 et
1313 1189 1418 1256 Meles

192 1259 338 1370 33:352,
355 1277 396 1358 ἀρ
413 1277 607 1343 samnitibus
623 1276 653 1340 vr
668 1278 761 1363 apra
807 1279 859 1344 aa
876 1280 938 1345 aaa
954 1280 1052 1344 mun
1076 1279 1211 1344 arritum
1225 1277 1271 1342 ua
1286 1277 1418 1342 Hanu-

193 1390 330 1448 uacaptae.
355 1363 445 1442 b'alis,
463 1386 534 1448 quae
556 1361 696 1447 praesidii
718 1385 829 1430 caussa
850 1363 959 1432 relicta
979 1377 1080 1444 eraut,
1096 1365 1253 1468 obpressa
1300 1363 1419 1429 Praeda

358 1455 403 1536 (et
418 1450 610 1538 aliquantum
626 1450 693 1536 ejus
708 1449 781 1532 fuit)
796 1451 888 1516 militi
903 1475 1060 1518 concessa.
1083 1451 1178 1517 tritrci
1215 1473 1320 1538 uoque
1334 1450 1419 1514 ¹du·

357 1551 450 1603 centa
472 1536 683 1638 quadraginta
697 1535 798 1602 millia
820 1539 976 1620 modidm,
992 1555 1023 1604 et
1038 1553 1164 1603 centum
1188 1475 1296 1603 decem
1318 1535 1420 1601 millia

247 1651 250 1678 ι
357 1623 471 1688 hordei
485 1635 622 1687 muenia.
661 1623 810 1689 Ceterum
826 1637 1024 1714 nequaquam
1040 1625 1116 1690 inde
1127 1637 1251 1690 tanturn
1263 1623 1419 1712 gaudium

357 1709 426 1788 suit,
465 1722 561 1776 uanta
575 1708 679 1775 clades
699 1709 783 1775 intra
805 1733 923 1796 paucos
938 1713 1005 1776 dies
1019 1733 1092 1777 acce
1115 1725 1148 1776 ta
1162 1725 1218 1789 est,
1233 1709 1320 1776 haud
1343 1731 1420 1796 pro-

358 1794 451 1862 cula
492 1795 671 1862 'Herdonea
693 1797 782 1862 urbe.
827 1797 941 1864 Castra
954 1799 999 1864 ibi
1014 1797 1076 1865 Cn.
1093 1734 1225 1864 luivius
1248 1796 1418 1882 proconsul

358 1883 507 1961 habebat,
524 1905 579 1968 spe
605 1881 793 1975 recipiendas
819 1881 1015 1964 Herdonea,
1031 1907 1103 1972 quae
1126 1897 1198 1971 post
1218 1883 1420 1950 Cannensem

358 1969 479 2036 cladem
494 1969 535 2034 ab
552 1969 707 2034 Romanis
721 1967 889 2049 defecerat,
904 1994 963 2036 uec
976 1972 1048 2036 loco
1059 1972 1133 2036 satis
1147 1983 1217 2036 tuto
1230 1971 1345 2057 posita,
1361 1991 1422 2035 nec

358 2056 515 2144 praesidiis
538 2055 654 2122 limata.
701 2055 751 2122 Ne
774 2055 945 2146 legentium
967 2057 1090 2123 insitam
1113 2059 1243 2146 iugenio
1257 2057 1347 2122 ducis
1362 2079 1420 2122 au·

353 2144 455 2234 'gebat
468 2165 538 2230 spes
553 2167 599 2221 ea,
616 2143 703 2230 quod
723 2081 831 2210 labare
845 2143 882 2208 iis
896 2144 1044 2210 aduersus
1070 2143 1205 2209 Poenum
1230 2143 1325 2209 fidem
1349 2165 1422 2208 sen·

358 2243 647 2382 sefatff⁰⁵lq⁰⁸m2
666 2229 794 2313 Salapia
806 2232 930 2312 amissa,
945 2231 1112 2296 excessisse
1122 2229 1172 2295 his
1184 2229 1262 2295 locis
1275 2231 1308 2293 in
1322 2229 1422 2294 Brut·

359 2317 419 2384 tios
482 2316 683 2381 annrbalem¹
703 2315 848 2382 auditum
870 2332 925 2382 est.
971 2317 1019 2382 Ea
1034 2318 1151 2394 omnia,
1168 2320 1208 2380 ab
1225 2315 1422 2381 Herdon'ea'²

196 2405 321 2476 Hannibal
359 2427 417 2492 per
432 2403 573 2468 occultos
592 2403 726 2469 nuncios
747 2403 852 2469 delata
875 2403 1063 2482 Hannibali,
1080 2403 1180 2484 simul,
1193 2425 1303 2468 curam
1325 2401 1422 2468 sociae

196 2495 228 2540 *d
243 2495 335 2539 uersa
360 2490 535 2556 retinendae
550 2490 646 2567 urbis,
662 2503 694 2555 et
711 2512 799 2576 spem
820 2489 924 2556 iecere
943 2491 1104 2555 incautum
1127 2489 1250 2555 bostem
1275 2489 1424 2578 adgredi·

198 2559 327 2670 23¹3ss
361 2577 446 2641 endi.
479 2577 618 2640 exercitu
644 2577 801 2662 expedito,
828 2577 872 2642 ita
897 2590 933 2642 ut
957 2576 1071 2641 famam
1096 2599 1196 2662 prope
1221 2577 1422 2660 praeveniret,

197 2687 281 2736 amar.
361 2663 485 2750 magnis
499 2662 664 2726 itineribus
679 2664 718 2727 ad
735 2662 937 2728 Herdoneam
954 2661 1128 2741 contendit,
1143 2674 1185 2744 ct,
1224 2686 1265 2727 uo
1276 2662 1347 2750 plus
1360 2676 1424 2726 ter·

361 2752 442 2816 roris
467 2749 552 2814 hosti
579 2747 738 2834 objiceret,
756 2751 822 2812 acie
847 2750 1001 2814 instructa
1022 2750 1162 2816 accessit.
1238 2773 1272 2812 ar
1290 2748 1425 2814 audacia

307 2861 309 2866 ’
365 2835 541 2915 Romanus,
556 2835 688 2900 consilio
713 2850 744 2899 ct
767 2835 886 2900 viribus
907 2837 1009 2920 inpar,
1029 2837 1127 2922 copiis
1150 2837 1265 2922 raptim
1290 2836 1422 2912 eductis,

362 2923 516 2990 conflixit.
539 2922 649 3009 quinta
671 2921 700 2986 le
723 2922 754 2986 io
775 2935 807 2987 et
827 2922 976 2987 ’sinistra
1000 2921 1050 2987 ala
1074 2923 1187 2987 acriter
1205 2943 1347 3008 pugnam
1363 2923 1425 2985 ini-

363 3025 465 3074 erunt.
512 3009 662 3072 Ceterum
718 3009 856 3088 annibal,
873 3011 965 3096 siguo
987 3009 1144 3096 equitibus
1158 3008 1244 3089 dato,
1263 3021 1307 3086 ut,
1325 3028 1426 3096 quum

362 3095 521 3182 pedestres
537 3095 618 3160 acies
632 3109 840 3197 occupassent
861 3097 1009 3180 praesenti
1030 3097 1202 3160 certamine
1224 3094 1334 3160 oculos
1356 3095 1426 3159 ani-

364 3204 506 3268 mosque,
522 3184 736 3264 circumvecti,
750 3204 822 3267 pars
833 3195 936 3248 castra
946 3182 1096 3260 hostium,
1112 3195 1186 3267 pars
1199 3179 1313 3268 ³terga
1327 3183 1426 3268 trepi—
1538 3231 1546 3250 u

363 3267 528 3336 dantium‘
541 3268 737 3350 invaderent,
752 3269 819 3353 ipse
840 3267 874 3332 in
898 3267 1003 3333 Fulvii
1025 3267 1261 3333 similitudinem
1276 3268 1427 3346 nominis,

364 3355 452 3444 quod
468 3356 528 3421 Cn.
544 3355 691 3421 Fuluium
710 3367 879 3440 praetorem
894 3355 1023 3420 biennio
1036 3369 1111 3419 ante
1124 3355 1157 3420 iu
1173 3354 1283 3419 iisdem
1299 3354 1427 3421 device·

364 3457 415 3508 rat
434 3442 521 3522 locis,
544 3444 720 3528 increpans,
743 3441 877 3506 similem
896 3455 1043 3508 eventum
1066 3463 1183 3530 pugnae
1197 3439 1265 3506 iore
1280 3440 1429 3506 adfirma-

364 3529 430 3596 bat.
475 3525 589 3616 Neque
602 3552 640 3594 ca
654 3551 724 3614 spes
739 3549 821 3593 vana
840 3527 910 3594 fuit.
932 3551 1018 3609 nam,
1034 3550 1133 3615 quum
1156 3527 1299 3594 cominus
1314 3527 1382 3594 acie
1396 3542 1428 3594 et

397 3686 409 3714 ²
424 3681 582 3732 Haaaiiairm
593 3681 619 3728 ia
629 3682 739 3730 Braiir'cr
749 3681 825 3728 Gran.
837 3682 910 3730 Creu.
1019 3677 1033 3717 b
1049 3681 1086 3728 Ali
1096 3681 1220 3730 Herdonea
1230 3696 1258 3730 ra
1268 3684 1347 3730 rania
1358 3683 1427 3732 lina

364 3749 376 3778 θ
390 3747 549 3810 pugnantiam
561 3745 629 3798 Creu,

401 3877 539 3924 lDrrcerrta
558 3874 716 3937 qwdragirria
733 3877 812 3923 miliia
834 3890 882 3922 mo-
914 3885 939 3926 te
962 3879 1121 3926 Gmnouium.
1160 3877 1321 3939 Scripsisse
1342 3869 1431 3941 appug-

366 3941 445 4003 dirim]
465 3941 543 3988 Modii
555 3941 700 3988 Parisienses
712 3941 815 3988 185000.
824 3941 883 3988 Cau·
915 3945 1029 3990 nasutium.
1072 3945 1128 3991 Put.
1155 3944 1327 4004 oppidantium.
1369 3945 1430 3992 Inda

367 4012 418 4054 tam
436 4006 513 4052 &orm
531 4006 686 4060 militarunt
705 4006 782 4052 modii
797 4005 883 4052 itidem
915 4009 1051 4056 Gronovius
1062 4010 1174 4056 effecerat
1185 4009 1359 4070 trepidantium
1383 4008 1430 4056 Sed

367 4077 487 4118 nostrates
497 4072 571 4130 paulo
582 4071 665 4118 minus
675 4069 763 4118 84792.
789 4077 791 4082 '
916 4071 944 4120 ei
953 4073 1069 4134 trepidare
1079 4073 1125 4120 etsi
1136 4086 1184 4119 non
1196 4080 1433 4134 sempaeommest
1543 4055 1544 4125 l

400 4135 415 4183 2
433 4135 538 4184 Sinistra
564 4135 614 4198 aia]
652 4135 764 4195 intellige
791 4133 884 4194 perlitas
916 4137 958 4197 qni
977 4144 1076 4196 pauent,
1089 4151 1185 4197 semper
1203 4145 1269 4185 carte
1285 4137 1378 4199 aliquid
1396 4139 1433 4185 ln·

367 4200 452 4248 socios.
486 4199 541 4248 Viri.
559 4207 610 4248 not.
627 4201 665 4250 22.
683 4201 715 4247 ad
733 4201 750 4248 l.
768 4198 852 4248 XXV.
861 4213 885 4249 c.
915 4201 1044 4261 compositi
1060 4203 1181 4250 tumultus
1198 4207 1275 4258 notat,
1288 4199 1361 4265 cajus
1377 4205 1431 4250 nul-

367 4265 408 4314 21.
916 4267 970 4314 lum
984 4267 1173 4328 hiavertigr'um.
1207 4267 1294 4328 Itaque
1306 4267 1430 4328 vulgatam

398 4329 417 4376 3
437 4329 513 4390 Targa
527 4327 701 4391 pugnantium}
720 4329 759 4376 Sic
770 4329 829 4378 editi
840 4342 883 4376 an·
916 4331 1046 4378 lectionem
1057 4331 1231 4380 revocavimus.
