3122 4962
392 166 450 222 88!
691 205 696 212 .
786 157 899 220 ΤΙΤΙ
929 154 1065 223 utun

228 340 366 389 mensa
390 321 773 402 emeanscdiiononos,
796 321 905 387 “inde
913 323 1204 402 niundos,indein
1218 324 1461 410 coloniamque

227 409 258 456 Α·
270 407 297 472 p.
308 404 366 456 ²⁰⁹·
390 411 425 474 in
439 433 547 496 ayunt
561 409 639 474 bello
648 419 769 492 captum
780 410 888 492 stirpis
902 411 1053 494 ammte
1065 430 1172 474 caussa
1187 411 1311 476 mimos.-
1333 433 1403 496 qua
1416 414 1459 474 ti-

387 497 455 560 beri
460 497 643 580 parentibm
653 496 804 573 deberent,
814 517 851 560 ra
863 497 933 560 illos
944 497 1094 561 manis
1104 495 1219 574 delere,
1230 497 1332 560 nullo
1338 500 1457 579 pietas,

387 585 417 648 si
430 586 574 648 macario
589 586 727 666 antiquar
736 583 856 664 patriae
868 591 952 646 esset.
998 583 1197 646 consulerent
1211 584 1310 667 igitur
1322 585 1362 648 de
1376 586 1458 648 inte-

384 691 458 771 gro.
465 690 559 770 tuam,
573 679 636 770 tunc
651 669 769 753 quidem
785 670 1162 770 quoetcnceretagitassent,
1178 691 1215 732 ea
1225 671 1384 751 prodendi
1398 671 1457 734 inc-

381 754 1456 928 tlttttt‘t':titltttitttt‘z‘ttttttttgl?itti:

388 929 470 1012 quod
493 929 610 992 domurn
633 931 859 1004 renunciarent,
881 927 1002 1005 labne,
1024 926 1183 1004 dixerunt,
1204 949 1300 1012 neque
1317 939 1457 994 sendum

387 1035 482 1092 naum,
494 1017 571 1099 quid
578 1016 651 1080 noui
660 1017 835 1090 consuleret,
850 1013 1141 1098 minantesque·
1154 1017 1316 1099 legeretur,
1331 1037 1385 1080 nec
1393 1038 1454 1100 pe-

387 1103 490 1180 cunia,
501 1122 570 1186 quae
583 1104 711 1164 daretur
722 1103 755 1163 in
766 1101 962 1182 stipendium,
971 1110 1056 1164 esset.
1088 1099 1198 1176 Quum
1212 1100 1389 1166 obstinatos
1399 1125 1455 1168 eos

388 1187 531 1253 viderent
545 1186 699 1262 eonsules,
713 1208 780 1250 rem
794 1186 835 1249 ad
851 1199 992 1250 senatum
1004 1185 1196 1251 detulerunt.
1212 1185 1267 1250 ubi
1278 1199 1384 1252 tantus
1396 1211 1454 1273 pn·

386 1273 597 1340 vorssanimis
606 1274 749 1339 omnium
760 1285 807 1336 est
819 1271 961 1358 injectus,
974 1286 1132 1360 utmagne
1143 1283 1333 1352 perauctum
1345 1277 1453 1345 deim-

381 1363 486 1444 perio,
498 1359 624 1424 diceret.
636 1361 714 1423 idem
724 1361 807 1422 olias
815 1361 1117 1444 comniossocturam
1136 1361 1214 1423 idem
1224 1362 1453 1426 sociosconsen·

386 1449 461 1511 sisse
474 1468 583 1522 omnus,
596 1448 640 1508 od
647 1447 841 1528 prodendam
857 1446 1033 1510 Hannibali
1045 1447 1146 1509 urbem
1162 1447 1343 1512 Romanam.

433 1532 478 1596 X.
503 1531 657 1596 Consules
672 1532 793 1596 hortari
805 1546 836 1596 et
850 1531 1006 1596 consolari
1017 1545 1172 1609 senatum,
1184 1543 1216 1596 et
1229 1531 1344 1609 dicere,
1358 1535 1453 1600 Alios
1471 1559 1473 1563 ·

386 1621 523 1684 colonias
534 1619 566 1682 in
572 1619 641 1699 fide
651 1627 743 1703 atquc
749 1619 1082 1706 efficiopristinofiore,
1092 1641 1144 1684 ros
1152 1641 1268 1704 quoque
1276 1622 1371 1703 ipsas,
1383 1643 1453 1706 quer

387 1706 488 1794 ffl'uio
502 1707 705 1782 decessissent,
727 1707 756 1770 ai
776 1707 874 1789 legati
891 1707 975 1768 circe
991 1727 1043 1768 eos
1056 1707 1193 1771 colonias
1206 1707 1380 1784 mittantur,
1397 1710 1453 1792 qui

383 1794 546 1878 castigent,
562 1814 623 1856 non
638 1794 710 1876 qni·
725 1801 901 1874 precentur,
917 1793 1127 1856 uerecundiam
1148 1793 1272 1876 imperii
1289 1793 1453 1860 lcalituras

385 1900 455 1944 esse.
495 1878 687 1944 Permissum
702 1878 744 1944 ab
757 1889 867 1944 senatu
877 1877 914 1942 iis
923 1899 1020 1964 quum
1036 1891 1126 1956 esset,
1140 1890 1280 1961 agerent,
1295 1875 1451 1944 iacerent·

386 1987 459 2050 que,
476 1977 511 2030 ut
524 1988 543 2029 e
556 1963 721 2050 republica
742 1963 912 2040 ducenum
934 1967 1119 2049 pertentatis
1139 1965 1228 2052 priua
1246 1963 1380 2031 aliarum
1396 1989 1451 2030 co·

386 2050 544 2118 Iuniarum
567 2053 689 2127 animis,
705 2051 882 2122 citaverunt
902 2050 1031 2139 legatos,
1047 2051 1322 2139 quaesiveruntque
1342 2052 1448 2132 abiis,

384 2141 495 2224 ecquid
515 2141 627 2204 milites
641 2137 714 2201 ⁴'ec
722 2139 866 2223 formula
886 2148 1018 2221 paratos
1041 2139 1210 2203 merent?
1235 2138 1301 2204 Pro
1325 2138 1449 2205 duode-

225 2237 335 2316 aetiflue
350 2226 496 2316 inmginti
512 2226 645 2292 coloniis
661 2222 712 2289 M.
729 2223 881 2290 Sextilius
895 2223 1096 2312 Fregellanus
1117 2225 1295 2311 respondit:
1319 2237 1351 2290 ct
1365 2229 1450 2290 rnili-

221 2303 429 2379 ⁰fl⁰¹⁰⁸¹¹¹¹ltec
442 2336 481 2378 ea
493 2314 636 2398 formula
656 2321 790 2395 puratos
815 2332 897 2376 osse.-
919 2321 959 2386 ct,
975 2313 1005 2376 si
1014 2311 1157 2394 pluribscs
1178 2333 1253 2394 opus
1277 2323 1363 2390 esset,
1372 2315 1449 2396 plu·

382 2423 432 2466 res
457 2402 604 2464 daturos.-
634 2408 674 2476 ct,
698 2399 849 2482 quidquid
871 2399 961 2464 aliud
985 2399 1151 2482 inperaret
1177 2400 1324 2484 uelletque
1348 2421 1449 2482 popic-

381 2489 429 2550 lus
445 2486 610 2563 Romarm,
623 2488 706 2550 cnise
706 2486 863 2570 facturos.
886 2487 930 2548 ad
942 2487 979 2548 id
989 2485 1051 2550 sibi
1064 2507 1159 2569 neque
1169 2507 1240 2568 opes
1250 2487 1360 2564 decem
1375 2487 1449 2550 eni·

382 2594 461 2636 muru
476 2574 568 2636 etiam
589 2593 750 2655 superesse.
795 2570 960 2648 Consules,
975 2571 1034 2634 sibi
1057 2591 1170 2655 parum
1184 2571 1294 2648 videri,
1309 2570 1447 2657 praefati,

381 2680 442 2759 pro
450 2658 563 2722 merito
571 2680 693 2732 eorum,
704 2679 760 2722 sua
769 2679 845 2722 voce
855 2655 1040 2726 conlaudari
1049 2679 1114 2736 eos,
1123 2656 1184 2722 nisi
1192 2658 1330 2724 universi
1338 2658 1448 2724 Patres
1539 2669 1540 2684 ¹

382 2745 421 2810 ris
431 2744 465 2810 in
476 2745 564 2810 curia
571 2744 690 2832 gratias
698 2743 844 2831 egissent,
855 2744 983 2830 seqniin
995 2757 1138 2809 senatum
1145 2745 1318 2830 jusserunt.
1348 2746 1447 2811 Sena·

382 2845 442 2910 tus,
453 2853 548 2919 quam
564 2843 689 2916 poterat
704 2829 948 2895 honoratissimo
962 2830 1088 2896 decreto
1102 2830 1268 2897 adlocutus
1278 2854 1341 2909 eos,
1355 2853 1447 2896 men-

381 2917 437 2984 dat
452 2918 644 2994 consulibus,
660 2930 695 2982 ut
709 2916 750 2982 ad
772 2917 926 3003 populum
950 2939 1077 3004 quoque
1091 2939 1145 2986 eos
1163 2918 1389 3002 producerent,
1404 2932 1444 2995 et,

380 3005 464 3070 inter
480 3005 579 3070 multe
589 3004 652 3070 alie
666 3003 830 3088 praeclara,
846 3025 919 3105 quse
938 3003 1013 3089 ipsis
1034 3003 1268 3092 majoribusque
1281 3005 1345 3070 suis
1360 3026 1446 3090 prae·

380 3091 540 3169 stitissent,
558 3113 665 3155 recens
679 3093 773 3158 etium
790 3103 937 3155 meritum
950 3112 1060 3154 eorum
1072 3091 1104 3154 in
1118 3091 1346 3176 rempublicam
1358 3114 1446 3156 com·

380 3191 604 3244 memorarent.
652 3177 702 3243 Ne
714 3198 800 3243 nunc
823 3176 951 3264 quidem
966 3176 992 3216 ¹⁸
1003 3189 1072 3260 post
1094 3187 1143 3242 tot
1163 3176 1268 3242 secula
1282 3177 1444 3256 sileantur,

379 3265 606 3332 fraudenturve
615 3263 708 3331 laude
722 3287 789 3329 suu.
828 3264 952 3352 Signini
966 3261 1063 3339 fuere,
1077 3275 1107 3328 et
1119 3263 1275 3340 Norbani,
1289 3264 1447 3330 Saticula·

382 3354 413 3418 n’
438 3375 488 3430 ue,
505 3364 537 3416 et
553 3351 747 3428 Brundisini,
764 3364 797 3414 et
812 3350 1000 3439 Fregellani,
1012 3363 1044 3415 et
1060 3351 1218 3426 Lucerini,
1234 3363 1266 3415 ct
1277 3350 1446 3428 Venusini,

380 3375 603 3521 eil-laddum,
618 3452 651 3503 et
666 3438 818 3516 Firmani,
835 3452 865 3502 et
882 3438 1116 3503 Ariminenses:
1139 3453 1172 3503 et
1182 3437 1223 3502 ab
1238 3437 1339 3502 altero
1354 3439 1447 3519 mari,

379 3526 542 3608 Pontiani,
558 3539 590 3590 et
606 3526 755 3602 Paestani,
771 3537 804 3588 et
819 3524 957 3590 Cosani:
987 3539 1019 3590 et
1034 3525 1266 3602 mediterranei,
1281 3525 1447 3590 Beneven-

771 3645 833 3706 ”qol
844 3659 890 3692 non
902 3645 977 3694 Gran.
990 3645 1059 3696 Crev.

412 3756 547 3823 ib'inde]
564 3758 696 3806 Ablioma.
960 3758 992 3806 tt
1009 3759 1050 3805 Ec
1062 3759 1183 3822 surmate]
1209 3759 1264 3813 Qua
1294 3760 1445 3820 descriptum
1536 3809 1537 3830 Χ

413 3823 445 3871 to
462 3821 683 3886 anunnomnnm]
697 3821 790 3868 Putet
801 3822 894 3870 Victor.
927 3831 988 3878 erat,
1008 3831 1128 3884 quantum
1147 3837 1250 3884 quaque
1270 3825 1365 3870 colonie
1380 3825 1446 3870 mili·

380 3889 485 3944 codices,
507 3890 593 3934 aniensis
613 3887 741 3946 lominum,
752 3894 780 3933 ut
798 3895 823 3934 et
839 3895 896 3935 ante
928 3895 982 3934 tum
997 3889 1102 3934 deberet.
1119 3887 1199 3935 'vie
1214 3902 1287 3949 supra
1298 3893 1348 3934 not.
1359 3887 1402 3946 89.
1413 3889 1445 3935 ad

380 3953 508 4014 sigonium
528 3954 595 3999 editi.
637 3951 682 3998 ille
703 3958 827 4000 mutatum
843 3965 896 3998 ma·
929 3952 1067 4000 11111157.

374 4017 436 4074 luit,
461 4017 531 4076 eique
559 4016 667 4066 obsecuti
694 4023 751 4062 sunt
782 4019 893 4065 editores.
958 4017 991 4064 ta
1007 4016 1067 4064 Post
1082 4022 1116 4064 tot
1131 4017 1217 4080 serub]
1236 4017 1311 4064 Paulo
1332 4019 1446 4079 pluadn-

378 4082 473 4130 'l'nmen
490 4082 546 4128 etl.
565 4082 615 4130 IX.
633 4095 656 4128 c.
671 4081 694 4128 8.
713 4081 798 4129 Livius
808 4083 893 4129 itidem
923 4083 991 4128 nenti
1001 4083 1254 4130 annieffluxeranteb
1271 4083 1318 4129 hoe
1335 4087 1446 4142 campan

379 4149 410 4196 de
430 4153 516 4192 senatu
540 4160 614 4207 agens
635 4146 743 4206 scripsit:
770 4146 895 4194 mnnirotio
926 4149 958 4194 ad
971 4147 1041 4201 illud,
1061 4163 1110 4210 qno
1124 4148 1209 4195 Livius
1228 4159 1299 4194 auum
1316 4148 1444 4194 mindam

378 4211 511 4258 ..incunt
536 4209 644 4258 hmines
690 4210 740 4258 Ubi
758 4212 894 4258 Gronovius
926 4213 1052 4260 scribebat.
1085 4215 1125 4261 An
1148 4217 1173 4260 et
1190 4213 1231 4260 hic
1252 4210 1324 4274 pinu
1340 4212 1444 4271 intelligi

378 4277 478 4337 quidem
500 4276 598 4324 rescribi
614 4273 686 4337 jubet
704 4288 790 4335 ornum,
805 4278 850 4324 sed
864 4289 895 4324 cx
926 4277 1034 4324 debenti
1051 4280 1166 4328 vtanot.
1176 4277 1377 4326 ot.eo1.1x.e.
1391 4276 1428 4324 18.

378 4355 446 4390 mera
456 4337 602 4402 conjectura.
850 4359 854 4366 ·
1377 4379 1380 4384 .
