<?xml version="1.0" encoding="UTF-8"?>
<!DOCTYPE html PUBLIC "-//W3C//DTD XHTML 1.0 Transitional//EN"
    "http://www.w3.org/TR/xhtml1/DTD/xhtml1-transitional.dtd">
<html xmlns="http://www.w3.org/1999/xhtml" xml:lang="en" lang="en">
 <head>
  <title>
</title>
<meta http-equiv="Content-Type" content="text/html;charset=utf-8" />
  <meta name='ocr-system' content='tesseract 3.04.00' />
  <meta name='ocr-capabilities' content='ocr_page ocr_carea ocr_par ocr_line ocrx_word'/>
</head>
<body>
  <div class='ocr_page' id='page_1' title='image "./tliviipatavinih00crevgoog_0162.png"; bbox 0 0 3036 4972; ppageno 0'>
   <div class='ocr_carea' id='block_1_1' title="bbox 447 201 1212 274">
    <p class='ocr_par' dir='ltr' id='par_1_1' title="bbox 447 201 1212 274">
     <span class='ocr_line' id='line_1_1' title="bbox 447 201 1212 274; baseline 0.005 -6"><span class='ocrx_word' id='word_1_1' title='bbox 447 207 542 268; x_wconf 89' lang='lat' dir='ltr'><strong>LIB.</strong></span> <span class='ocrx_word' id='word_1_2' title='bbox 563 201 683 266; x_wconf 77' lang='lat' dir='ltr'><strong>xxllt.</strong></span> <span class='ocrx_word' id='word_1_3' title='bbox 710 201 815 268; x_wconf 73' lang='lat' dir='ltr'><strong>CA&#39;P.</strong></span> <span class='ocrx_word' id='word_1_4' title='bbox 834 209 901 269; x_wconf 85' lang='lat' dir='ltr'><strong>XV.</strong></span> <span class='ocrx_word' id='word_1_5' title='bbox 1155 213 1212 274; x_wconf 69' lang='lat' dir='ltr'><strong>ili</strong></span> 
     </span>
    </p>
   </div>
   <div class='ocr_carea' id='block_1_2' title="bbox 143 367 1438 3151">
    <p class='ocr_par' dir='ltr' id='par_1_2' title="bbox 146 367 1438 1329">
     <span class='ocr_line' id='line_1_2' title="bbox 149 367 1359 460; baseline 0.001 -20"><span class='ocrx_word' id='word_1_6' title='bbox 149 389 210 452; x_wconf 70' lang='lat' dir='ltr'><strong>aar,</strong></span> <span class='ocrx_word' id='word_1_7' title='bbox 224 373 308 460; x_wconf 89' lang='lat' dir='ltr'><strong>petit</strong></span> <span class='ocrx_word' id='word_1_8' title='bbox 322 371 507 442; x_wconf 80' lang='lat' dir='ltr'><strong>Nuceriam.</strong></span> <span class='ocrx_word' id='word_1_9' title='bbox 528 391 598 438; x_wconf 84' lang='lat' dir='ltr'><strong>earn</strong></span> <span class='ocrx_word' id='word_1_10' title='bbox 621 367 722 460; x_wconf 81' lang='lat' dir='ltr'><strong>quum</strong></span> <span class='ocrx_word' id='word_1_11' title='bbox 741 371 937 458; x_wconf 71' lang='lat' dir='ltr'><strong>aliquamdiu</strong></span> <span class='ocrx_word' id='word_1_12' title='bbox 951 369 1212 455; x_wconf 70' lang='lat' dir='ltr'><strong>circumsedisset</strong></span> <span class='ocrx_word' id='word_1_13' title='bbox 1222 399 1253 449; x_wconf 82' lang='lat' dir='ltr'><strong>n,</strong></span> <span class='ocrx_word' id='word_1_14' title='bbox 1263 399 1289 448; x_wconf 77' lang='lat' dir='ltr'><strong>c.</strong></span> <span class='ocrx_word' id='word_1_15' title='bbox 1302 399 1359 450; x_wconf 70' lang='lat' dir='ltr'><strong>aaa</strong></span> 
     </span>
     <span class='ocr_line' id='line_1_3' title="bbox 148 455 1438 548; baseline 0.002 -22"><span class='ocrx_word' id='word_1_16' title='bbox 148 485 229 548; x_wconf 77' lang='lat' dir='ltr'><strong>saepe</strong></span> <span class='ocrx_word' id='word_1_17' title='bbox 250 462 295 541; x_wconf 86' lang='lat' dir='ltr'><strong>vi,</strong></span> <span class='ocrx_word' id='word_1_18' title='bbox 318 478 405 545; x_wconf 77' lang='lat' dir='ltr'><strong>saepe</strong></span> <span class='ocrx_word' id='word_1_19' title='bbox 427 459 633 526; x_wconf 64' lang='lat' dir='ltr'><strong>sollicitandis</strong></span> <span class='ocrx_word' id='word_1_20' title='bbox 655 459 871 548; x_wconf 77' lang='lat' dir='ltr'><strong>nequidquam</strong></span> <span class='ocrx_word' id='word_1_21' title='bbox 899 455 1103 546; x_wconf 84' lang='lat' dir='ltr'><strong>nunc-plebe</strong></span> <span class='ocrx_word' id='word_1_22' title='bbox 1127 464 1358 544; x_wconf 42' lang='lat' dir='ltr'><strong>munci-⁰4¹⁶·</strong></span> <span class='ocrx_word' id='word_1_23' title='bbox 1434 495 1438 516; x_wconf 60' lang='lat'><strong>⁴</strong></span> 
     </span>
     <span class='ocr_line' id='line_1_4' title="bbox 148 530 1354 643; baseline 0.003 -31"><span class='ocrx_word' id='word_1_24' title='bbox 148 547 357 634; x_wconf 86' lang='lat' dir='ltr'><strong>principibus,</strong></span> <span class='ocrx_word' id='word_1_25' title='bbox 372 544 457 611; x_wconf 86' lang='lat' dir='ltr'><strong>fame</strong></span> <span class='ocrx_word' id='word_1_26' title='bbox 470 547 599 611; x_wconf 89' lang='lat' dir='ltr'><strong>demum</strong></span> <span class='ocrx_word' id='word_1_27' title='bbox 618 547 653 612; x_wconf 90' lang='lat' dir='ltr'><strong>in</strong></span> <span class='ocrx_word' id='word_1_28' title='bbox 674 546 868 614; x_wconf 84' lang='lat' dir='ltr'><strong>deditionem</strong></span> <span class='ocrx_word' id='word_1_29' title='bbox 890 548 1022 632; x_wconf 87' lang='lat' dir='ltr'><strong>accepit,</strong></span> <span class='ocrx_word' id='word_1_30' title='bbox 1039 561 1161 634; x_wconf 88' lang='lat' dir='ltr'><strong>pactus,</strong></span> <span class='ocrx_word' id='word_1_31' title='bbox 1177 530 1354 643; x_wconf 54' lang='lat' dir='ltr'><strong>utffiffi</strong></span> 
     </span>
     <span class='ocr_line' id='line_1_5' title="bbox 148 632 1295 724; baseline 0.001 -24"><span class='ocrx_word' id='word_1_32' title='bbox 148 637 286 700; x_wconf 88' lang='lat' dir='ltr'><strong>inermes</strong></span> <span class='ocrx_word' id='word_1_33' title='bbox 306 655 380 698; x_wconf 89' lang='lat' dir='ltr'><strong>oum</strong></span> <span class='ocrx_word' id='word_1_34' title='bbox 403 632 533 721; x_wconf 82' lang='lat' dir='ltr'><strong>singulis</strong></span> <span class='ocrx_word' id='word_1_35' title='bbox 555 635 680 698; x_wconf 86' lang='lat' dir='ltr'><strong>abirent</strong></span> <span class='ocrx_word' id='word_1_36' title='bbox 700 634 906 702; x_wconf 83' lang='lat' dir='ltr'><strong>vestimentis.</strong></span> <span class='ocrx_word' id='word_1_37' title='bbox 929 633 1054 717; x_wconf 84' lang='lat' dir='ltr'><strong>deinde,</strong></span> <span class='ocrx_word' id='word_1_38' title='bbox 1068 647 1106 701; x_wconf 88' lang='lat' dir='ltr'><strong>ut</strong></span> <span class='ocrx_word' id='word_1_39' title='bbox 1124 636 1180 724; x_wconf 88' lang='lat' dir='ltr'><strong>qni</strong></span> <span class='ocrx_word' id='word_1_40' title='bbox 1194 659 1295 722; x_wconf 59' lang='lat' dir='ltr'><strong>sapsa.</strong></span> 
     </span>
     <span class='ocr_line' id='line_1_6' title="bbox 147 719 1215 809; baseline 0.004 -25"><span class='ocrx_word' id='word_1_41' title='bbox 147 721 308 809; x_wconf 90' lang='lat' dir='ltr'><strong>principio</strong></span> <span class='ocrx_word' id='word_1_42' title='bbox 332 721 418 785; x_wconf 87' lang='lat' dir='ltr'><strong>mitis</strong></span> <span class='ocrx_word' id='word_1_43' title='bbox 442 721 590 785; x_wconf 90' lang='lat' dir='ltr'><strong>omnibus</strong></span> <span class='ocrx_word' id='word_1_44' title='bbox 612 719 744 798; x_wconf 74' lang='lat' dir='ltr'><strong>Italicis,</strong></span> <span class='ocrx_word' id='word_1_45' title='bbox 774 735 892 805; x_wconf 77' lang='lat' dir='ltr'><strong>praeter</strong></span> <span class='ocrx_word' id='word_1_46' title='bbox 915 721 1088 804; x_wconf 87' lang='lat' dir='ltr'><strong>Romanos,</strong></span> <span class='ocrx_word' id='word_1_47' title='bbox 1113 723 1215 788; x_wconf 84' lang='lat' dir='ltr'><strong>rideri</strong></span> 
     </span>
     <span class='ocr_line' id='line_1_7' title="bbox 146 805 1216 894; baseline 0.002 -21"><span class='ocrx_word' id='word_1_48' title='bbox 146 808 248 881; x_wconf 83' lang='lat' dir='ltr'><strong>vellet,</strong></span> <span class='ocrx_word' id='word_1_49' title='bbox 264 807 400 894; x_wconf 83' lang='lat' dir='ltr'><strong>praemia</strong></span> <span class='ocrx_word' id='word_1_50' title='bbox 414 820 508 894; x_wconf 86' lang='lat' dir='ltr'><strong>atque</strong></span> <span class='ocrx_word' id='word_1_51' title='bbox 522 805 704 886; x_wconf 63' lang='lat' dir='ltr'><strong>“honores</strong></span> <span class='ocrx_word' id='word_1_52' title='bbox 719 808 777 893; x_wconf 71' lang='lat' dir='ltr'><strong>qui,</strong></span> <span class='ocrx_word' id='word_1_53' title='bbox 794 821 1003 886; x_wconf 86' lang='lat' dir='ltr'><strong>remanerent,</strong></span> <span class='ocrx_word' id='word_1_54' title='bbox 1020 831 1058 874; x_wconf 89' lang='lat' dir='ltr'><strong>ac</strong></span> <span class='ocrx_word' id='word_1_55' title='bbox 1078 809 1216 875; x_wconf 84' lang='lat' dir='ltr'><strong>militare</strong></span> 
     </span>
     <span class='ocr_line' id='line_1_8' title="bbox 148 894 1214 980; baseline 0.003 -21"><span class='ocrx_word' id='word_1_56' title='bbox 148 917 255 960; x_wconf 89' lang='lat' dir='ltr'><strong>secum</strong></span> <span class='ocrx_word' id='word_1_57' title='bbox 271 894 451 971; x_wconf 82' lang='lat' dir='ltr'><strong>voluisseut,</strong></span> <span class='ocrx_word' id='word_1_58' title='bbox 466 895 643 980; x_wconf 81' lang='lat' dir='ltr'><strong>proposuit.</strong></span> <span class='ocrx_word' id='word_1_59' title='bbox 688 894 757 959; x_wconf 88' lang='lat' dir='ltr'><strong>Nae</strong></span> <span class='ocrx_word' id='word_1_60' title='bbox 771 915 809 957; x_wconf 91' lang='lat' dir='ltr'><strong>ea</strong></span> <span class='ocrx_word' id='word_1_61' title='bbox 823 915 878 980; x_wconf 90' lang='lat' dir='ltr'><strong>spe</strong></span> <span class='ocrx_word' id='word_1_62' title='bbox 893 895 1085 980; x_wconf 80' lang='lat' dir='ltr'><strong>quemquam</strong></span> <span class='ocrx_word' id='word_1_63' title='bbox 1100 897 1214 962; x_wconf 73' lang='lat' dir='ltr'><strong>tanniu</strong></span> 
     </span>
     <span class='ocr_line' id='line_1_9' title="bbox 147 979 1215 1067; baseline 0.003 -21"><span class='ocrx_word' id='word_1_64' title='bbox 147 981 265 1067; x_wconf 79' lang='lat' dir='ltr'><strong>dilapsi</strong></span> <span class='ocrx_word' id='word_1_65' title='bbox 294 1002 415 1058; x_wconf 87' lang='lat' dir='ltr'><strong>ornnes,</strong></span> <span class='ocrx_word' id='word_1_66' title='bbox 429 981 456 1021; x_wconf 56' lang='grc' dir='ltr'>ω</span> <span class='ocrx_word' id='word_1_67' title='bbox 487 1001 665 1066; x_wconf 87' lang='lat' dir='ltr'><strong>uocumque</strong></span> <span class='ocrx_word' id='word_1_68' title='bbox 686 979 826 1066; x_wconf 90' lang='lat' dir='ltr'><strong>hospitia</strong></span> <span class='ocrx_word' id='word_1_69' title='bbox 854 999 909 1046; x_wconf 89' lang='lat' dir='ltr'><strong>aut</strong></span> <span class='ocrx_word' id='word_1_70' title='bbox 936 980 1097 1052; x_wconf 78' lang='lat' dir='ltr'><strong>fortuitus·</strong></span> <span class='ocrx_word' id='word_1_71' title='bbox 1114 984 1215 1049; x_wconf 89' lang='lat' dir='ltr'><strong>animi</strong></span> 
     </span>
     <span class='ocr_line' id='line_1_10' title="bbox 146 1003 1216 1156; baseline 0.003 -24"><span class='ocrx_word' id='word_1_72' title='bbox 146 1071 275 1154; x_wconf 86' lang='lat' dir='ltr'><strong>inpetus</strong></span> <span class='ocrx_word' id='word_1_73' title='bbox 297 1069 381 1146; x_wconf 91' lang='lat' dir='ltr'><strong>tulit,</strong></span> <span class='ocrx_word' id='word_1_74' title='bbox 397 1089 455 1152; x_wconf 91' lang='lat' dir='ltr'><strong>per</strong></span> <span class='ocrx_word' id='word_1_75' title='bbox 464 1003 656 1153; x_wconf 62' lang='lat' dir='ltr'><strong>bampaniae</strong></span> <span class='ocrx_word' id='word_1_76' title='bbox 678 1067 783 1144; x_wconf 85' lang='lat' dir='ltr'><strong>urbes,</strong></span> <span class='ocrx_word' id='word_1_77' title='bbox 798 1068 937 1132; x_wconf 87' lang='lat' dir='ltr'><strong>maxime</strong></span> <span class='ocrx_word' id='word_1_78' title='bbox 953 1066 1070 1132; x_wconf 89' lang='lat' dir='ltr'><strong>Nolam</strong></span> <span class='ocrx_word' id='word_1_79' title='bbox 1087 1068 1216 1156; x_wconf 86' lang='lat' dir='ltr'><strong>Neapo-</strong></span> 
     </span>
     <span class='ocr_line' id='line_1_11' title="bbox 146 1152 1216 1242; baseline 0.001 -22"><span class='ocrx_word' id='word_1_80' title='bbox 146 1156 281 1242; x_wconf 91' lang='lat' dir='ltr'><strong>limque.</strong></span> <span class='ocrx_word' id='word_1_81' title='bbox 325 1153 436 1236; x_wconf 82' lang='lat' dir='ltr'><strong>Quum</strong></span> <span class='ocrx_word' id='word_1_82' title='bbox 457 1152 556 1234; x_wconf 83' lang='lat' dir='ltr'><strong>ferme</strong></span> <span class='ocrx_word' id='word_1_83' title='bbox 577 1154 710 1242; x_wconf 83' lang='lat' dir='ltr'><strong>triginta</strong></span> <span class='ocrx_word' id='word_1_84' title='bbox 735 1166 905 1231; x_wconf 82' lang='lat' dir='ltr'><strong>senatores,</strong></span> <span class='ocrx_word' id='word_1_85' title='bbox 930 1173 967 1218; x_wconf 89' lang='lat' dir='ltr'><strong>ac</strong></span> <span class='ocrx_word' id='word_1_86' title='bbox 989 1152 1072 1219; x_wconf 85' lang='lat' dir='ltr'><strong>forte</strong></span> <span class='ocrx_word' id='word_1_87' title='bbox 1087 1157 1216 1241; x_wconf 86' lang='lat' dir='ltr'><strong>primus</strong></span> 
     </span>
     <span class='ocr_line' id='line_1_12' title="bbox 148 1239 1216 1329; baseline 0 -22"><span class='ocrx_word' id='word_1_88' title='bbox 148 1245 218 1329; x_wconf 89' lang='lat' dir='ltr'><strong>quis</strong></span> <span class='ocrx_word' id='word_1_89' title='bbox 244 1263 295 1318; x_wconf 87' lang='lat' dir='ltr'><strong>ue,</strong></span> <span class='ocrx_word' id='word_1_90' title='bbox 313 1239 459 1324; x_wconf 86' lang='lat' dir='ltr'><strong>Capuam</strong></span> <span class='ocrx_word' id='word_1_91' title='bbox 473 1242 635 1326; x_wconf 85' lang='lat' dir='ltr'><strong>petissent,</strong></span> <span class='ocrx_word' id='word_1_92' title='bbox 653 1239 771 1306; x_wconf 81' lang='lat' dir='ltr'><strong>exclusi</strong></span> <span class='ocrx_word' id='word_1_93' title='bbox 785 1239 872 1322; x_wconf 85' lang='lat' dir='ltr'><strong>inde,</strong></span> <span class='ocrx_word' id='word_1_94' title='bbox 888 1239 975 1327; x_wconf 90' lang='lat' dir='ltr'><strong>qood</strong></span> <span class='ocrx_word' id='word_1_95' title='bbox 989 1253 1098 1325; x_wconf 84' lang='lat' dir='ltr'><strong>portas</strong></span> <span class='ocrx_word' id='word_1_96' title='bbox 1120 1239 1216 1308; x_wconf 90' lang='lat' dir='ltr'><strong>Han-</strong></span> 
     </span>
    </p>

    <p class='ocr_par' dir='ltr' id='par_1_3' title="bbox 143 1326 1359 2022">
     <span class='ocr_line' id='line_1_13' title="bbox 147 1326 1216 1414; baseline 0.001 -21"><span class='ocrx_word' id='word_1_97' title='bbox 147 1329 203 1393; x_wconf 93' lang='lat' dir='ltr'><strong>nib</strong></span> <span class='ocrx_word' id='word_1_98' title='bbox 262 1327 456 1406; x_wconf 78' lang='lat' dir='ltr'><strong>clausissent,</strong></span> <span class='ocrx_word' id='word_1_99' title='bbox 480 1327 599 1393; x_wconf 88' lang='lat' dir='ltr'><strong>Cumas</strong></span> <span class='ocrx_word' id='word_1_100' title='bbox 621 1349 655 1392; x_wconf 92' lang='lat' dir='ltr'><strong>se</strong></span> <span class='ocrx_word' id='word_1_101' title='bbox 680 1326 893 1412; x_wconf 84' lang='lat' dir='ltr'><strong>contulerunt.</strong></span> <span class='ocrx_word' id='word_1_102' title='bbox 938 1327 1088 1393; x_wconf 82' lang='lat' dir='ltr'><strong>Nuceriae</strong></span> <span class='ocrx_word' id='word_1_103' title='bbox 1107 1330 1216 1414; x_wconf 86' lang='lat' dir='ltr'><strong>praeda</strong></span> 
     </span>
     <span class='ocr_line' id='line_1_14' title="bbox 148 1414 1255 1502; baseline 0.002 -22"><span class='ocrx_word' id='word_1_104' title='bbox 148 1415 243 1480; x_wconf 90' lang='lat' dir='ltr'><strong>militi</strong></span> <span class='ocrx_word' id='word_1_105' title='bbox 269 1415 346 1480; x_wconf 87' lang='lat' dir='ltr'><strong>data</strong></span> <span class='ocrx_word' id='word_1_106' title='bbox 367 1425 425 1495; x_wconf 85' lang='lat' dir='ltr'><strong>est,</strong></span> <span class='ocrx_word' id='word_1_107' title='bbox 439 1415 515 1480; x_wconf 90' lang='lat' dir='ltr'><strong>urbs</strong></span> <span class='ocrx_word' id='word_1_108' title='bbox 536 1415 663 1500; x_wconf 87' lang='lat' dir='ltr'><strong>direpta</strong></span> <span class='ocrx_word' id='word_1_109' title='bbox 685 1426 780 1502; x_wconf 89' lang='lat' dir='ltr'><strong>atque</strong></span> <span class='ocrx_word' id='word_1_110' title='bbox 802 1415 941 1480; x_wconf 87' lang='lat' dir='ltr'><strong>incensa.</strong></span> <span class='ocrx_word' id='word_1_111' title='bbox 986 1414 1107 1482; x_wconf 88' lang='lat' dir='ltr'><strong>Nolam</strong></span> <span class='ocrx_word' id='word_1_112' title='bbox 1123 1415 1216 1481; x_wconf 64' lang='lat' dir='ltr'><strong>Mari·</strong></span> <span class='ocrx_word' id='word_1_113' title='bbox 1252 1421 1255 1430; x_wconf 78' lang='grc'>’</span> 
     </span>
     <span class='ocr_line' id='line_1_15' title="bbox 149 1501 1216 1590; baseline 0.001 -23"><span class='ocrx_word' id='word_1_114' title='bbox 149 1502 246 1567; x_wconf 74' lang='lat' dir='ltr'><strong>callus</strong></span> <span class='ocrx_word' id='word_1_115' title='bbox 261 1501 391 1566; x_wconf 89' lang='lat' dir='ltr'><strong>nonsui</strong></span> <span class='ocrx_word' id='word_1_116' title='bbox 405 1502 505 1588; x_wconf 88' lang='lat' dir='ltr'><strong>magis</strong></span> <span class='ocrx_word' id='word_1_117' title='bbox 526 1501 644 1566; x_wconf 85' lang='lat' dir='ltr'><strong>fiducia</strong></span> <span class='ocrx_word' id='word_1_118' title='bbox 689 1501 817 1580; x_wconf 88' lang='lat' dir='ltr'><strong>raesidii‚</strong></span> <span class='ocrx_word' id='word_1_119' title='bbox 838 1523 935 1590; x_wconf 88' lang='lat' dir='ltr'><strong>quam</strong></span> <span class='ocrx_word' id='word_1_120' title='bbox 951 1501 1114 1567; x_wconf 85' lang='lat' dir='ltr'><strong>voluntate</strong></span> <span class='ocrx_word' id='word_1_121' title='bbox 1151 1503 1216 1568; x_wconf 82' lang='lat' dir='ltr'><strong>rin-</strong></span> 
     </span>
     <span class='ocr_line' id='line_1_16' title="bbox 148 1523 1327 1675; baseline 0.002 -22"><span class='ocrx_word' id='word_1_122' title='bbox 148 1591 268 1675; x_wconf 90' lang='lat' dir='ltr'><strong>cipum,</strong></span> <span class='ocrx_word' id='word_1_123' title='bbox 290 1587 438 1652; x_wconf 85' lang='lat' dir='ltr'><strong>habebat.</strong></span> <span class='ocrx_word' id='word_1_124' title='bbox 460 1587 568 1673; x_wconf 89' lang='lat' dir='ltr'><strong>plebes</strong></span> <span class='ocrx_word' id='word_1_125' title='bbox 589 1589 666 1653; x_wconf 90' lang='lat' dir='ltr'><strong>time</strong></span> <span class='ocrx_word' id='word_1_126' title='bbox 706 1601 770 1666; x_wconf 90' lang='lat' dir='ltr'><strong>tur,</strong></span> <span class='ocrx_word' id='word_1_127' title='bbox 793 1600 825 1654; x_wconf 89' lang='lat' dir='ltr'><strong>et</strong></span> <span class='ocrx_word' id='word_1_128' title='bbox 847 1602 921 1653; x_wconf 86' lang='lat' dir='ltr'><strong>ante</strong></span> <span class='ocrx_word' id='word_1_129' title='bbox 942 1611 1052 1653; x_wconf 89' lang='lat' dir='ltr'><strong>omnes</strong></span> <span class='ocrx_word' id='word_1_130' title='bbox 1074 1589 1115 1654; x_wconf 92' lang='lat' dir='ltr'><strong>L.</strong></span> <span class='ocrx_word' id='word_1_131' title='bbox 1127 1523 1215 1655; x_wconf 63' lang='lat' dir='ltr'><strong>ban·</strong></span> <span class='ocrx_word' id='word_1_132' title='bbox 1225 1607 1327 1656; x_wconf 74' lang='lat' dir='ltr'><strong>nanum</strong></span> 
     </span>
     <span class='ocr_line' id='line_1_17' title="bbox 149 1673 1335 1761; baseline 0.003 -21"><span class='ocrx_word' id='word_1_133' title='bbox 149 1675 223 1752; x_wconf 90' lang='lat' dir='ltr'><strong>tius,</strong></span> <span class='ocrx_word' id='word_1_134' title='bbox 245 1695 344 1761; x_wconf 91' lang='lat' dir='ltr'><strong>quem</strong></span> <span class='ocrx_word' id='word_1_135' title='bbox 357 1674 565 1739; x_wconf 77' lang='lat' dir='ltr'><strong>⁷⁰consensus</strong></span> <span class='ocrx_word' id='word_1_136' title='bbox 590 1675 761 1740; x_wconf 81' lang='lat' dir='ltr'><strong>adtentatae</strong></span> <span class='ocrx_word' id='word_1_137' title='bbox 790 1675 987 1756; x_wconf 85' lang='lat' dir='ltr'><strong>defectionis,</strong></span> <span class='ocrx_word' id='word_1_138' title='bbox 1010 1697 1048 1740; x_wconf 89' lang='lat' dir='ltr'><strong>ac</strong></span> <span class='ocrx_word' id='word_1_139' title='bbox 1072 1690 1174 1742; x_wconf 88' lang='lat' dir='ltr'><strong>metus</strong></span> <span class='ocrx_word' id='word_1_140' title='bbox 1198 1673 1335 1742; x_wconf 66' lang='lat' dir='ltr'><strong>,Nolanus</strong></span> 
     </span>
     <span class='ocr_line' id='line_1_18' title="bbox 151 1751 1359 1850; baseline 0.002 -25"><span class='ocrx_word' id='word_1_141' title='bbox 151 1775 289 1848; x_wconf 72' lang='lat' dir='ltr'><strong>praetore</strong></span> <span class='ocrx_word' id='word_1_142' title='bbox 306 1763 464 1839; x_wconf 86' lang='lat' dir='ltr'><strong>Romano,</strong></span> <span class='ocrx_word' id='word_1_143' title='bbox 480 1783 567 1826; x_wconf 90' lang='lat' dir='ltr'><strong>nunc</strong></span> <span class='ocrx_word' id='word_1_144' title='bbox 581 1763 620 1826; x_wconf 85' lang='lat' dir='ltr'><strong>ad</strong></span> <span class='ocrx_word' id='word_1_145' title='bbox 643 1761 857 1847; x_wconf 83' lang='lat' dir='ltr'><strong>proditionem</strong></span> <span class='ocrx_word' id='word_1_146' title='bbox 880 1763 1004 1848; x_wconf 85' lang='lat' dir='ltr'><strong>patriae,</strong></span> <span class='ocrx_word' id='word_1_147' title='bbox 1021 1785 1118 1841; x_wconf 89' lang='lat' dir='ltr'><strong>nunc,</strong></span> <span class='ocrx_word' id='word_1_148' title='bbox 1135 1765 1160 1826; x_wconf 86' lang='lat' dir='ltr'><strong>si</strong></span> <span class='ocrx_word' id='word_1_149' title='bbox 1175 1751 1359 1850; x_wconf 56' lang='lat' dir='ltr'><strong>adffffl’</strong></span> 
     </span>
     <span class='ocr_line' id='line_1_19' title="bbox 152 1846 1314 1937; baseline 0.003 -26"><span class='ocrx_word' id='word_1_150' title='bbox 152 1849 185 1912; x_wconf 91' lang='lat' dir='ltr'><strong>id</strong></span> <span class='ocrx_word' id='word_1_151' title='bbox 208 1847 336 1914; x_wconf 82' lang='lat' dir='ltr'><strong>fortuna</strong></span> <span class='ocrx_word' id='word_1_152' title='bbox 358 1846 515 1926; x_wconf 81' lang='lat' dir='ltr'><strong>defuisset,</strong></span> <span class='ocrx_word' id='word_1_153' title='bbox 539 1848 580 1913; x_wconf 87' lang='lat' dir='ltr'><strong>ad</strong></span> <span class='ocrx_word' id='word_1_154' title='bbox 602 1849 874 1937; x_wconf 77' lang='lat' dir='ltr'><strong>transfugiendum</strong></span> <span class='ocrx_word' id='word_1_155' title='bbox 898 1849 1092 1914; x_wconf 82' lang='lat' dir='ltr'><strong>stimulabat.</strong></span> <span class='ocrx_word' id='word_1_156' title='bbox 1137 1850 1314 1917; x_wconf 66' lang='lat' dir='ltr'><strong>Eratmem.</strong></span> 
     </span>
     <span class='ocr_line' id='line_1_20' title="bbox 143 1935 1218 2022; baseline 0.004 -23"><span class='ocrx_word' id='word_1_157' title='bbox 143 1936 271 2020; x_wconf 82' lang='lat' dir='ltr'><strong>juvenis</strong></span> <span class='ocrx_word' id='word_1_158' title='bbox 286 1955 369 2011; x_wconf 87' lang='lat' dir='ltr'><strong>acer,</strong></span> <span class='ocrx_word' id='word_1_159' title='bbox 386 1949 417 1998; x_wconf 91' lang='lat' dir='ltr'><strong>et</strong></span> <span class='ocrx_word' id='word_1_160' title='bbox 432 1935 591 2000; x_wconf 90' lang='lat' dir='ltr'><strong>sociorum</strong></span> <span class='ocrx_word' id='word_1_161' title='bbox 617 1959 654 1998; x_wconf 87' lang='lat' dir='ltr'><strong>ea</strong></span> <span class='ocrx_word' id='word_1_162' title='bbox 676 1947 863 2022; x_wconf 84' lang='lat' dir='ltr'><strong>tempestate</strong></span> <span class='ocrx_word' id='word_1_163' title='bbox 881 1958 981 2021; x_wconf 88' lang='lat' dir='ltr'><strong>prope</strong></span> <span class='ocrx_word' id='word_1_164' title='bbox 1001 1935 1218 2003; x_wconf 86' lang='lat' dir='ltr'><strong>nobilissimus</strong></span> 
     </span>
    </p>

    <p class='ocr_par' dir='ltr' id='par_1_4' title="bbox 148 2021 1219 2108">
     <span class='ocr_line' id='line_1_21' title="bbox 148 2021 1219 2108; baseline 0.002 -23"><span class='ocrx_word' id='word_1_165' title='bbox 148 2043 258 2108; x_wconf 87' lang='lat' dir='ltr'><strong>eques,</strong></span> <span class='ocrx_word' id='word_1_166' title='bbox 273 2023 462 2087; x_wconf 87' lang='lat' dir='ltr'><strong>seminecem</strong></span> <span class='ocrx_word' id='word_1_167' title='bbox 485 2045 557 2086; x_wconf 87' lang='lat' dir='ltr'><strong>eum</strong></span> <span class='ocrx_word' id='word_1_168' title='bbox 580 2021 619 2086; x_wconf 93' lang='lat' dir='ltr'><strong>ad</strong></span> <span class='ocrx_word' id='word_1_169' title='bbox 637 2023 763 2087; x_wconf 90' lang='lat' dir='ltr'><strong>Cannas</strong></span> <span class='ocrx_word' id='word_1_170' title='bbox 783 2024 816 2086; x_wconf 89' lang='lat' dir='ltr'><strong>in</strong></span> <span class='ocrx_word' id='word_1_171' title='bbox 838 2044 954 2087; x_wconf 89' lang='lat' dir='ltr'><strong>acervo</strong></span> <span class='ocrx_word' id='word_1_172' title='bbox 967 2045 1123 2094; x_wconf 75' lang='lat' dir='ltr'><strong>caesorum</strong></span> <span class='ocrx_word' id='word_1_173' title='bbox 1146 2045 1219 2089; x_wconf 86' lang='lat' dir='ltr'><strong>cor·</strong></span> 
     </span>
    </p>

    <p class='ocr_par' dir='ltr' id='par_1_5' title="bbox 148 2108 1218 2368">
     <span class='ocr_line' id='line_1_22' title="bbox 148 2108 1218 2197; baseline 0.002 -24"><span class='ocrx_word' id='word_1_174' title='bbox 148 2129 267 2194; x_wconf 83' lang='lat' dir='ltr'><strong>porum</strong></span> <span class='ocrx_word' id='word_1_175' title='bbox 293 2109 469 2185; x_wconf 88' lang='lat' dir='ltr'><strong>inventurn,</strong></span> <span class='ocrx_word' id='word_1_176' title='bbox 496 2121 705 2194; x_wconf 75' lang='lat' dir='ltr'><strong>curatumque</strong></span> <span class='ocrx_word' id='word_1_177' title='bbox 729 2108 874 2197; x_wconf 80' lang='lat' dir='ltr'><strong>benigne,</strong></span> <span class='ocrx_word' id='word_1_178' title='bbox 898 2110 993 2174; x_wconf 91' lang='lat' dir='ltr'><strong>etiam</strong></span> <span class='ocrx_word' id='word_1_179' title='bbox 1020 2131 1093 2174; x_wconf 89' lang='lat' dir='ltr'><strong>cum</strong></span> <span class='ocrx_word' id='word_1_180' title='bbox 1124 2110 1218 2176; x_wconf 88' lang='lat' dir='ltr'><strong>donis</strong></span> 
     </span>
     <span class='ocr_line' id='line_1_23' title="bbox 152 2193 1217 2282; baseline 0.001 -22"><span class='ocrx_word' id='word_1_181' title='bbox 152 2193 324 2260; x_wconf 77' lang='lat' dir='ltr'><strong>Hannibal</strong></span> <span class='ocrx_word' id='word_1_182' title='bbox 347 2195 478 2259; x_wconf 85' lang='lat' dir='ltr'><strong>domurn</strong></span> <span class='ocrx_word' id='word_1_183' title='bbox 505 2196 677 2260; x_wconf 81' lang='lat' dir='ltr'><strong>remiserat.</strong></span> <span class='ocrx_word' id='word_1_184' title='bbox 693 2195 749 2260; x_wconf 75' lang='lat' dir='ltr'><strong>ob</strong></span> <span class='ocrx_word' id='word_1_185' title='bbox 771 2198 837 2282; x_wconf 86' lang='lat' dir='ltr'><strong>ejus</strong></span> <span class='ocrx_word' id='word_1_186' title='bbox 857 2196 992 2282; x_wconf 82' lang='lat' dir='ltr'><strong>gratiam</strong></span> <span class='ocrx_word' id='word_1_187' title='bbox 1018 2195 1121 2261; x_wconf 92' lang='lat' dir='ltr'><strong>meriti</strong></span> <span class='ocrx_word' id='word_1_188' title='bbox 1148 2219 1217 2272; x_wconf 84' lang='lat' dir='ltr'><strong>ram</strong></span> 
     </span>
     <span class='ocr_line' id='line_1_24' title="bbox 151 2281 1217 2368; baseline 0.001 -22"><span class='ocrx_word' id='word_1_189' title='bbox 151 2282 313 2347; x_wconf 88' lang='lat' dir='ltr'><strong>Nolanam</strong></span> <span class='ocrx_word' id='word_1_190' title='bbox 328 2283 361 2346; x_wconf 91' lang='lat' dir='ltr'><strong>in</strong></span> <span class='ocrx_word' id='word_1_191' title='bbox 372 2283 427 2368; x_wconf 89' lang='lat' dir='ltr'><strong>jus</strong></span> <span class='ocrx_word' id='word_1_192' title='bbox 442 2281 658 2367; x_wconf 84' lang='lat' dir='ltr'><strong>ditionemque</strong></span> <span class='ocrx_word' id='word_1_193' title='bbox 676 2282 754 2347; x_wconf 88' lang='lat' dir='ltr'><strong>dare</strong></span> <span class='ocrx_word' id='word_1_194' title='bbox 766 2283 908 2348; x_wconf 87' lang='lat' dir='ltr'><strong>voluerat</strong></span> <span class='ocrx_word' id='word_1_195' title='bbox 925 2281 1046 2347; x_wconf 87' lang='lat' dir='ltr'><strong>Poeno:</strong></span> <span class='ocrx_word' id='word_1_196' title='bbox 1068 2283 1217 2347; x_wconf 83' lang='lat' dir='ltr'><strong>anxium·</strong></span> 
     </span>
    </p>

    <p class='ocr_par' dir='ltr' id='par_1_6' title="bbox 149 2368 1221 2629">
     <span class='ocr_line' id='line_1_25' title="bbox 149 2368 1220 2458; baseline 0.002 -24"><span class='ocrx_word' id='word_1_197' title='bbox 149 2391 213 2458; x_wconf 91' lang='lat' dir='ltr'><strong>que</strong></span> <span class='ocrx_word' id='word_1_198' title='bbox 235 2391 311 2433; x_wconf 90' lang='lat' dir='ltr'><strong>eum</strong></span> <span class='ocrx_word' id='word_1_199' title='bbox 333 2381 366 2433; x_wconf 90' lang='lat' dir='ltr'><strong>et</strong></span> <span class='ocrx_word' id='word_1_200' title='bbox 387 2368 558 2433; x_wconf 87' lang='lat' dir='ltr'><strong>sollicitum</strong></span> <span class='ocrx_word' id='word_1_201' title='bbox 578 2390 655 2433; x_wconf 87' lang='lat' dir='ltr'><strong>cura</strong></span> <span class='ocrx_word' id='word_1_202' title='bbox 680 2369 820 2433; x_wconf 88' lang='lat' dir='ltr'><strong>novandi</strong></span> <span class='ocrx_word' id='word_1_203' title='bbox 846 2391 896 2433; x_wconf 89' lang='lat' dir='ltr'><strong>res</strong></span> <span class='ocrx_word' id='word_1_204' title='bbox 918 2379 1037 2454; x_wconf 87' lang='lat' dir='ltr'><strong>praetcr</strong></span> <span class='ocrx_word' id='word_1_205' title='bbox 1060 2369 1220 2436; x_wconf 81' lang='lat' dir='ltr'><strong>cernebat.</strong></span> 
     </span>
     <span class='ocr_line' id='line_1_26' title="bbox 151 2455 1221 2541; baseline 0.002 -22"><span class='ocrx_word' id='word_1_206' title='bbox 151 2459 316 2534; x_wconf 89' lang='lat' dir='ltr'><strong>Ceterum,</strong></span> <span class='ocrx_word' id='word_1_207' title='bbox 340 2477 440 2541; x_wconf 89' lang='lat' dir='ltr'><strong>quum</strong></span> <span class='ocrx_word' id='word_1_208' title='bbox 463 2467 518 2520; x_wconf 86' lang='lat' dir='ltr'><strong>aut</strong></span> <span class='ocrx_word' id='word_1_209' title='bbox 540 2477 639 2540; x_wconf 87' lang='lat' dir='ltr'><strong>poena</strong></span> <span class='ocrx_word' id='word_1_210' title='bbox 663 2455 860 2520; x_wconf 87' lang='lat' dir='ltr'><strong>cohibendus</strong></span> <span class='ocrx_word' id='word_1_211' title='bbox 882 2467 972 2532; x_wconf 86' lang='lat' dir='ltr'><strong>esset,</strong></span> <span class='ocrx_word' id='word_1_212' title='bbox 989 2469 1044 2520; x_wconf 90' lang='lat' dir='ltr'><strong>aut</strong></span> <span class='ocrx_word' id='word_1_213' title='bbox 1066 2455 1221 2522; x_wconf 87' lang='lat' dir='ltr'><strong>beneficio</strong></span> 
     </span>
     <span class='ocr_line' id='line_1_27' title="bbox 150 2542 1220 2629; baseline 0 -21"><span class='ocrx_word' id='word_1_214' title='bbox 150 2543 382 2618; x_wconf 81' lang='lat' dir='ltr'><strong>conciliandus,</strong></span> <span class='ocrx_word' id='word_1_215' title='bbox 399 2542 459 2606; x_wconf 90' lang='lat' dir='ltr'><strong>sibi</strong></span> <span class='ocrx_word' id='word_1_216' title='bbox 482 2542 679 2620; x_wconf 86' lang='lat' dir='ltr'><strong>adsumsisse,</strong></span> <span class='ocrx_word' id='word_1_217' title='bbox 701 2565 796 2629; x_wconf 88' lang='lat' dir='ltr'><strong>quarn</strong></span> <span class='ocrx_word' id='word_1_218' title='bbox 820 2542 904 2608; x_wconf 89' lang='lat' dir='ltr'><strong>hosti</strong></span> <span class='ocrx_word' id='word_1_219' title='bbox 925 2543 1089 2621; x_wconf 85' lang='lat' dir='ltr'><strong>ademisse,</strong></span> <span class='ocrx_word' id='word_1_220' title='bbox 1105 2543 1220 2608; x_wconf 89' lang='lat' dir='ltr'><strong>fortem</strong></span> 
     </span>
    </p>

    <p class='ocr_par' dir='ltr' id='par_1_7' title="bbox 150 2628 1236 2888">
     <span class='ocr_line' id='line_1_28' title="bbox 150 2628 1236 2718; baseline 0.002 -25"><span class='ocrx_word' id='word_1_221' title='bbox 150 2651 188 2693; x_wconf 89' lang='lat' dir='ltr'><strong>ac</strong></span> <span class='ocrx_word' id='word_1_222' title='bbox 211 2643 377 2694; x_wconf 87' lang='lat' dir='ltr'><strong>strenuum</strong></span> <span class='ocrx_word' id='word_1_223' title='bbox 393 2628 505 2692; x_wconf 88' lang='lat' dir='ltr'><strong>maluit</strong></span> <span class='ocrx_word' id='word_1_224' title='bbox 520 2632 652 2710; x_wconf 86' lang='lat' dir='ltr'><strong>socium,</strong></span> <span class='ocrx_word' id='word_1_225' title='bbox 669 2629 873 2716; x_wconf 74' lang='lat' dir='ltr'><strong>adcitumque&#39;</strong></span> <span class='ocrx_word' id='word_1_226' title='bbox 892 2629 933 2694; x_wconf 91' lang='lat' dir='ltr'><strong>ad</strong></span> <span class='ocrx_word' id='word_1_227' title='bbox 955 2651 988 2694; x_wconf 89' lang='lat' dir='ltr'><strong>se</strong></span> <span class='ocrx_word' id='word_1_228' title='bbox 1009 2630 1148 2718; x_wconf 87' lang='lat' dir='ltr'><strong>benigne</strong></span> <span class='ocrx_word' id='word_1_229' title='bbox 1162 2629 1236 2695; x_wconf 74' lang='lat' dir='ltr'><strong>ad·&#39;</strong></span> 
     </span>
     <span class='ocr_line' id='line_1_29' title="bbox 150 2715 1220 2801; baseline 0.002 -21"><span class='ocrx_word' id='word_1_230' title='bbox 150 2716 266 2801; x_wconf 84' lang='lat' dir='ltr'><strong>pellat:</strong></span> <span class='ocrx_word' id='word_1_231' title='bbox 291 2715 412 2780; x_wconf 82' lang='lat' dir='ltr'><strong>Multos</strong></span> <span class='ocrx_word' id='word_1_232' title='bbox 426 2737 490 2780; x_wconf 83' lang='lat' dir='ltr'><strong>eum</strong></span> <span class='ocrx_word' id='word_1_233' title='bbox 506 2718 626 2780; x_wconf 85' lang='lat' dir='ltr'><strong>inuidos</strong></span> <span class='ocrx_word' id='word_1_234' title='bbox 640 2719 898 2800; x_wconf 81' lang='lat' dir='ltr'><strong>interpcpulares</strong></span> <span class='ocrx_word' id='word_1_235' title='bbox 912 2719 1034 2796; x_wconf 80' lang='lat' dir='ltr'><strong>labere,</strong></span> <span class='ocrx_word' id='word_1_236' title='bbox 1050 2721 1124 2782; x_wconf 84' lang='lat' dir='ltr'><strong>inde</strong></span> <span class='ocrx_word' id='word_1_237' title='bbox 1138 2720 1220 2794; x_wconf 76' lang='lat' dir='ltr'><strong>rais-</strong></span> 
     </span>
     <span class='ocr_line' id='line_1_30' title="bbox 151 2803 1220 2888; baseline 0.001 -21"><span class='ocrx_word' id='word_1_238' title='bbox 151 2803 374 2888; x_wconf 80' lang='lat' dir='ltr'><strong>timatufacile</strong></span> <span class='ocrx_word' id='word_1_239' title='bbox 387 2824 458 2880; x_wconf 85' lang='lat' dir='ltr'><strong>esse,</strong></span> <span class='ocrx_word' id='word_1_240' title='bbox 474 2805 556 2887; x_wconf 82' lang='lat' dir='ltr'><strong>quod</strong></span> <span class='ocrx_word' id='word_1_241' title='bbox 575 2824 659 2866; x_wconf 84' lang='lat' dir='ltr'><strong>nemo</strong></span> <span class='ocrx_word' id='word_1_242' title='bbox 681 2805 757 2868; x_wconf 82' lang='lat' dir='ltr'><strong>ciuis</strong></span> <span class='ocrx_word' id='word_1_243' title='bbox 781 2805 921 2868; x_wconf 83' lang='lat' dir='ltr'><strong>Nolanus</strong></span> <span class='ocrx_word' id='word_1_244' title='bbox 941 2805 1003 2868; x_wconf 84' lang='lat' dir='ltr'><strong>sibi</strong></span> <span class='ocrx_word' id='word_1_245' title='bbox 1023 2806 1220 2881; x_wconf 81' lang='lat' dir='ltr'><strong>indicauerit,</strong></span> 
     </span>
    </p>

    <p class='ocr_par' dir='ltr' id='par_1_8' title="bbox 150 2889 1223 2976">
     <span class='ocr_line' id='line_1_31' title="bbox 150 2889 1223 2976; baseline 0.003 -23"><span class='ocrx_word' id='word_1_246' title='bbox 150 2913 241 2975; x_wconf 81' lang='lat' dir='ltr'><strong>qrmm</strong></span> <span class='ocrx_word' id='word_1_247' title='bbox 262 2892 358 2954; x_wconf 79' lang='lat' dir='ltr'><strong>multo</strong></span> <span class='ocrx_word' id='word_1_248' title='bbox 373 2889 436 2974; x_wconf 67' lang='lat' dir='ltr'><strong>q&#39;us</strong></span> <span class='ocrx_word' id='word_1_249' title='bbox 451 2891 742 2975; x_wconf 79' lang='lat' dir='ltr'><strong>egregiosucincra</strong></span> <span class='ocrx_word' id='word_1_250' title='bbox 757 2892 912 2954; x_wconf 86' lang='lat' dir='ltr'><strong>militaria</strong></span> <span class='ocrx_word' id='word_1_251' title='bbox 928 2900 1036 2956; x_wconf 85' lang='lat' dir='ltr'><strong>essent.</strong></span> <span class='ocrx_word' id='word_1_252' title='bbox 1069 2889 1150 2966; x_wconf 65' lang='lat' dir='ltr'><strong>ded,</strong></span> <span class='ocrx_word' id='word_1_253' title='bbox 1167 2894 1223 2976; x_wconf 84' lang='lat' dir='ltr'><strong>qui</strong></span> 
     </span>
    </p>

    <p class='ocr_par' dir='ltr' id='par_1_9' title="bbox 152 2975 1221 3062">
     <span class='ocr_line' id='line_1_32' title="bbox 152 2975 1221 3062; baseline 0.003 -22"><span class='ocrx_word' id='word_1_254' title='bbox 152 2980 186 3042; x_wconf 86' lang='lat' dir='ltr'><strong>in</strong></span> <span class='ocrx_word' id='word_1_255' title='bbox 203 2977 356 3042; x_wconf 56' lang='lat' dir='ltr'><strong>&amp;munis</strong></span> <span class='ocrx_word' id='word_1_256' title='bbox 370 2977 553 3041; x_wconf 79' lang='lat' dir='ltr'><strong>militaverit</strong></span> <span class='ocrx_word' id='word_1_257' title='bbox 563 2979 682 3054; x_wconf 82' lang='lat' dir='ltr'><strong>castris,</strong></span> <span class='ocrx_word' id='word_1_258' title='bbox 700 2999 760 3040; x_wconf 87' lang='lat' dir='ltr'><strong>non</strong></span> <span class='ocrx_word' id='word_1_259' title='bbox 770 2998 861 3059; x_wconf 85' lang='lat' dir='ltr'><strong>posse</strong></span> <span class='ocrx_word' id='word_1_260' title='bbox 874 2977 1029 3042; x_wconf 73' lang='lat' dir='ltr'><strong>olusatrum</strong></span> <span class='ocrx_word' id='word_1_261' title='bbox 1044 2975 1108 3062; x_wconf 83' lang='lat' dir='ltr'><strong>ejus</strong></span> <span class='ocrx_word' id='word_1_262' title='bbox 1122 2981 1221 3043; x_wconf 72' lang='lat' dir='ltr'><strong>nistre·</strong></span> 
     </span>
    </p>

    <p class='ocr_par' dir='ltr' id='par_1_10' title="bbox 151 3059 1220 3151">
     <span class='ocr_line' id='line_1_33' title="bbox 151 3059 1220 3151; baseline 0.002 -23"><span class='ocrx_word' id='word_1_263' title='bbox 151 3076 210 3129; x_wconf 86' lang='lat' dir='ltr'><strong>tem</strong></span> <span class='ocrx_word' id='word_1_264' title='bbox 235 3087 306 3130; x_wconf 86' lang='lat' dir='ltr'><strong>esse.</strong></span> <span class='ocrx_word' id='word_1_265' title='bbox 322 3066 431 3128; x_wconf 87' lang='lat' dir='ltr'><strong>multos</strong></span> <span class='ocrx_word' id='word_1_266' title='bbox 451 3063 519 3141; x_wconf 78' lang='lat' dir='ltr'><strong>siti,</strong></span> <span class='ocrx_word' id='word_1_267' title='bbox 536 3064 591 3148; x_wconf 83' lang='lat' dir='ltr'><strong>qui</strong></span> <span class='ocrx_word' id='word_1_268' title='bbox 611 3085 675 3127; x_wconf 87' lang='lat' dir='ltr'><strong>cum</strong></span> <span class='ocrx_word' id='word_1_269' title='bbox 701 3085 737 3128; x_wconf 86' lang='lat' dir='ltr'><strong>eo</strong></span> <span class='ocrx_word' id='word_1_270' title='bbox 755 3065 912 3148; x_wconf 72' lang='lat' dir='ltr'><strong>stupendis</strong></span> <span class='ocrx_word' id='word_1_271' title='bbox 925 3065 1077 3150; x_wconf 83' lang='lat' dir='ltr'><strong>fecerint,</strong></span> <span class='ocrx_word' id='word_1_272' title='bbox 1093 3059 1220 3151; x_wconf 65' lang='lat' dir='ltr'><strong>referre,</strong></span> 
     </span>
    </p>
   </div>
   <div class='ocr_carea' id='block_1_3' title="bbox 344 3233 1032 3299">
    <p class='ocr_par' dir='ltr' id='par_1_11' title="bbox 344 3233 1032 3299">
     <span class='ocr_line' id='line_1_34' title="bbox 344 3233 1032 3299; baseline 0.007 -18"><span class='ocrx_word' id='word_1_273' title='bbox 344 3240 358 3280; x_wconf 73' lang='lat' dir='ltr'><strong>i</strong></span> <span class='ocrx_word' id='word_1_274' title='bbox 368 3235 497 3297; x_wconf 76' lang='lat' dir='ltr'><strong>Neapolim</strong></span> <span class='ocrx_word' id='word_1_275' title='bbox 507 3250 592 3299; x_wconf 76' lang='lat' dir='ltr'><strong>quoquc</strong></span> <span class='ocrx_word' id='word_1_276' title='bbox 602 3239 663 3284; x_wconf 80' lang='lat' dir='ltr'><strong>sicut</strong></span> <span class='ocrx_word' id='word_1_277' title='bbox 673 3233 765 3284; x_wconf 86' lang='lat' dir='ltr'><strong>Nolam</strong></span> <span class='ocrx_word' id='word_1_278' title='bbox 776 3252 822 3284; x_wconf 82' lang='lat' dir='ltr'><strong>aaa</strong></span> <span class='ocrx_word' id='word_1_279' title='bbox 831 3237 945 3286; x_wconf 75' lang='lat' dir='ltr'><strong>admirasse</strong></span> <span class='ocrx_word' id='word_1_280' title='bbox 956 3239 1032 3286; x_wconf 74' lang='lat' dir='ltr'><strong>Gron·</strong></span> 
     </span>
    </p>
   </div>
   <div class='ocr_carea' id='block_1_4' title="bbox 152 3401 1237 4446">
    <p class='ocr_par' dir='ltr' id='par_1_12' title="bbox 152 3401 1237 4446">
     <span class='ocr_line' id='line_1_35' title="bbox 154 3401 1222 3466; baseline -0.003 -16"><span class='ocrx_word' id='word_1_281' title='bbox 154 3417 212 3452; x_wconf 87' lang='lat' dir='ltr'><strong>nere</strong></span> <span class='ocrx_word' id='word_1_282' title='bbox 223 3403 343 3464; x_wconf 79' lang='lat' dir='ltr'><strong>vulgatae,</strong></span> <span class='ocrx_word' id='word_1_283' title='bbox 356 3403 483 3463; x_wconf 80' lang='lat' dir='ltr'><strong>Neapolim</strong></span> <span class='ocrx_word' id='word_1_284' title='bbox 499 3415 595 3464; x_wconf 82' lang='lat' dir='ltr'><strong>quoque,</strong></span> <span class='ocrx_word' id='word_1_285' title='bbox 612 3405 672 3450; x_wconf 67' lang='lat' dir='ltr'><strong>sicat</strong></span> <span class='ocrx_word' id='word_1_286' title='bbox 703 3402 830 3466; x_wconf 67' lang='lat' dir='ltr'><strong>sperarit?</strong></span> <span class='ocrx_word' id='word_1_287' title='bbox 847 3410 873 3450; x_wconf 84' lang='lat' dir='ltr'><strong>st</strong></span> <span class='ocrx_word' id='word_1_288' title='bbox 883 3402 918 3448; x_wconf 86' lang='lat' dir='ltr'><strong>X.</strong></span> <span class='ocrx_word' id='word_1_289' title='bbox 930 3402 970 3449; x_wconf 72' lang='lat'><strong>25.</strong></span> <span class='ocrx_word' id='word_1_290' title='bbox 982 3401 1104 3448; x_wconf 80' lang='lat' dir='ltr'><strong>Hodiemo</strong></span> <span class='ocrx_word' id='word_1_291' title='bbox 1118 3405 1141 3448; x_wconf 81' lang='lat' dir='ltr'><strong>ct</strong></span> <span class='ocrx_word' id='word_1_292' title='bbox 1158 3415 1222 3447; x_wconf 83' lang='lat' dir='ltr'><strong>crar-</strong></span> 
     </span>
     <span class='ocr_line' id='line_1_36' title="bbox 154 3462 1221 3531; baseline -0.003 -16"><span class='ocrx_word' id='word_1_293' title='bbox 154 3469 254 3524; x_wconf 80' lang='lat' dir='ltr'><strong>Nclum‚</strong></span> <span class='ocrx_word' id='word_1_294' title='bbox 276 3483 321 3515; x_wconf 81' lang='lat' dir='ltr'><strong>uon</strong></span> <span class='ocrx_word' id='word_1_295' title='bbox 340 3467 461 3516; x_wconf 79' lang='lat' dir='ltr'><strong>admissus.</strong></span> <span class='ocrx_word' id='word_1_296' title='bbox 495 3469 586 3516; x_wconf 83' lang='lat' dir='ltr'><strong>Melius</strong></span> <span class='ocrx_word' id='word_1_297' title='bbox 606 3469 672 3516; x_wconf 87' lang='lat' dir='ltr'><strong>eninr</strong></span> <span class='ocrx_word' id='word_1_298' title='bbox 705 3473 754 3516; x_wconf 85' lang='lat' dir='ltr'><strong>tino</strong></span> <span class='ocrx_word' id='word_1_299' title='bbox 772 3469 809 3516; x_wconf 81' lang='lat' dir='ltr'><strong>die</strong></span> <span class='ocrx_word' id='word_1_300' title='bbox 831 3471 873 3531; x_wconf 83' lang='lat' dir='ltr'><strong>qui</strong></span> <span class='ocrx_word' id='word_1_301' title='bbox 898 3469 993 3516; x_wconf 73' lang='lat' dir='ltr'><strong>nornine</strong></span> <span class='ocrx_word' id='word_1_302' title='bbox 1013 3466 1132 3525; x_wconf 79' lang='lat' dir='ltr'><strong>dederitis,</strong></span> <span class='ocrx_word' id='word_1_303' title='bbox 1156 3462 1221 3530; x_wconf 88' lang='lat' dir='ltr'><strong>(eos)</strong></span> 
     </span>
     <span class='ocr_line' id='line_1_37' title="bbox 152 3531 1221 3595; baseline -0.006 -12"><span class='ocrx_word' id='word_1_304' title='bbox 152 3543 178 3583; x_wconf 84' lang='lat' dir='ltr'><strong>et</strong></span> <span class='ocrx_word' id='word_1_305' title='bbox 188 3536 271 3595; x_wconf 85' lang='lat' dir='ltr'><strong>aptius</strong></span> <span class='ocrx_word' id='word_1_306' title='bbox 286 3535 394 3582; x_wconf 81' lang='lat' dir='ltr'><strong>echoeret</strong></span> <span class='ocrx_word' id='word_1_307' title='bbox 404 3535 457 3580; x_wconf 74' lang='lat' dir='ltr'><strong>haec</strong></span> <span class='ocrx_word' id='word_1_308' title='bbox 473 3542 555 3582; x_wconf 85' lang='lat' dir='ltr'><strong>nostra</strong></span> <span class='ocrx_word' id='word_1_309' title='bbox 570 3547 628 3580; x_wconf 89' lang='lat' dir='ltr'><strong>cum</strong></span> <span class='ocrx_word' id='word_1_310' title='bbox 643 3534 673 3580; x_wconf 91' lang='lat' dir='ltr'><strong>iis</strong></span> <span class='ocrx_word' id='word_1_311' title='bbox 705 3549 793 3581; x_wconf 74' lang='lat' dir='ltr'><strong>nucum</strong></span> <span class='ocrx_word' id='word_1_312' title='bbox 810 3535 900 3581; x_wconf 82' lang='lat' dir='ltr'><strong>ducam.</strong></span> <span class='ocrx_word' id='word_1_313' title='bbox 917 3533 950 3578; x_wconf 87' lang='lat' dir='ltr'><strong>Et</strong></span> <span class='ocrx_word' id='word_1_314' title='bbox 965 3533 1051 3578; x_wconf 83' lang='lat' dir='ltr'><strong>durius</strong></span> <span class='ocrx_word' id='word_1_315' title='bbox 1064 3531 1136 3591; x_wconf 80' lang='lat' dir='ltr'><strong>longe</strong></span> <span class='ocrx_word' id='word_1_316' title='bbox 1148 3531 1221 3578; x_wconf 84' lang='lat' dir='ltr'><strong>Plau-</strong></span> 
     </span>
     <span class='ocr_line' id='line_1_38' title="bbox 152 3595 1223 3662; baseline -0.005 -15"><span class='ocrx_word' id='word_1_317' title='bbox 152 3613 209 3662; x_wconf 79' lang='lat' dir='ltr'><strong>quae</strong></span> <span class='ocrx_word' id='word_1_318' title='bbox 225 3601 378 3659; x_wconf 82' lang='lat' dir='ltr'><strong>praecedunt,</strong></span> <span class='ocrx_word' id='word_1_319' title='bbox 387 3603 534 3660; x_wconf 76' lang='lat' dir='ltr'><strong>posteaquam</strong></span> <span class='ocrx_word' id='word_1_320' title='bbox 546 3599 673 3659; x_wconf 82' lang='lat' dir='ltr'><strong>Neapolim</strong></span> <span class='ocrx_word' id='word_1_321' title='bbox 705 3604 754 3654; x_wconf 87' lang='lat' dir='ltr'><strong>tus,</strong></span> <span class='ocrx_word' id='word_1_322' title='bbox 767 3600 897 3646; x_wconf 70' lang='lat' dir='ltr'><strong>Mendct.</strong></span> <span class='ocrx_word' id='word_1_323' title='bbox 910 3599 939 3643; x_wconf 90' lang='lat' dir='ltr'><strong>V.</strong></span> <span class='ocrx_word' id='word_1_324' title='bbox 958 3598 995 3644; x_wconf 88' lang='lat' dir='ltr'><strong>Sc.</strong></span> <span class='ocrx_word' id='word_1_325' title='bbox 1012 3597 1035 3642; x_wconf 83' lang='lat'><strong>8.</strong></span> <span class='ocrx_word' id='word_1_326' title='bbox 1069 3597 1166 3656; x_wconf 71' lang='lat' dir='ltr'><strong>Erlpsl,</strong></span> <span class='ocrx_word' id='word_1_327' title='bbox 1182 3595 1223 3642; x_wconf 81' lang='lat' dir='ltr'><strong>lto-</strong></span> 
     </span>
     <span class='ocr_line' id='line_1_39' title="bbox 154 3661 1237 3726; baseline -0.005 -14"><span class='ocrx_word' id='word_1_328' title='bbox 154 3663 590 3726; x_wconf 79' lang='lat' dir='ltr'><strong>sproescetollomcuotmcra&#39;aemplt.</strong></span> <span class='ocrx_word' id='word_1_329' title='bbox 705 3665 778 3710; x_wconf 75' lang='lat' dir='ltr'><strong>mines</strong></span> <span class='ocrx_word' id='word_1_330' title='bbox 794 3666 834 3724; x_wconf 84' lang='lat' dir='ltr'><strong>qui</strong></span> <span class='ocrx_word' id='word_1_331' title='bbox 858 3668 880 3710; x_wconf 84' lang='lat' dir='ltr'><strong>tc</strong></span> <span class='ocrx_word' id='word_1_332' title='bbox 894 3661 1005 3725; x_wconf 80' lang='lat' dir='ltr'><strong>ferebant</strong></span> <span class='ocrx_word' id='word_1_333' title='bbox 1023 3662 1143 3707; x_wconf 74' lang='lat' dir='ltr'><strong>sublimem</strong></span> <span class='ocrx_word' id='word_1_334' title='bbox 1166 3670 1237 3722; x_wconf 57' lang='lat' dir='ltr'><strong>qua-⁸</strong></span> 
     </span>
     <span class='ocr_line' id='line_1_40' title="bbox 185 3727 1222 3790; baseline -0.006 -13"><span class='ocrx_word' id='word_1_335' title='bbox 185 3729 218 3777; x_wconf 81' lang='grc'><strong>68</strong></span> <span class='ocrx_word' id='word_1_336' title='bbox 234 3727 354 3786; x_wconf 79' lang='lat' dir='ltr'><strong>Honores,</strong></span> <span class='ocrx_word' id='word_1_337' title='bbox 364 3732 405 3789; x_wconf 82' lang='lat' dir='ltr'><strong>qui</strong></span> <span class='ocrx_word' id='word_1_338' title='bbox 423 3733 568 3776; x_wconf 76' lang='lat' dir='ltr'><strong>remunerent</strong></span> <span class='ocrx_word' id='word_1_339' title='bbox 583 3745 612 3776; x_wconf 84' lang='lat' dir='ltr'><strong>uc</strong></span> <span class='ocrx_word' id='word_1_340' title='bbox 625 3732 671 3776; x_wconf 84' lang='lat' dir='ltr'><strong>mi-</strong></span> <span class='ocrx_word' id='word_1_341' title='bbox 703 3735 773 3777; x_wconf 70' lang='lat' dir='ltr'><strong>ruore</strong></span> <span class='ocrx_word' id='word_1_342' title='bbox 798 3730 823 3774; x_wconf 90' lang='lat' dir='ltr'><strong>id</strong></span> <span class='ocrx_word' id='word_1_343' title='bbox 843 3734 888 3782; x_wconf 87' lang='lat' dir='ltr'><strong>est,</strong></span> <span class='ocrx_word' id='word_1_344' title='bbox 908 3729 948 3790; x_wconf 83' lang='lat' dir='ltr'><strong>qut</strong></span> <span class='ocrx_word' id='word_1_345' title='bbox 967 3732 989 3774; x_wconf 78' lang='lat' dir='ltr'><strong>tc</strong></span> <span class='ocrx_word' id='word_1_346' title='bbox 1003 3727 1106 3773; x_wconf 72' lang='lat' dir='ltr'><strong>dominer</strong></span> <span class='ocrx_word' id='word_1_347' title='bbox 1122 3730 1222 3788; x_wconf 72' lang='lat' dir='ltr'><strong>quartuor</strong></span> 
     </span>
     <span class='ocr_line' id='line_1_41' title="bbox 153 3792 1222 3858; baseline -0.005 -16"><span class='ocrx_word' id='word_1_348' title='bbox 153 3795 222 3842; x_wconf 83' lang='lat' dir='ltr'><strong>litare</strong></span> <span class='ocrx_word' id='word_1_349' title='bbox 238 3807 316 3841; x_wconf 76' lang='lat' dir='ltr'><strong>serram</strong></span> <span class='ocrx_word' id='word_1_350' title='bbox 335 3795 466 3848; x_wconf 67' lang='lat' dir='ltr'><strong>advolarent,</strong></span> <span class='ocrx_word' id='word_1_351' title='bbox 481 3793 614 3858; x_wconf 75' lang='lat' dir='ltr'><strong>proposuit]</strong></span> <span class='ocrx_word' id='word_1_352' title='bbox 632 3794 671 3841; x_wconf 88' lang='lat' dir='ltr'><strong>Sic</strong></span> <span class='ocrx_word' id='word_1_353' title='bbox 702 3793 821 3840; x_wconf 74' lang='lat' dir='ltr'><strong>sublimem</strong></span> <span class='ocrx_word' id='word_1_354' title='bbox 829 3793 1024 3856; x_wconf 63' lang='lat' dir='ltr'><strong>smcbanaiiste</strong></span> <span class='ocrx_word' id='word_1_355' title='bbox 1035 3793 1120 3853; x_wconf 83' lang='lat' dir='ltr'><strong>eripui.</strong></span> <span class='ocrx_word' id='word_1_356' title='bbox 1153 3792 1222 3838; x_wconf 80' lang='lat' dir='ltr'><strong>Grac·</strong></span> 
     </span>
     <span class='ocr_line' id='line_1_42' title="bbox 154 3861 1209 3921; baseline -0.005 -14"><span class='ocrx_word' id='word_1_357' title='bbox 154 3861 246 3920; x_wconf 83' lang='lat' dir='ltr'><strong>scripti,</strong></span> <span class='ocrx_word' id='word_1_358' title='bbox 273 3861 320 3906; x_wconf 86' lang='lat' dir='ltr'><strong>nisi</strong></span> <span class='ocrx_word' id='word_1_359' title='bbox 348 3861 414 3921; x_wconf 90' lang='lat' dir='ltr'><strong>quod</strong></span> <span class='ocrx_word' id='word_1_360' title='bbox 439 3861 529 3906; x_wconf 88' lang='lat' dir='ltr'><strong>habent</strong></span> <span class='ocrx_word' id='word_1_361' title='bbox 558 3873 671 3906; x_wconf 73' lang='lat' dir='ltr'><strong>runcare·</strong></span> <span class='ocrx_word' id='word_1_362' title='bbox 703 3869 809 3907; x_wconf 78' lang='lat' dir='ltr'><strong>novius.</strong></span> <span class='ocrx_word' id='word_1_363' title='bbox 1205 3869 1209 3878; x_wconf 88' lang='lat'><strong>·</strong></span> 
     </span>
     <span class='ocr_line' id='line_1_43' title="bbox 154 3923 1222 3985; baseline -0.001 -15"><span class='ocrx_word' id='word_1_364' title='bbox 154 3929 223 3974; x_wconf 81' lang='lat' dir='ltr'><strong>rant.-</strong></span> <span class='ocrx_word' id='word_1_365' title='bbox 249 3927 315 3985; x_wconf 89' lang='lat' dir='ltr'><strong>quod</strong></span> <span class='ocrx_word' id='word_1_366' title='bbox 335 3924 466 3972; x_wconf 84' lang='lat' dir='ltr'><strong>manifesto</strong></span> <span class='ocrx_word' id='word_1_367' title='bbox 488 3925 603 3971; x_wconf 86' lang='lat' dir='ltr'><strong>vitiosum</strong></span> <span class='ocrx_word' id='word_1_368' title='bbox 624 3931 670 3978; x_wconf 90' lang='lat' dir='ltr'><strong>est,</strong></span> <span class='ocrx_word' id='word_1_369' title='bbox 735 3924 767 3970; x_wconf 87' lang='grc'><strong>69</strong></span> <span class='ocrx_word' id='word_1_370' title='bbox 785 3924 923 3984; x_wconf 81' lang='lat' dir='ltr'><strong>Quocunque</strong></span> <span class='ocrx_word' id='word_1_371' title='bbox 941 3923 1054 3985; x_wconf 77' lang='lat' dir='ltr'><strong>hospitia]</strong></span> <span class='ocrx_word' id='word_1_372' title='bbox 1080 3925 1159 3984; x_wconf 84' lang='lat' dir='ltr'><strong>Magis</strong></span> <span class='ocrx_word' id='word_1_373' title='bbox 1179 3923 1222 3969; x_wconf 83' lang='lat' dir='ltr'><strong>Li·</strong></span> 
     </span>
     <span class='ocr_line' id='line_1_44' title="bbox 154 3988 1221 4050; baseline -0.002 -14"><span class='ocrx_word' id='word_1_374' title='bbox 154 3991 272 4050; x_wconf 85' lang='lat' dir='ltr'><strong>debetque</strong></span> <span class='ocrx_word' id='word_1_375' title='bbox 293 3989 386 4036; x_wconf 85' lang='lat' dir='ltr'><strong>rnutari</strong></span> <span class='ocrx_word' id='word_1_376' title='bbox 406 3989 610 4047; x_wconf 79' lang='lat' dir='ltr'><strong>in&#39;rrmarrerenl,</strong></span> <span class='ocrx_word' id='word_1_377' title='bbox 632 3990 671 4034; x_wconf 90' lang='lat' dir='ltr'><strong>vel</strong></span> <span class='ocrx_word' id='word_1_378' title='bbox 703 3990 804 4036; x_wconf 77' lang='lat' dir='ltr'><strong>sianum</strong></span> <span class='ocrx_word' id='word_1_379' title='bbox 823 3988 954 4042; x_wconf 88' lang='lat' dir='ltr'><strong>videretur,</strong></span> <span class='ocrx_word' id='word_1_380' title='bbox 975 4003 1018 4048; x_wconf 90' lang='lat' dir='ltr'><strong>quo</strong></span> <span class='ocrx_word' id='word_1_381' title='bbox 1038 4001 1148 4050; x_wconf 76' lang='lat' dir='ltr'><strong>paremquc</strong></span> <span class='ocrx_word' id='word_1_382' title='bbox 1168 3989 1221 4034; x_wconf 76' lang='lat' dir='ltr'><strong>lus·</strong></span> 
     </span>
     <span class='ocr_line' id='line_1_45' title="bbox 154 4053 1221 4114; baseline -0.003 -13"><span class='ocrx_word' id='word_1_383' title='bbox 154 4069 276 4102; x_wconf 78' lang='lat' dir='ltr'><strong>mutauere.</strong></span> <span class='ocrx_word' id='word_1_384' title='bbox 302 4058 385 4101; x_wconf 87' lang='lat' dir='ltr'><strong>Antea</strong></span> <span class='ocrx_word' id='word_1_385' title='bbox 403 4053 541 4112; x_wconf 78' lang='lat' dir='ltr'><strong>legebaturs</strong></span> <span class='ocrx_word' id='word_1_386' title='bbox 564 4054 672 4100; x_wconf 73' lang='lat' dir='ltr'><strong>Honores</strong></span> <span class='ocrx_word' id='word_1_387' title='bbox 699 4055 771 4114; x_wconf 82' lang='lat' dir='ltr'><strong>pitia,</strong></span> <span class='ocrx_word' id='word_1_388' title='bbox 787 4053 853 4112; x_wconf 93' lang='lat' dir='ltr'><strong>quod</strong></span> <span class='ocrx_word' id='word_1_389' title='bbox 868 4058 933 4098; x_wconf 86' lang='lat' dir='ltr'><strong>recte</strong></span> <span class='ocrx_word' id='word_1_390' title='bbox 949 4055 1060 4099; x_wconf 87' lang='lat' dir='ltr'><strong>observat</strong></span> <span class='ocrx_word' id='word_1_391' title='bbox 1076 4054 1221 4100; x_wconf 84' lang='lat' dir='ltr'><strong>Gronovius.</strong></span> 
     </span>
     <span class='ocr_line' id='line_1_46' title="bbox 157 4117 1220 4184; baseline -0.002 -18"><span class='ocrx_word' id='word_1_392' title='bbox 157 4122 186 4166; x_wconf 79' lang='lat' dir='ltr'><strong>s&#39;t&#39;r</strong></span> <span class='ocrx_word' id='word_1_393' title='bbox 197 4122 237 4184; x_wconf 82' lang='lat' dir='ltr'><strong>qui</strong></span> <span class='ocrx_word' id='word_1_394' title='bbox 248 4120 414 4168; x_wconf 69' lang='lat' dir='ltr'><strong>reumatis-rent</strong></span> <span class='ocrx_word' id='word_1_395' title='bbox 429 4131 456 4162; x_wconf 84' lang='lat' dir='ltr'><strong>oc</strong></span> <span class='ocrx_word' id='word_1_396' title='bbox 470 4119 575 4164; x_wconf 77' lang='lat' dir='ltr'><strong>milliara</strong></span> <span class='ocrx_word' id='word_1_397' title='bbox 589 4118 671 4163; x_wconf 80' lang='lat' dir='ltr'><strong>uellent</strong></span> <span class='ocrx_word' id='word_1_398' title='bbox 704 4117 743 4164; x_wconf 89' lang='lat' dir='ltr'><strong>Sic</strong></span> <span class='ocrx_word' id='word_1_399' title='bbox 758 4117 974 4178; x_wconf 79' lang='lat' dir='ltr'><strong>infra‚c.1&#39;l.quu</strong></span> <span class='ocrx_word' id='word_1_400' title='bbox 990 4133 1099 4179; x_wconf 80' lang='lat' dir='ltr'><strong>quenrquc</strong></span> <span class='ocrx_word' id='word_1_401' title='bbox 1114 4122 1156 4164; x_wconf 84' lang='lat' dir='ltr'><strong>sut</strong></span> <span class='ocrx_word' id='word_1_402' title='bbox 1166 4132 1220 4164; x_wconf 87' lang='lat' dir='ltr'><strong>cca·</strong></span> 
     </span>
     <span class='ocr_line' id='line_1_47' title="bbox 154 4181 990 4248; baseline -0.006 -16"><span class='ocrx_word' id='word_1_403' title='bbox 154 4199 235 4244; x_wconf 76' lang='lat' dir='ltr'><strong>meum,</strong></span> <span class='ocrx_word' id='word_1_404' title='bbox 252 4185 389 4248; x_wconf 78' lang='lat' dir='ltr'><strong>proposuit.</strong></span> <span class='ocrx_word' id='word_1_405' title='bbox 422 4181 478 4228; x_wconf 86' lang='lat' dir='ltr'><strong>Nun</strong></span> <span class='ocrx_word' id='word_1_406' title='bbox 501 4193 555 4230; x_wconf 84' lang='lat' dir='ltr'><strong>raro</strong></span> <span class='ocrx_word' id='word_1_407' title='bbox 575 4182 671 4242; x_wconf 86' lang='lat' dir='ltr'><strong>suppri-</strong></span> <span class='ocrx_word' id='word_1_408' title='bbox 701 4181 791 4238; x_wconf 77' lang='lat' dir='ltr'><strong>allium,</strong></span> <span class='ocrx_word' id='word_1_409' title='bbox 800 4185 842 4228; x_wconf 85' lang='lat' dir='ltr'><strong>aut</strong></span> <span class='ocrx_word' id='word_1_410' title='bbox 852 4195 918 4227; x_wconf 83' lang='lat' dir='ltr'><strong>error</strong></span> <span class='ocrx_word' id='word_1_411' title='bbox 928 4183 990 4227; x_wconf 81' lang='lat' dir='ltr'><strong>tulit.</strong></span> 
     </span>
     <span class='ocr_line' id='line_1_48' title="bbox 154 4245 1218 4310; baseline -0.005 -15"><span class='ocrx_word' id='word_1_412' title='bbox 154 4252 197 4297; x_wconf 90' lang='lat' dir='ltr'><strong>mit</strong></span> <span class='ocrx_word' id='word_1_413' title='bbox 214 4253 239 4298; x_wconf 93' lang='lat' dir='ltr'><strong>in</strong></span> <span class='ocrx_word' id='word_1_414' title='bbox 260 4253 328 4298; x_wconf 87' lang='lat' dir='ltr'><strong>hunc</strong></span> <span class='ocrx_word' id='word_1_415' title='bbox 346 4247 448 4294; x_wconf 87' lang='lat' dir='ltr'><strong>modum</strong></span> <span class='ocrx_word' id='word_1_416' title='bbox 468 4249 611 4306; x_wconf 84' lang='lat' dir='ltr'><strong>pronomina</strong></span> <span class='ocrx_word' id='word_1_417' title='bbox 629 4245 670 4292; x_wconf 92' lang='lat' dir='ltr'><strong>Li·</strong></span> <span class='ocrx_word' id='word_1_418' title='bbox 735 4246 767 4293; x_wconf 81' lang='lat' dir='ltr'><strong>to</strong></span> <span class='ocrx_word' id='word_1_419' title='bbox 785 4247 913 4292; x_wconf 78' lang='lat' dir='ltr'><strong>Cantemus</strong></span> <span class='ocrx_word' id='word_1_420' title='bbox 934 4251 1052 4293; x_wconf 81' lang='lat' dir='ltr'><strong>attentatae</strong></span> <span class='ocrx_word' id='word_1_421' title='bbox 1073 4247 1218 4310; x_wconf 77' lang='lat' dir='ltr'><strong>defections‘a]</strong></span> 
     </span>
     <span class='ocr_line' id='line_1_49' title="bbox 155 4307 1218 4372; baseline -0.003 -13"><span class='ocrx_word' id='word_1_422' title='bbox 155 4315 211 4362; x_wconf 86' lang='lat' dir='ltr'><strong>rius.</strong></span> <span class='ocrx_word' id='word_1_423' title='bbox 245 4317 314 4364; x_wconf 89' lang='lat' dir='ltr'><strong>Siel.</strong></span> <span class='ocrx_word' id='word_1_424' title='bbox 329 4311 443 4362; x_wconf 62' lang='lat' dir='ltr'><strong>tuot.</strong></span> <span class='ocrx_word' id='word_1_425' title='bbox 471 4311 539 4358; x_wconf 80' lang='lat' dir='ltr'><strong>Civis</strong></span> <span class='ocrx_word' id='word_1_426' title='bbox 550 4311 670 4358; x_wconf 75' lang='lat' dir='ltr'><strong>Roranam</strong></span> <span class='ocrx_word' id='word_1_427' title='bbox 702 4309 768 4372; x_wconf 80' lang='lat' dir='ltr'><strong>Lege</strong></span> <span class='ocrx_word' id='word_1_428' title='bbox 785 4323 842 4357; x_wconf 85' lang='lat' dir='ltr'><strong>cunr</strong></span> <span class='ocrx_word' id='word_1_429' title='bbox 857 4307 994 4358; x_wconf 80' lang='lat' dir='ltr'><strong>Gianovro:</strong></span> <span class='ocrx_word' id='word_1_430' title='bbox 1012 4312 1149 4359; x_wconf 67' lang='lat' dir='ltr'><strong>conceaatur</strong></span> <span class='ocrx_word' id='word_1_431' title='bbox 1168 4315 1218 4357; x_wconf 79' lang='lat' dir='ltr'><strong>trs·</strong></span> 
     </span>
     <span class='ocr_line' id='line_1_50' title="bbox 153 4375 905 4446; baseline -0.003 -20"><span class='ocrx_word' id='word_1_432' title='bbox 153 4382 216 4430; x_wconf 82' lang='lat' dir='ltr'><strong>risit</strong></span> <span class='ocrx_word' id='word_1_433' title='bbox 233 4397 263 4431; x_wconf 81' lang='lat' dir='ltr'><strong>cs·</strong></span> <span class='ocrx_word' id='word_1_434' title='bbox 274 4379 354 4446; x_wconf 72' lang='lat' dir='ltr'><strong>plebe,</strong></span> <span class='ocrx_word' id='word_1_435' title='bbox 366 4375 669 4439; x_wconf 62' lang='lat' dir='ltr'><strong>manutenementum</strong></span> <span class='ocrx_word' id='word_1_436' title='bbox 701 4379 757 4424; x_wconf 76' lang='lat' dir='ltr'><strong>tcta</strong></span> <span class='ocrx_word' id='word_1_437' title='bbox 767 4375 905 4438; x_wconf 76' lang='lat' dir='ltr'><strong>desectionis.</strong></span> 
     </span>
    </p>
   </div>
   <div class='ocr_carea' id='block_1_5' title="bbox 0 0 1528 4972">
    <p class='ocr_par' dir='ltr' id='par_1_13' title="bbox 0 0 1528 4972">
     <span class='ocr_line' id='line_1_51' title="bbox 0 0 1528 4972; baseline 0 0"><span class='ocrx_word' id='word_1_438' title='bbox 0 0 1528 4972; x_wconf 95' lang='lat' dir='ltr'><strong> </strong></span> 
     </span>
    </p>
   </div>
  </div>
 </body>
</html>
