3140 4972
488 173 583 235 ura
603 173 719 236 xxiv.
748 144 851 234 oar.
872 171 911 232 x.
1169 176 1228 242 :or

164 351 259 419 reret,
273 351 338 409 aut'
352 350 534 425 suspectum
556 337 737 426 cupiditatis
754 337 881 425 imperii
902 334 1065 404 occsdnlcm
1086 336 1376 405 haberet-muman

165 431 243 517 quin
269 426 444 504 laudabant
467 425 574 513 potius
597 426 850 514 magnitudinem
875 425 984 503 animi,
1011 424 1109 513 quod,
1132 413 1376 512 quumfflffl‘

165 537 293 592 summo
309 515 502 600 imperatore
520 535 590 580 esse
607 535 688 597 opus
711 511 896 598 reipublicae
918 511 1023 590 sciret,
1039 531 1137 597 aeque
1157 529 1230 577 carn

167 600 364 678 hauddubie
378 621 454 677 esse,
469 599 599 666 minoris
621 598 772 667 invidiam
795 600 1069 688 :numnquam
1082 617 1119 664 re
1131 597 1231 664 orire·

167 703 229 766 tur,
245 706 342 775 quam
359 686 524 757 utilitatem
537 685 729 772 reipublicae,
745 685 878 752 fecisset.
1100 681 1104 688 ’
1280 755 1285 760 ,

171 831 179 840 .
211 775 257 840 Χ.
281 773 359 852 Quo
383 771 436 838 die
461 771 679 860 magistratum
704 772 843 838 iniemmt
868 770 1024 849 consules,
1047 782 1175 836 senatus
1200 771 1233 834 ln

170 861 332 946 Capitolio
357 872 405 924 est
428 857 572 926 habitus:
599 858 825 944 decretumque
849 858 994 922 omniurn
1018 857 1172 943 primum,
1198 867 1235 922 ut

168 947 314 1024 consules
328 945 526 1025 sortirentur,
540 956 799 1032 compararentve
814 943 897 1008 inter
911 965 955 1024 se,
966 957 1039 1008 uter
1052 941 1235 1009 ccrrsoribus
1298 965 1301 974 ·
1320 951 1326 976 '

169 1033 316 1101 creandis
330 1030 458 1099 comitia
478 1030 622 1111 baberet,
637 1032 822 1118 priusquam
845 1029 885 1096 ad
900 1027 1075 1096 exercitum
1091 1025 1235 1115 proficis·

168 1134 306 1188 caretur.
351 1118 563 1204 Prorogatum
589 1117 706 1184 deinde
734 1117 903 1204 imparium
929 1116 1087 1192 omnibus,
1112 1119 1166 1202 qni
1192 1116 1234 1185 ad
1277 1115 1287 1150 '⁴

169 1207 327 1282 exercitus
354 1215 453 1282 erant,
474 1205 618 1290 jussique
639 1205 672 1268 in
697 1203 870 1288 provinciis
890 1214 1030 1280 manere,
1055 1200 1107 1268 Ti.
1132 1203 1234 1267 Grac·

170 1293 249 1358 chus
272 1291 425 1366 Luceria,
444 1291 500 1359 ubi
520 1313 594 1358 cum
616 1289 768 1356 volonum
793 1289 933 1356 exercitu
955 1289 1033 1366 eret,
1057 1289 1097 1354 C:
1112 1287 1235 1354 Teren·

169 1381 232 1446 tius
248 1377 354 1449 Varro
373 1378 406 1442 in
429 1397 509 1464 agro
524 1377 654 1454 Piceno,
667 1376 693 1416 ⁵⁵
704 1376 764 1442 Μ’.
778 1376 976 1459 Pomponius
991 1377 1024 1440 in
1040 1373 1178 1442 Gallico.
1193 1395 1235 1440 ex

170 1465 363 1552 praetoribus
387 1463 502 1546 prioris
523 1464 601 1529 anni
620 1485 686 1550 pro
707 1476 845 1547 praetore
865 1462 907 1540 Q.
925 1461 1057 1527 Mucius
1076 1461 1236 1526 obtineret

173 1551 366 1630 Sardiniam,
382 1547 433 1616 Μ.
449 1548 594 1618 Valerius
615 1550 655 1614 ad
676 1549 880 1614 Brundisium
902 1571 970 1614 one
992 1549 1170 1625 maritimae,
1187 1550 1236 1612 in·

170 1649 278 1706 tentus
300 1637 448 1714 adversus
470 1657 581 1702 onrnes
605 1649 711 1702 motus
735 1635 877 1722 Philippi
899 1633 1116 1700 Macedonum
1140 1635 1236 1724 regis,

172 1737 330 1810 praeesset.
355 1723 393 1788 P.
409 1721 560 1788 Cornelio
575 1723 714 1788 Lentulo
734 1722 867 1810 praetori
891 1721 999 1788 Sicilia
1014 1722 1141 1786 decreta
1161 1741 1238 1808 prc-

172 1811 294 1887 vincia;
317 1809 359 1876 T.
374 1809 512 1877 Otacilio
532 1808 638 1876 classis
659 1809 782 1892 eedem,
803 1829 899 1896 quam
921 1808 1072 1874 adversus
1096 1803 1237 1874 Kartha-

171 1897 328 1984 ginienses
350 1895 456 1979 priote
475 1914 561 1964 euno
578 1890 748 1962 habuisset.
794 1895 947 1982 Prodigia
967 1917 1007 1960 eo
1028 1915 1115 1959 enno
1137 1894 1366 1982 malarteis»

172 1984 323 2048 nunciata
344 1995 429 2047 sunt.
452 2004 524 2068 quse
538 2004 603 2068 quo
630 1983 728 2070 magis
750 1981 922 2048 credebant
942 1981 1100 2066 simplices
1114 2003 1152 2046 uc
1167 1979 1237 2046 reli-

172 2070 252 2158 giosi
268 2068 422 2144 homines,
438 2090 477 2134 eo
498 2067 593 2152 plura
613 2068 864 2134 nunciabantur:
888 2068 1025 2132 hunvii
1047 2067 1082 2131 in
1103 2067 1174 2132 aede
1187 2065 1238 2130 in·

172 2169 223 2222 tus
247 2155 384 2240 Sospitae
405 2155 541 2220 lunonis
563 2172 675 2220 corvos
695 2154 808 2220 nidum
827 2153 954 2220 fecisse:
977 2154 1010 2217 in
1026 2153 1147 2238 Apulia
1169 2152 1239 2238 pnl-
1279 2171 1282 2178 ’

175 2265 258 2308 mam
283 2241 415 2306 viridem
438 2241 566 2307 arsisse:
591 2239 934 2326 Mantuaersagnam
954 2239 1090 2305 effusam
1115 2239 1240 2304 Mincio
1302 2285 1304 2291 ,
1380 2285 1392 2324 .;
1496 2257 1500 2283 t

173 2327 261 2394 amni
282 2339 449 2393 cruentum
473 2327 594 2393 vuum:
617 2338 650 2396 et
665 2327 797 2393 Calibus
816 2340 912 2404 crete,
928 2343 958 2390 ct
976 2325 1090 2390 Romae
1111 2325 1144 2389 in
1169 2321 1239 2390 foro

174 2414 285 2480 boario
311 2414 465 2501 sanguine
490 2412 623 2498 pluisse:
650 2425 682 2479 et
702 2413 770 2482 56ἰιι
797 2415 866 2478 vico
891 2413 1007 2478 Istrico
1031 2411 1154 2478 fontem
1180 2411 1240 2477 sub

175 2513 259 2566 terra
282 2512 372 2564 tanta
386 2499 416 2563 vi
438 2521 591 2584 equarum
612 2499 802 2578 duxissem
827 2501 922 2564 serias
943 2499 1103 2588 dolioque,
1118 2521 1191 2587 quaa
1206 2499 1240 2564 in

175 2609 213 2652 eo
237 2589 309 2651 loco
330 2598 431 2661 erant,
458 2585 626 2669 provoluta
647 2586 769 2652 ⁶“velut
790 2587 916 2670 inpetus
938 2587 1086 2652 torrentis
1110 2586 1239 2652 tulerit:

175 2685 260 2740 tacta
274 2671 315 2738 de
329 2670 413 2738 coelo
432 2671 549 2740 utrium
569 2671 733 2758 publicum
754 2673 788 2738 in
805 2671 974 2758 Capitolio,
988 2673 1091 2738 melam
1106 2674 1139 2736 ln
1155 2692 1240 2737 cam·

174 2782 219 2846 po
242 2757 390 2835 Vulcani,
411 2779 525 2827 nucem
550 2759 583 2824 in
606 2757 732 2826 Sabinis
756 2757 981 2846 publicamque
1001 2760 1262 2837 nummorum·

175 2869 213 2912 aa
226 2858 353 2932 portam
371 2842 494 2914 Gabiis.
526 2844 597 2910 Jam
614 2845 676 2911 alia
690 2849 818 2934 vulgata
832 2845 987 2912 miracula
1000 2861 1111 2912 erant:
1133 2845 1242 2910 ⁶⁷ms-

176 2945 240 3000 tam
259 2931 377 2998 Martis
394 2929 554 3002 Proeumte
571 2955 630 3000 sua
651 2947 764 3018 sponte
789 2946 990 3019 promotam:
1013 2933 1177 2998 botentin
1193 2933 1242 2998 Si-

175 3019 250 3086 cilia
270 3019 432 3091 locutam:
456 3017 608 3088 infantem
630 3019 664 3084 in
689 3033 779 3084 utero
800 3021 910 3084 matris
930 3021 964 3082 in
984 3018 1190 3097 Marrucinis,
1204 3022 1244 3092 Io
1337 3050 1340 3058 =

177 3105 352 3188 triumphe!
385 3103 557 3182 clamasse:
589 3127 628 3170 ex
655 3105 787 3170 muliere
815 3105 937 3190 Spoleti
969 3107 1072 3171 virum
1102 3109 1242 3172 sactum:

180 3191 315 3256 Hadriae
337 3212 424 3259 aram
448 3190 481 3260 in
507 3189 603 3267 cralo,
627 3193 810 3278 speciesque
831 3191 998 3256 hominum
1020 3192 1142 3258 circum
1164 3215 1244 3271 eam,

166 3299 253 3376 ,cum
269 3276 408 3342 candida
422 3276 517 3355 veste,
534 3276 614 3342 visas
633 3299 708 3344 esse.
753 3277 842 3356 Quin
861 3279 1113 3364 Romaequoque
1127 3279 1160 3344 in
1177 3280 1246 3365 ipsa
1360 3315 1369 3330 ·

210 3519 244 3568 58
259 3521 362 3570 Masta
381 3521 526 3584 Pomponius
545 3525 572 3570 la
594 3523 696 3590 Gallico]
728 3527 882 3573 cicclmtctc.
901 3527 1055 3574 Alterutrum
1067 3533 1155 3570 nomen
1167 3529 1247 3584 potest

180 3585 228 3632 llic
248 3584 294 3636 Μ’.
311 3587 458 3648 Pomponius
475 3585 577 3650 jubetur
592 3589 618 3635 in
638 3603 697 3651 agro
728 3600 814 3637 verum
833 3603 902 3638 esse:
920 3604 965 3638 nec
983 3601 1045 3650 opus
1063 3589 1102 3635 est
1118 3589 1248 3636 rescribere

177 3649 272 3698 Gallico
282 3665 390 3707 manere,
401 3663 476 3712 quem
485 3666 515 3700 eo
531 3655 634 3701 manum
645 3667 697 3702 ensa
728 3668 786 3703 sum
797 3655 849 3704 Jac.
861 3653 984 3703 Gronovlo
995 3655 1022 3700 tn
1032 3655 1083 3701 utto
1096 3651 1179 3700 Tarm.
1198 3653 1248 3702 Ne·

177 3727 299 3774 nmquam
321 3716 439 3776 scrutum
456 3723 501 3764 est.
533 3717 698 3771 ancontra
728 3734 776 3782 que
791 3721 867 3776 enim,
884 3722 905 3768 si
921 3721 989 3768 nulla
1003 3719 1101 3766 illorum
1119 3719 1248 3766 nominum

178 3792 199 3826 c.
212 3777 253 3834 25.
264 3780 280 3825 l.
292 3779 317 3826 X
321 3781 397 3834 xtlt.
407 3787 519 3831 narretur
532 3783 651 3842 plasmare
660 3797 698 3831 se·
711 3803 713 3808 ,
730 3785 834 3832 occurrit
856 3785 913 3832 alibi
937 3785 1040 3842 mentio,
1060 3784 1117 3830 ideo
1139 3784 1251 3846 sequitur

179 3844 258 3902 mam,
269 3849 298 3892 ut
314 3845 393 3892 Gutta
409 3859 439 3894 eo
454 3859 520 3894 anno
538 3848 697 3896 omitteretur.
730 3849 771 3896 tlte
792 3851 910 3898 mendosa
927 3861 995 3898 eme:
1018 3861 1059 3897 sec
1079 3851 1138 3898 :stre
1152 3849 1196 3913 sos
1216 3853 1250 3897 cst

178 3907 277 3963 aaran
290 3909 359 3961 idem
372 3910 414 3962 ille
430 3911 587 3971 Pompon'us,
600 3912 643 3973 qul
658 3914 699 3960 hic
730 3915 816 3962 muln.

178 3971 288 4048 §ellum
305 3974 413 4025 onmes
429 3925 644 4036 dicitunlnlluc.
660 3977 698 4026 lt.
763 3977 795 4026 56
815 3978 884 4026 Velut
1022 3979 1144 4046 tmmttr]
1168 3977 1252 4026 Place-

178 4049 204 4084 m
228 4037 365 4098 Θαωριωα
386 4041 500 4100 presidet
521 4043 606 4090 nutri:
627 4055 700 4104 cuper
731 4044 927 4106 retmoglscnm·
980 4045 1251 4108 consumptosque:

179 4101 329 4158 Quietu-
728 4109 840 4170 etbabet
850 4121 956 4156 unusen
968 4109 1072 4157 Hem-nli
1083 4109 1156 4160 MsS.

209 4165 265 4214 et·
273 4167 394 4228 Stagnum
405 4170 503 4229 eduum
514 4169 608 4218 Mtcdo
620 4173 697 4237 aaut]
762 4171 794 4220 67
810 4173 914 4232 Hostum
929 4173 1034 4238 Mortis]
1056 4171 1161 4222 Hastam
1175 4182 1251 4234 mrum

178 4229 325 4292 Stagnantea
340 4235 557 4293 sarcasmum
573 4240 640 4285 aurai
655 4252 698 4285 ex·
731 4237 820 4285 Martio
955 4247 1031 4286 manu
1058 4245 1160 4302 gereret.
1193 4235 1251 4284 Vid·

178 4297 281 4344 uadenti
290 4296 389 4346 samaa
731 4309 782 4352 not.
794 4301 832 4353 'lla
844 4303 875 4350 ad
913 4303 962 4352 XI.
974 4300 1014 4353 ⁶2.
1035 4309 1039 4316 '

211 4359 243 4406 55
261 4359 291 4408 Ia
310 4363 362 4410 otoo
377 4362 475 4425 rauco]
493 4365 582 4428 Soriptl
597 4367 656 4424 aa,
672 4368 698 4416 te
1087 4365 1089 4370 '
