3140 4972
426 237 428 242 ,
467 173 563 236 LIB.
582 171 696 236 xxii·
725 171 830 237 CAP.
851 172 917 234 XL.
974 197 979 202 ·
1170 179 1230 248 2⁸9

211 325 286 404 XL.
308 335 430 404 Eadem
444 347 553 405 aestate
566 323 686 403 et'cum
702 307 853 424 Phiiippo
867 357 951 425 rege,
967 323 1054 424 quod
1069 337 1140 426 jam
1155 349 1269 418 anter.
1279 357 1306 406 c.
1318 355 1374 406 aaa

109 433 111 438 '
168 436 347 510 suspectum
376 424 487 502 iuerat,
518 436 639 490 motum
671 423 789 488 bellum
818 438 876 488 cst.
919 424 1030 512 Legati
1059 423 1099 489 eb
1129 423 1230 490 Orico
1238 424 1268 469 Α·
1279 421 1306 470 ⁰·
1318 422 1375 472 ²1⁴2

111 571 117 582 .
167 511 208 576 ed
225 511 241 550 '⁶
253 509 302 576 M.
318 510 481 576 Valerium
503 523 673 596 praetorem
694 523 858 587 venerunt,
873 510 1116 596 ipraesidentem
1139 488 1392 612 clessiffl'fiffip-

169 597 343 662 Brundisio
363 597 584 684 Calabriaeque
604 599 688 660 circa
712 596 868 673 litoribus,
888 597 1084 674 nunciantes,
1108 596 1277 682 Philip-pa

167 705 244 769 pum
269 683 631 770 primumApoiloniem
654 695 798 761 tentasse,
821 683 933 746 lembis
958 683 1133 748 biremibus
1155 705 1230 748 cen-

167 784 235 835 tum
260 770 372 857 viginti
394 771 525 834 flumine
551 769 682 834 adverso
704 769 907 833 subvectum:
929 768 1054 847 deinde,
1071 783 1107 835 ut
1122 793 1160 835 ee
1181 791 1230 834 res

168 855 290 920 tardior
305 877 360 942 spe
378 855 481 934 fuerit,
498 855 539 920 ad
555 855 688 921 Oricum
712 854 793 919 ciam
816 867 909 919 nocte
923 856 1096 920 exercitum
1118 856 1365 921 admo-oscum

167 943 265 1007 visse:
291 963 426 1029 eamque
451 941 573 1020 urbem,
597 942 689 1006 sitam
715 941 748 1004 in
776 940 1037 1026 plano,1⁸neque
1061 931 1350 1042 moenibus,3¹¹3ss⁰

167 1050 270 1114 neque
291 1029 366 1092 viris
390 1041 485 1114 atque
509 1027 605 1092 armis
627 1026 774 1104 validam,
790 1027 895 1112 primo
918 1025 1026 1112 inpetu
1048 1026 1231 1113 obpressum
1338 1026 1346 1043 ⁸

167 1137 243 1180 esse.
290 1114 375 1179 Haec
392 1114 578 1178 nunciantes
593 1111 789 1190 orabuntur
809 1133 904 1197 opem
925 1112 1030 1190 ferret,
1046 1111 1232 1200 hostemque

167 1199 252 1266 baud
269 1200 403 1264 dubium
418 1200 571 1264 Romanis
585 1200 691 1267 ⁹terre
705 1211 759 1263 arrt
776 1199 942 1264 maritimis
957 1199 1076 1263 viribus
1091 1213 1230 1282 arceret3

168 1289 222 1374 qui
238 1285 281 1350 ob
295 1286 413 1351 nuliam
435 1287 529 1350 eiiam
544 1307 696 1362 caussam,
712 1285 774 1350 nisi
795 1286 881 1370 quod
909 1286 1100 1349 iuminerent
1116 1285 1230 1369 Italiae,

209 1383 362 1438 terentur.
407 1372 491 1438 10Μ.
513 1372 669 1452 Valerius,
691 1371 839 1454 praesidio
861 1371 922 1436 ioci
946 1373 1013 1457 ejus
1038 1371 1149 1437 relicto
1173 1373 1231 1439 ΡΛ

167 1395 297 1524 &alerio
326 1458 441 1545 legato,
465 1481 537 1523 curu
564 1458 661 1522 classe
686 1457 841 1522 instructa
868 1474 1052 1544 parataque,
1076 1471 1117 1536 et,
1142 1459 1231 1545 quod

167 1545 274 1631 longae
295 1565 390 1609 neves
412 1545 547 1610 militum
569 1565 681 1628 capere
694 1565 759 1607 non
782 1556 937 1629 poterant,
954 1545 987 1607 In
1002 1546 1159 1609 onerarias
1182 1547 1230 1609 in·

167 1632 288 1717 positis,
303 1630 404 1696 altero
418 1631 471 1696 die
485 1631 617 1695 Oricum
636 1631 799 1714 pervenit:
823 1633 997 1716 urbemque
1011 1651 1091 1709 eam,
1108 1630 1170 1696 ievi
1185 1645 1231 1696 te-

166 1731 262 1784 nente
285 1717 447 1803 praesidio,
471 1716 557 1803 quod
582 1717 731 1781 recedens
747 1716 832 1782 'Inde
856 1715 1026 1802 reliquerat
1053 1717 1229 1802 Philippus,

166 1803 254 1868 haud
282 1825 399 1889 magno
424 1805 595 1868 certamine
617 1803 747 1886 recepit.
792 1802 905 1890 Legati
931 1824 971 1866 eo
993 1804 1035 1866 ab
1059 1803 1386 1889 apolloniensium,

168 1904 332 1967 venerunt,
351 1891 548 1968 nunciantes,
569 1889 602 1952 iu
628 1889 793 1954 obsidione
819 1889 1001 1973 essequod
1027 1888 1164 1970 deficere
1188 1890 1230 1956 ab
1238 1881 1359 1990 iim*

169 1976 324 2040 Romanis
340 1975 472 2057 nollent,
487 1997 569 2040 esse:
592 1996 697 2062 nequa
719 1976 873 2040 sustinere
895 1974 979 2038 ultre
993 1975 1057 2038 rim
1074 1975 1229 2042 Maccdo—
1302 1957 1359 2004 ψ

166 2083 244 2126 num
267 2063 445 2147 posse„nisi
462 2061 643 2150 presidium
659 2062 802 2146 mittatur
818 2061 1010 2124 Romanum.
1057 2061 1229 2127 Facturum

167 2171 210 2225 se,
233 2171 307 2236 quae
328 2148 453 2227 velient,
476 2147 649 2234 pollicitus,
668 2147 734 2212 duo
755 2146 854 2212 miliia
874 2146 1070 2212 delectorum
1092 2147 1230 2213 militum

551 2327 566 2367 t
576 2324 607 2370 P.
618 2323 636 2372 i.
649 2321 678 2370 P.
689 2323 765 2371 Gran.
776 2321 845 2370 Crer.

164 2501 262 2537 merrres
278 2501 336 2538 cum
352 2489 432 2550 Appio
449 2489 566 2538 mscdbse
580 2489 681 2550 Syracu·
716 2488 829 2536 Oratim
838 2488 937 2550 quidem
952 2501 1048 2548 semper
1057 2488 1154 2538 exhibet
1165 2486 1231 2534 idem

165 2554 208 2612 eis,
232 2560 363 2614 autequam
387 2555 418 2608 ab
444 2567 472 2600 eo
495 2554 628 2603 discederet
651 2553 683 2601 ed
715 2554 784 2610 liber,
796 2560 824 2600 ut
835 2555 891 2600 aiibi
904 2560 1027 2602 notamus.
1052 2555 1123 2604 Adde
1134 2553 1231 2600 traicia-

164 2617 325 2678 prohibendee
347 2633 389 2678 per
409 2617 515 2665 Siciliam
535 2615 682 2665 defectiones
715 2622 764 2678 tur,
780 2619 798 2666 i.
815 2617 917 2666 XXIX.
936 2633 958 2666 c.
975 2617 1015 2665 24.
1036 2625 1060 2665 et
1079 2617 1231 2676 traicerem.

164 2682 272 2738 urbium,
293 2689 318 2728 et
337 2683 434 2729 obviam
452 2683 561 2728 eundum
580 2681 681 2729 Cartba-
714 2681 803 2728 XXX.
814 2697 834 2729 c.
847 2682 886 2730 te
902 2695 946 2742 pro
960 2685 1128 2744 tmjiciateret
1141 2685 1233 2750 ¹trajice·

164 2745 324 2806 giniensibus.
355 2748 417 2794 Octo
432 2753 516 2794 eutem
531 2745 568 2794 iiii
587 2759 683 2794 menses
714 2752 759 2795 ret.
792 2747 990 2796 Hoeccbcervare
1006 2747 1075 2795 nobie
1091 2760 1234 2808 opernpre·

165 2809 236 2858 Iaciie
280 2813 371 2858 resecto
395 2811 516 2872 reliquum
544 2813 683 2860 consulatus
715 2812 779 2858 tium
796 2824 848 2858 esee
863 2812 943 2859 visum
960 2815 1048 2871 est,ob
1064 2812 1233 2860 eximiamvc·

165 2824 280 2921 Marceii
288 2879 385 2936 ternpus
396 2881 605 2936 consumpserunt.
633 2874 683 2922 Un·
716 2876 843 2923 iustissimi
853 2875 942 2922 codicis
952 2878 1129 2923 auctoritatem.
1221 2871 1224 2882 '

164 2939 196 2986 de
210 2940 320 2999 requitur
335 2939 499 3000 expeditiones
515 2939 625 2987 Marcelli
642 2939 685 2986 ed·
749 2939 765 2986 θ
793 2939 877 2998 Terre,
907 2944 949 2986 oet
977 2941 1105 2988 maritimis
1134 2937 1234 3003 etrum]

166 3003 684 3066 rermssimioaiiimilconemqueetiiip·
718 3004 780 3052 iisse
792 3005 876 3064 procui
892 3003 1064 3055 dubioriticec
1074 3011 1140 3054 arnt.
1172 3005 1234 3054 Gro-

165 3073 300 3128 pooeatem,
314 3068 340 3116 in
358 3082 416 3116 eum
434 3081 527 3118 aunum
543 3071 684 3124 excurrisse,
716 3069 803 3116 novius
813 3082 828 3115 e
839 3067 911 3116 MSS.
928 3071 971 3130 qui
987 3075 1070 3116 umen
1085 3070 1126 3116 iric
1136 3084 1235 3132 corrup-

165 3145 216 3192 quo
230 3131 437 3192 ‘RSernpronius
452 3133 557 3180 aiterum
573 3134 684 3181 consula-
717 3133 805 3180 tissimi
826 3139 893 3190 sunt,
916 3133 1068 3196 suspicaturi
1092 3135 1236 3194 Hcsieatqor
1289 3159 1292 3168 ‚

163 3203 221 3246 tum
232 3196 330 3250 curnQ.
343 3197 418 3243 Fabio
428 3197 509 3258 gessit.
716 3195 780 3244 houd
810 3196 905 3244 dubiem
937 3197 1051 3245 Emonia
1081 3197 1235 3246 Macedonem

199 3259 419 3308 6·M.Va1erium
434 3261 570 3324 pretorem]
592 3261 621 3308 Id
637 3268 683 3318 eet,
716 3262 790 3324 Epiri
810 3262 939 3310 esuritionis
959 3261 1053 3310 mutue
1070 3266 1167 3319 arcem.
1184 3275 1235 3324 que

164 3332 348 3436 ffiraewrem’
365 3331 393 3373 ut
409 3327 498 3372 dicitur
516 3339 589 3386 supra
603 3339 624 3372 c.
642 3325 682 3374 20.
716 3356 780 3376 ....
792 3325 840 3372 Sed
858 3327 912 3373 baec
929 3328 974 3374 etei
991 3327 1116 3387 aptissime
1134 3327 1235 3374 omnino

230 3403 299 3436 uram
327 3396 434 3452 gesserat
461 3403 526 3439 enno
554 3390 682 3450 superiore.
715 3395 853 3452 congruunt
867 3392 898 3437 ed
913 3403 1023 3448 sensum,
1032 3391 1130 3452 longius
1144 3393 1236 3438 abeunt

166 3454 224 3502 Vni.
236 3453 339 3502 XXIII.
351 3454 390 3502 si.
717 3461 771 3502 tum
787 3469 802 3500 a
816 3455 915 3516 vulgata
934 3456 1047 3512 lectione,
1057 3461 1112 3502 turn
1129 3455 1204 3502 etiem
1220 3455 1241 3502 e*

198 3519 214 3566 t
236 3517 405 3568 Praedonem
440 3519 510 3568 cineri
541 3517 683 3583 Brundisio]
717 3519 791 3567 MSS.
803 3533 877 3579 quem
889 3525 917 3566 ut
927 3521 1056 3566 admittere
1066 3522 1209 3568 audeamus.

165 3581 229 3628 (ium
251 3582 326 3630 classe
348 3585 518 3646 presidentem
538 3585 682 3633 Brundisio:
750 3581 836 3630 1οΜ.
858 3584 963 3632 Valerius
977 3583 1090 3646 presidio
1110 3585 1155 3631 ioci
1173 3583 1234 3648 ejus]

163 3645 200 3693 ita
221 3653 250 3693 ut
270 3645 343 3694 riona·
360 3649 492 3710 accipiatur
514 3646 683 3696 incuterendi
716 3644 792 3710 cujus
812 3648 880 3696 iocii
903 3647 994 3696 Nullus
1020 3649 1086 3695 enim
1108 3647 1235 3710 speciatim

163 3719 233 3770 aaut,
246 3713 453 3772 quemadmodum
466 3713 531 3774 apud
542 3711 684 3772 Virgilium,
715 3713 829 3760 definitus
850 3719 888 3760 est
908 3713 934 3759 in
956 3713 987 3759 iis
1008 3727 1064 3774 que
1085 3713 1235 3775 precedunt.

165 3773 221 3820 din.
232 3774 307 3826 VIII.
318 3775 449 3824 Adrastum
459 3777 551 3823 AEnron
562 3777 636 3822 riurei.
715 3777 763 3824 Sed
779 3784 804 3824 et
822 3778 906 3838 scripti
922 3777 948 3823 in
968 3779 1015 3825 elia
1035 3778 1118 3825 omnia
1136 3778 1234 3825 abeunt.

196 3837 214 3886 8
231 3839 315 3900 Neque
329 3837 611 3904 montmercantin
629 3853 684 3887 mc·-
715 3841 827 3902 Plerique
842 3843 919 3901 enim,
936 3843 1001 3903 iique
1017 3844 1114 3903 optimi,
1128 3843 1235 3890 habente

164 3904 222 3950 aiis.
256 3903 318 3951 Sunt
330 3911 355 3952 et
365 3907 418 3953 alie
430 3919 526 3966 quoque
537 3919 616 3960 voces,
628 3920 683 3965 quoe
714 3905 757 3952 Μ.
773 3905 880 3953 Valerius
899 3906 968 3954 MM
981 3907 1134 3969 presidioque
1151 3908 1186 3954 cir
1205 3906 1234 3956 Τ.

163 3967 297 4015 identidem
317 3969 342 4015 in
364 3972 457 4030 optimo
476 3970 537 4016 libro
558 3983 606 4015 non
629 3981 682 4030 per-
718 3969 812 4017 Valerio
826 3971 1051 4032 iegatocurrrriorrr.
1087 3974 1149 4019 iiaec
1164 3983 1235 4019 man-

116 4075 120 4084 ,
164 4033 264 4094 vulgata
287 4033 367 4081 ionna
391 4035 487 4094 scriptae
514 4034 681 4094 repedanturs
713 4047 743 4080 ca
758 4039 826 4092 sunt,
843 4036 885 4082 sed
904 4036 939 4081 ite
956 4042 985 4082 ut
1004 4049 1089 4084 census
1105 4043 1234 4098 apparente

163 4101 194 4142 et
209 4093 385 4158 winaprei
401 4099 512 4156 ebidem,
526 4099 565 4144 bis
580 4097 681 4147 oizi·
708 4099 752 4144 ·Μ.
776 4096 903 4146 Valerium
930 4101 1056 4162 reliqulsse
1082 4103 1131 4150 duo
1157 4101 1236 4148 millia

165 4159 254 4207 XXII.
265 4167 291 4208 et
299 4169 493 4209 contrementem
505 4164 681 4224 momerium,
713 4163 822 4209 militnm
843 4165 954 4210 tutandas
974 4166 1059 4226 Superi
1078 4165 1153 4212 maria
1174 4179 1235 4221 orer,

164 4223 328 4275 txxr11.c.
340 4225 379 4274 21.
391 4227 529 4274 etxxrv.
541 4226 578 4273 ll.
590 4233 615 4272 et
626 4243 682 4288 par·
713 4227 802 4288 quibus
821 4228 957 4288 metent
975 4229 1005 4275 Τ.
1021 4223 1149 4277 Valerium
1169 4231 1236 4292 iege·

164 4287 682 4352 sumpto‘pasmam,xxvi.1aespore-
713 4297 775 4338 tum.
809 4290 865 4352 Ipse
880 4298 963 4340 autem
975 4293 1040 4342 Livii
1050 4296 1124 4343 verba
1138 4293 1236 4354 assequi
1325 4339 1328 4350 ,

165 4357 228 4400 retur
246 4368 291 4416 pro
308 4355 433 4416 potiretur,
450 4356 466 4402 i.
483 4355 585 4404 xxm.
603 4369 623 4402 c·
639 4355 679 4406 43.
698 4369 762 4410 „son
774 4363 886 4405 nostrum
897 4363 940 4404 est.
