3122 4962
396 161 489 228 uss.
510 148 755 222 xxvi-ana.
775 131 927 223 xixus
1119 137 1198 226 aas

132 342 247 409 poeuus
267 344 385 414 negare
449 336 564 408 temni,
577 345 638 392 nee
655 325 782 414 tyranni
803 337 903 408 erant,
919 325 954 390 in
967 345 1046 414 quos
1067 326 1271 413 culpamus.
1281 336 1340 390 sss.

133 408 332 476 contenent:
445 413 519 478 satis
548 431 681 498 pensum
709 433 887 498 poensqum,
914 423 962 477 tot
989 433 1112 478 veneno
1140 403 1340 479 absswm

134 497 259 578 sumtis,
275 510 324 563 tot
348 500 449 564 securi
472 500 627 586 percussis
652 499 862 576 senatoribus,
883 498 1064 578 credebant.
1084 528 1087 574 t
1109 502 1197 565 Pau·

43 591 46 598 ’
133 599 183 648 cos
207 585 356 649 nobilium
380 589 555 670 superstites
579 608 650 662 esse,
676 606 749 670 patos
778 607 832 650 nea
860 607 915 650 sno
944 587 1137 666 conscientia,
1163 597 1199 651 ut

135 671 367 754 quidqimm‘de
388 694 420 736 se
440 675 570 757 grauius
593 675 791 750 consulerent,
814 673 973 756 inpulerit,
995 695 1049 736 nec
1062 675 1199 738 'vimaris

136 757 187 820 ira
201 758 318 840 capitis
331 761 543 832 damnauerit,
566 779 616 824 aas
636 759 807 822 libertatem
828 758 889 824 sibi
908 761 1039 844 suisque,
1055 768 1085 822 et
1105 759 1198 839 bono-

135 864 202 906 rum
217 845 355 928 aliquam
370 841 493 928 partem
516 866 617 922 orare,
632 846 711 910 ciues
727 845 893 920 Romanos,
909 845 1122 928 affinitatibus
1129 847 1200 930 pte·

135 951 245 1013 rosqaoe
265 940 297 994 et
312 932 499 1016 propinquis
507 930 580 1015 jam
597 931 827 1016 cognationibus
842 929 920 995 ⁷⁸ea'
933 931 1082 994 connubia
1101 942 1200 997 vetus·

136 1023 169 1080 to
186 1015 322 1097 junctas.
367 1017 529 1083 Submotis
550 1015 665 1082 deinde
686 1039 705 1080 e
728 1016 858 1101 templo,
880 1016 1053 1102 paullisper
1074 1017 1200 1083 dubitu-

137 1115 217 1177 sum,
241 1123 282 1166 su
307 1103 509 1168 arcessendus
534 1127 553 1167 a
578 1105 690 1189 Capua
717 1102 760 1179 Q.
777 1103 907 1169 Fulvius
928 1115 1018 1178 esset,
1044 1108 1201 1186 (mortuus

137 1188 224 1250 euim
238 1201 310 1274 post
324 1203 450 1274 captam
465 1190 491 1234 ⁷⁴
502 1189 654 1254 Claudius
668 1189 778 1255 consui
793 1191 876 1272 erat)
890 1201 1048 1254 uteorum
1064 1190 1201 1277 impeta·=

138 1288 218 1352 tore,
233 1275 288 1360 qui
304 1296 352 1339 res
366 1276 519 1363 gessisset,
535 1275 616 1341 sicut
630 1277 712 1340 inter
729 1275 920 1341 Marcellum
937 1276 1125 1364 Siculosque
1137 1277 1201 1342 dis-

139 1371 300 1444 ceptatum
323 1365 437 1438 iuerat,
454 1363 700 1446 disceptaremus
723 1363 809 1442 dein,
833 1383 932 1449 quum
956 1362 983 1407 ³⁵
992 1361 1042 1445 M.
1057 1361 1201 1446 Atilium,
1245 1385 1264 1449 Ι·
1329 1439 1332 1446 ¹

142 1445 181 1510 C.
197 1445 342 1512 Fulvium
358 1447 486 1513 fratrem
503 1447 620 1530 Flacci,
635 1447 755 1536 legatos
770 1453 846 1536 ejus,
862 1465 899 1514 ac
914 1447 958 1526 Q.
974 1448 1156 1514 Minucium
1171 1461 1204 1514 et
1235 1452 1240 1461 ’
1311 1506 1332 1520 .,
1366 1454 1370 1464 ’

141 1531 180 1596 L.
199 1533 364 1598 Veturium
386 1535 565 1616 Philonem,
581 1535 656 1600 itam
678 1534 806 1600 Claudii
833 1536 961 1623 legatos,
977 1537 1032 1622 qui
1054 1537 1207 1600 omnibus

139 1620 287 1706 gerendis
308 1620 402 1685 rebus
425 1621 599 1696 adfuerant,
617 1613 783 1686 in‘senatu
804 1621 957 1700 viderent,
972 1644 1033 1688 nea
1054 1622 1202 1704 Fulvium

140 1707 266 1772 suasuri
286 1729 305 1771 a
321 1707 443 1792 Capua,
460 1728 519 1772 neo
538 1707 659 1772 differri
675 1707 856 1792 Campanos
870 1706 1004 1788 velient3
1026 1709 1204 1795 interroga-

141 1806 192 1857 tus
213 1794 401 1858 senteutiam
418 1793 464 1858 M.
483 1794 600 1860 Atilius
617 1793 770 1880 Regulus,
786 1797 874 1881 cujus
889 1797 991 1878 exiis,
1008 1795 1063 1879 qui
1085 1797 1126 1862 ad
1143 1799 1332 1866 summan

141 1900 238 1961 puaus
261 1877 395 1956 fuerant,
418 1881 553 1945 maxima
575 1882 743 1945 auctoritas
764 1897 849 1957 erut3
874 1883 912 1944 ln
933 1885 1072 1960 consilia,
1088 1883 1341 1968 inquissimam

140 1965 280 2048 asuiner
305 1989 353 2030 me
367 1967 473 2050 ,fiisse
500 1968 679 2044 consulibus,
698 1969 805 2049 Capua
826 1978 929 2050 capta,
952 1983 1041 2052 quum
1055 1991 1205 2054 quarere-

140 2061 202 2126 tur,
218 2054 319 2136 ecqus's
330 2055 559 2137 Campanorum
580 2057 619 2117 cie
638 2054 794 2136 republica
816 2064 923 2118 nostra
936 2055 1010 2118 bene
1021 2059 1206 2138 meritsasqs·

141 2147 188 2201 set
192 2171 205 2210 ,·
222 2141 300 2202 duas
313 2141 453 2205 mulieres
465 2151 647 2226 amnpmum
662 2149 715 2216 est,
732 2139 865 2206 Vestiam
877 2140 1013 2224 Oppiam
1027 2141 1206 2208 Atellanam

145 2224 262 2306 Capua
273 2226 471 2303 latitantes,
486 2237 517 2292 et
531 2229 698 2292 Fauonium
715 2227 944 2310 clusiumque
958 2229 1107 2312 punitam
1123 2249 1205 2312 qua·

142 2319 220 2374 stum
234 2331 361 2394 carpam
369 2313 499 2396 fecisset
505 2337 520 2389 ,⁶
542 2313 629 2377 tilam
643 2315 781 2398 quotidie
793 2315 980 2396 saorptaasse
988 2335 1050 2397 pro
1064 2317 1163 2400 sainte
1177 2325 1206 2380 et

143 2397 276 2462 viatoria
284 2401 397 2480 papuli
404 2399 554 2472 Romani·
572 2401 793 2481 lanecaptiais
803 2399 956 2484 agentibus
966 2403 1114 2465 alimenta
1128 2403 1206 2466 ciam

141 2485 359 2565 suppeditasse.
406 2485 578 2550 Cetermum
594 2489 724 2549 omnium
741 2487 964 2569 Campanorum
978 2490 1109 2552 nsmdem
1131 2509 1207 2574 erga

143 2591 199 2633 nos
210 2572 353 2647 animum,
363 2593 447 2656 qnam
459 2573 778 2656 Karthaginiensium,
782 2573 903 2658 fluisse.-
918 2575 1074 2658 securique
1081 2595 1207 2658 percus·

142 2677 190 2719 sos
204 2679 226 2718 a
244 2655 284 2732 Q,
299 2659 410 2722 Fulvia
424 2681 486 2723 esse
498 2659 607 2743 magis,
622 2680 745 2742 quorum
760 2659 899 2744 dignitas
918 2662 1000 2722 inter
1012 2663 1101 2739 alias,
1117 2683 1208 2746 qnam

145 2764 270 2827 quatum
287 2747 378 2828 maipa
393 2745 552 2809 eminebat.
592 2747 656 2810 Per
675 2755 811 2815 sanatum
832 2747 888 2830 agi
906 2748 1138 2830 de‘Campanis,
1154 2750 1209 2833 qui

144 2831 225 2894 cives
238 2831 375 2894 Romani
396 2841 475 2907 sunt,
495 2830 615 2914 ippum
629 2833 742 2914 populi
760 2853 822 2894 ison
842 2834 930 2896 uideo
944 2853 1044 2915 posse.
1067 2836 1157 2919 idque
1177 2844 1210 2898 et

145 2920 232 2998 apud
241 2917 370 3002 mcpares
384 2923 503 2981 nostras
515 2917 541 2960 ⁷⁶
551 2920 583 2980 in
598 2917 772 2982 Satricanis
772 2917 897 3002 factum
912 2929 965 2995 est,
979 2941 1067 3004 quum
1081 2921 1208 3004 defecis-

146 3013 224 3081 sent,
239 3013 273 3068 ut
288 3003 338 3068 M.
350 3003 505 3070 Antistius
521 3003 661 3070 tribunus
675 3004 776 3087 piebis
791 3005 883 3088 prius
896 3007 1207 3093 rogatianamsemet,

182 3231 214 3280 tu
229 3231 271 3277 lis
287 3229 398 3278 manalis
408 3230 507 3293 vetusta]
523 3231 595 3286 Quod
609 3227 662 3292 jam
694 3236 751 3278 asto
772 3228 902 3276 Nimirum·
917 3229 957 3276 hic
975 3231 1020 3278 ille
1034 3231 1119 3276 eodem
1135 3229 1211 3274 modo

147 3299 242 3359 pridem
253 3296 358 3342 Romani
371 3295 537 3355 Campanique
552 3307 595 3354 pes
607 3307 665 3341 eon-
695 3289 804 3340 abutitau
834 3289 947 3340 consulis·
969 3293 1137 3353 appellatione,
1160 3305 1210 3354 quo

147 3362 223 3410 aubis
232 3361 333 3408 miseere
347 3361 454 3406 invicem
466 3359 550 3406 damas
567 3359 664 3419 sangui·
694 3357 787 3432 passim
796 3359 914 3417 pistoris.
946 3357 1004 3403 vm.
1016 3363 1066 3402 not.
1075 3357 1098 3402 2.
1110 3358 1142 3403 ad
1152 3369 1173 3403 a.
1187 3357 1210 3404 1.

148 3423 664 3548 ttisisiitisiiittitffi
694 3423 1211 3552 ‘miliif'lsuncunnum„

148 3559 206 3604 dem
222 3569 286 3615 sasps
304 3555 390 3600 domos
409 3553 545 3612 iterumque
562 3552 666 3600 iterum·
699 3551 791 3608 Flami,
815 3552 901 3612 legatos
927 3549 988 3612 ejus]
1016 3553 1071 3598 Put.
1093 3550 1163 3608 lib'er,
1184 3557 1211 3596 et

147 3635 195 3682 que
202 3618 371 3682 jungereulsu.
404 3619 485 3677 Atque
503 3617 560 3664 iuda
570 3618 670 3678 propia«,
700 3625 754 3664 tras·
768 3617 838 3664 aliia
855 3615 952 3669 nostris,
966 3614 1060 3676 fratres
1070 3613 1160 3674 Flami,
1177 3616 1211 3662 ls-

149 3687 232 3746 quitus
246 3684 425 3744 aognationum·
458 3681 573 3742 Alioquin
589 3685 664 3728 umus·
692 3687 763 3744 gatos
780 3683 837 3743 ejus.
869 3680 922 3728 Neu
937 3679 1070 3740 quidquam
1086 3687 1156 3727 vetas
1174 3681 1211 3730 Μ.

149 3756 201 3798 tam
218 3747 355 3804 amuultam
370 3752 487 3805 amotas,
499 3760 547 3794 nou
567 3746 665 3807 propin-
696 3747 798 3794 Alliam
809 3743 916 3792 'fratum
934 3757 986 3810 esss
1006 3745 1095 3800 Flacci,
1109 3746 1156 3792 atsi
1174 3747 1213 3794 di·

149 3829 211 3876 quas
221 3812 378 3872 cognationes
388 3818 507 3871 arguam.
696 3813 767 3859 isrso
782 3809 933 3864 nominasti,
945 3809 996 3856 sive
1014 3808 1044 3856 esi
1061 3811 1146 3856 eadam
1157 3817 1212 3858 tun·

183 3879 217 3927 'tis
232 3877 347 3926 Claudius
357 3875 451 3938 amul
465 3877 495 3922 ld
505 3882 552 3934 est,
564 3889 665 3936 proauu-
697 3885 752 3923 sum
768 3880 846 3921 matra
855 3878 933 3932 osius,
943 3873 994 3920 siva
1003 3887 1046 3934 per
1056 3875 1211 3935 adoptionem

150 3945 218 3992 sulas
236 3943 443 4002 quemadmodum
459 3942 533 3999 inus,
551 3942 597 3986 has
612 3941 668 4000 ipsa
698 3942 723 3988 in
743 3939 874 3986 Atiliamm
893 3937 1012 3986 familiam
1034 3939 1140 3987 adscitus
1158 3940 1213 3986 fisa·

150 4011 246 4068 capitas
263 4007 296 4054 ln
312 4007 406 4056 ameum
425 4006 526 4052 arlinus
542 4002 667 4065 mesuissa
698 4006 739 4053 rit.
836 4033 842 4047 .

151 4073 281 4120 mutuus
292 4071 374 4131 Capua
389 4073 465 4130 capta.
497 4069 585 4131 Neque
600 4069 667 4116 usim
732 4071 763 4118 to
779 4069 811 4115 ln
822 4067 963 4132 summu]
980 4069 1019 4116 Da
1031 4067 1212 4116 Sanianum

152 4137 265 4198 Capuam
273 4135 540 4183 suvimesouuuius
556 4134 667 4180 consules
699 4134 838 4182 lasciuae·
852 4133 884 4178 ad
905 4131 1025 4180 Samnites
1047 4134 1097 4194 ugit
1116 4133 1211 4198 livius,

151 4200 478 4262 mansuetissimi
494 4199 668 4260 impes-iopam
699 4196 859 4247 Lixult·
893 4196 1215 4260 Sedquoehicalidiliiia

150 4273 265 4330 exactum
271 4263 441 4324 analatrasum
450 4271 590 4324 prorogatae
602 4265 668 4324 quod
700 4269 874 4320 memorantur,
882 4264 978 4312 silentia
987 4271 1042 4330 tum
1052 4261 1165 4312 amisis.

151 4328 606 4378 uivioumcitoasunissauuisimiu
617 4342 667 4376 auu
997 4357 1000 4364 ·
