3036 4972
331 171 388 228 120
720 159 837 227 TlTl
866 162 1002 224 Livii
1094 157 1100 170 '

163 353 193 400 u.
205 350 233 398 c.
244 349 301 398 aas.
327 327 413 396 trum
427 347 528 394 cornu
543 324 694 394 Numidis
707 327 867 415 equitibus
879 317 1005 412 datum,
1019 319 1212 398 media'aoie
1232 329 1402 417 peditibus-

164 418 235 468 Ν·
246 413 304 465 ²¹⁶·
325 417 468 494 firmata3
489 415 580 492 ”ita
595 425 632 478 ut
648 412 805 480 Afrorum
827 429 963 502 unaque
984 437 1103 484 cornua
1121 431 1235 495 essent,
1250 418 1394 503 interpo-

328 517 481 572 nerentur
499 501 550 568 his
573 499 669 564 medii
685 499 771 590 Galli
792 513 887 603 atque
904 502 1053 588 Hispani.
1098 503 1196 570 Afros
1213 505 1407 570 Romanam.

329 595 446 676 ma'gna
460 609 501 654 ex
522 599 613 674 parte
634 585 778 652 crederes
796 611 912 654 amem:
931 592 981 656 ita
1002 592 1115 656 armati
1137 603 1237 670 erant.
1253 591 1349 656 armis
1363 603 1406 656 et,

330 680 371 744 ad
387 675 550 752 Trebiam,
567 685 707 738 ceterum
722 695 836 760 magna
850 697 891 740 ex
912 689 1003 761 parte
1024 678 1065 742 ad
1081 677 1304 744 Trasimenum
1321 699 1398 762 eap-

331 765 382 830 tis.
427 761 528 846 Gallis
554 759 772 848 Hispanisque
797 774 887 828 scuta
906 763 1044 848 ejusdem
1066 764 1178 830 forma
1198 764 1264 830 fere
1286 777 1397 828 arant:

333 851 473 934 dispares
492 869 530 912 ac
551 846 715 912 dissimiles
734 845 851 936 gladii:
872 849 979 937 'Gallis
1000 852 1156 940 praelongi
1178 873 1216 918 ac
1237 851 1305 916 aine
1326 873 1399 914 mu-

334 936 502 1002 cronibus:
527 933 687 1018 Hispano,
710 935 854 1020 punctim
879 936 990 1022 magis,
1008 959 1103 1024 quam
1126 940 1244 1016 caesim,
1265 939 1400 1002 adsueto

334 1035 440 1110 petere
452 1021 589 1101 hostem,
604 1020 758 1085 brevitate
772 1021 892 1086 habiles
913 1037 944 1086 et
965 1045 1038 1087 cum
1055 1025 1267 1089 mucronibus.
1289 1021 1401 1090 ”ante

335 1109 456 1175 ceteros
469 1107 596 1174 habitus
632 1107 752 1170 entium
767 1107 879 1175 barum
891 1121 958 1173 tum
981 1111 1199 1196 magnitudine
1213 1129 1400 1194 corporum,

337 1209 405 1262 tum
421 1193 525 1282 specie
539 1127 687 1256 terribilis
700 1205 778 1258 erat.
823 1194 910 1260 Galli
924 1217 1019 1281 super
1032 1197 1217 1279 umbilicum
1233 1208 1324 1261 erant
1339 1203 1400 1261 nu-

289 1293 292 1300 '
336 1283 387 1348 di:
412 1281 552 1366 Hispani
565 1279 671 1344 linteis
686 1281 852 1364 praetextis
864 1291 1007 1368 purpura
1022 1284 1149 1363 tunicis,
1163 1284 1302 1354 candore
1316 1284 1402 1348 miro

337 1367 539 1456 fulgentibus,
562 1363 775 1431 constiterant.
822 1367 980 1454 Numerus
1003 1371 1147 1434 omnium
1167 1371 1322 1455 peditum,
1344 1370 1401 1456 qui

337 1471 406 1520 tum
423 1465 576 1518 steterunt
590 1453 623 1516 in
639 1454 715 1532 acie,
732 1453 865 1518 millium
879 1454 939 1520 fuit
953 1456 1171 1545 quadraginta,
1187 1457 1298 1521 decem
1312 1458 1401 1542 equi·

338 1558 418 1608 tum.
463 1540 572 1604 Duces
589 1539 742 1603 cornibus
764 1555 942 1626 praeerant:
967 1543 1096 1608 sinistro
1111 1541 1309 1628 Hasdrubab
1323 1543 1402 1607 dex-

338 1641 390 1694 tro
415 1624 601 1692 Maharbal:
633 1625 769 1690 mediam
793 1627 891 1691 aciem
920 1627 1085 1694 Hannibal
1113 1630 1181 1714 ipse
1206 1653 1279 1695 cum
1303 1629 1402 1694 fratre

340 1714 486 1802 Magone
500 1712 615 1778 tenuit.
636 1711 663 1752 ²⁴
673 1713 740 1793 Sol,
756 1735 810 1778 seu
825 1714 865 1778 de
880 1714 1035 1780 industria
1050 1717 1094 1781 ita
1108 1715 1229 1794 beatis,
1244 1734 1299 1780 seu
1314 1716 1403 1803 quod

338 1801 421 1866 forte
442 1801 488 1864 ita
507 1810 637 1876 starent,
651 1814 890 1883 peropportune
910 1802 1037 1888 utrique
1057 1803 1140 1888 parti
1160 1803 1308 1888 obliquus
1323 1817 1402 1882 erat,

342 1887 498 1953 Romanis
528 1885 562 1950 in
593 1885 768 1965 meridiem,
800 1886 908 1952 Poenis
942 1887 976 1951 in
1013 1890 1258 1974 septentrionem
1294 1891 1405 1956 versis.

339 1969 510 2050 ”ventosi
543 1970 754 2055 (Vulturnum
788 1972 902 2037 incolae
931 1975 1069 2062 regionis
1097 1979 1225 2054 vocant)
1253 1975 1405 2041 adversm

342 2057 500 2126 Romanis
517 2069 653 2137 coortus,
669 2058 772 2124 multo
785 2059 917 2144 pidvere
938 2061 971 2125 in
991 2062 1060 2147 ipsa
1080 2083 1138 2126 ora
1152 2062 1307 2128 volvendo
1327 2083 1404 2148 pro-

340 2147 484 2234 spectum
500 2145 628 2210 ademit.
825 2209 827 2212 ,
1372 2187 1376 2194 ·
1505 2211 1506 2220 ,

385 2233 530 2300 XLVII.
555 2232 703 2298 Clamore
717 2231 850 2311 sublato,
866 2254 1052 2319 procursum
1067 2236 1108 2300 ab
1122 2235 1260 2314 auxiliis,
1276 2247 1308 2300 et
1323 2257 1367 2320 pu
1390 2273 1406 2287 -
1505 2231 1506 2306 ?

341 2346 384 2389 na
400 2321 524 2387 levibns
546 2319 685 2404 primurn
708 2319 803 2384 armis
824 2322 1006 2388 commissa:
1030 2321 1146 2387 deinde
1166 2322 1308 2408 equitum
1324 2260 1406 2388 Gri-

341 2411 447 2476 lorum
468 2405 755 2494 Hispanorumque
775 2407 890 2473 laevum
912 2429 1012 2474 cornu
1036 2431 1108 2472 oum
1124 2409 1239 2473 dextro
1255 2409 1407 2475 Romano
1505 2411 1506 2432 ³

341 2493 515 2570 concurrit,
536 2492 669 2556 minime
692 2493 844 2579 equestris
868 2515 957 2560 more
980 2514 1116 2645 pugnae:
1138 2495 1294 2560 frontibus
1318 2497 1407 2565 *euim
1504 2561 1505 2572 ,

340 2580 478 2649 adversis
505 2578 759 2644 concurrendum
784 2593 861 2658 erat,
883 2581 970 2668 quia,
990 2604 1033 2648 nu
1048 2583 1080 2648 lo
1102 2583 1186 2646 circa
1209 2584 1247 2647 ad
1268 2603 1325 2646 aaa
1371 2605 1405 2648 n·
1504 2655 1505 2660 .

340 2670 420 2734 dum
442 2665 552 2731 relicto
574 2665 687 2750 spatio,
703 2664 778 2730 hinc
799 2668 911 2746 amnis,
926 2667 1001 2732 hinc
1023 2668 1167 2753 peditum
1189 2669 1271 2734 acies
1284 2668 1337 2734 ²⁶0
1350 2691 1406 2734 au·
1504 2679 1505 2684 ’

341 2754 462 2821 debant
483 2753 517 2815 in
531 2749 687 2817 directum
711 2752 872 2839 utrimque
893 2756 1036 2820 nitentes.
1082 2755 1247 2821 Stantibus
1268 2778 1307 2821 ac
1328 2778 1405 2822 con·

341 2841 430 2907 fertis
451 2851 611 2924 postremo
633 2835 728 2903 turba
744 2838 844 2925 equis,
860 2840 907 2904 vir
921 2841 1023 2906 virum
1042 2842 1206 2927 amplexus
1220 2842 1408 2909 detrahebat

342 2950 436 3015 equo.
460 2924 605 3011 pedestre
617 2947 734 3012 magna
742 2927 811 3010 jam
826 2948 865 2991 ex
887 2941 979 3012 parte
999 2941 1157 2993 certamen
1179 2927 1295 2993 factum
1318 2943 1405 2995 erat:

344 3015 448 3079 acrius
474 3025 591 3089 tamem
615 3033 712 3097 quam
733 3011 862 3091 diutius,
885 3027 1061 3101 pugnaturn
1084 3029 1148 3091 est3
1170 3016 1317 3102 pulsique
1341 3005 1410 3082 llo·

242 3137 245 3144 ⁴
344 3099 430 3166 mani
452 3097 571 3187 equites
594 3113 683 3185 terga
699 3113 837 3164 vertunt.
882 3101 950 3166 Sub
972 3102 1124 3188 equestris
1144 3101 1240 3168 finem
1262 3105 1408 3169 certami-

599 3249 616 3316 ¹.
624 3261 714 3316 ventas,
725 3272 792 3320 quem
807 3259 1071 3324 Veliternum-uocant,
1081 3260 1156 3308 Gron-

342 3397 351 3406 '
380 3390 412 3440 22
427 3385 467 3437 1u
484 3395 512 3437 ut
526 3389 645 3454 Asturam
663 3395 759 3452 utroque
778 3405 863 3438 cornua
894 3391 993 3441 tatum
1025 3391 1136 3452 Lipsius=
1157 3389 1220 3437 aaa
1237 3389 1285 3437 alia
1303 3393 1414 3446 orama,

346 3456 431 3518 sunit]
450 3457 489 3502 lta
504 3461 533 3502 ut
548 3462 650 3516 unaque
669 3471 760 3503 cornua
776 3457 864 3503 mediae
896 3459 934 3504 vel
945 3456 1070 3520 adspectas.
1103 3457 1248 3514 Gronovius,
1264 3456 1365 3515 propius
1381 3458 1414 3502 ad

347 3522 407 3569 anei
425 3517 479 3568 afri
495 3521 588 3580 pedites
607 3526 726 3575 tenerent,
741 3521 865 3580 cingentes
897 3521 993 3580 scripta
1012 3521 1122 3568 iectionis
1140 3521 1256 3582 vestigius
1273 3533 1328 3566 runc
1347 3524 1371 3567 st
1387 3535 1414 3566 a·

347 3587 405 3633 hinc
422 3591 447 3632 et
462 3586 519 3632 inde
538 3586 614 3631 latera
631 3585 757 3632 Gallorum
774 3585 864 3645 Hispa·
895 3585 941 3631 iius
950 3585 1048 3634 habitur.

348 3641 485 3709 denamque
495 3650 615 3710 peditum.
670 3676 674 3684 ·
929 3648 961 3698 24
977 3645 1413 3712 aot..strt'qurparrtrt1qaumar]

379 3715 412 3762 23
428 3713 492 3761 Asta
507 3716 591 3760 camos
604 3713 698 3760 aalma
710 3713 797 3761 luorum
807 3727 864 3770 serr·
897 3714 938 3762 Sol
959 3714 1082 3763 auriensi
1104 3717 1170 3777 quod
1188 3715 1276 3762 diserte
1294 3715 1416 3774 expressit

347 3779 421 3842 tiam]
439 3779 493 3826 Hoc
504 3779 536 3823 ab
546 3777 650 3824 Grutoro
660 3789 713 3824 esse
723 3779 793 3826 dccet
803 3780 864 3826 Gro-
889 3779 1020 3841 ·Poiybius.

347 3845 444 3906 novius.
467 3843 727 3902 Senmsnonineprus.
751 3843 865 3890 &terum
930 3845 962 3892 25
988 3845 1083 3901 Vastus,
1109 3843 1251 3890 Vulturnum
1271 3842 1353 3889 mooloe
1375 3856 1417 3890 aa·

348 3911 402 3956 haec
413 3919 463 3954 non
474 3905 571 3953 videtur
581 3919 633 3952 esso
645 3919 700 3954 vera
711 3905 776 3954 Livii
791 3908 866 3968 scrip-
898 3909 965 3972 cant]
983 3908 1066 3968 Vulgo
1076 3923 1143 3970 quem
1156 3909 1305 3955 Vulturnum.
1328 3907 1377 3954 Sed
1389 3907 1417 3957 si

348 3980 411 4019 nara.
445 3969 594 4024 MSSenim'
609 3971 635 4016 in
648 3971 697 4018 alia
712 3973 795 4018 omnia
808 3975 863 4019 abe·
898 3987 965 4036 quarn
982 3973 1095 4036 ignorant
1116 3981 1166 4020 tres
1188 3970 1274 4032 optimi
1301 3972 1415 4019 micus

348 4043 403 4083 unt.
439 4035 486 4081 Sed
497 4047 573 4093 quum
585 4036 625 4081 hic
639 4049 725 4083 omnes
735 4038 864 4084 defensati
891 4039 1042 4098 etdcsoepe
1052 4036 1301 4098 ornatioqoibivins.

344 4101 406 4155 sint,
424 4102 477 4145 ants
496 4097 565 4145 satira
581 4099 729 4156 dunimius,
750 4103 788 4148 vel
806 4101 864 4148 dan·
929 4104 961 4151 26
979 4101 1314 4164 crudiant....strssus]
1340 4100 1414 4147 Glau-

347 4165 514 4218 amaremur
530 4177 587 4210 cum
605 4165 725 4211 similibus
738 4165 862 4221 indibriist
897 4169 986 4216 debant
1012 4166 1070 4214 hinc
1096 4167 1229 4223 Romanos,
1251 4166 1308 4212 inde
1330 4165 1417 4210 Gallos

294 4285 301 4290 .
346 4229 413 4288 quod
434 4229 527 4274 editum
549 4229 692 4289 reperimus,
712 4242 810 4278 manere
832 4233 865 4277 si·
899 4233 1068 4292 Hispanosque
1084 4233 1188 4294 equites,
1199 4229 1242 4290 qui
1258 4230 1360 4290 proinde
1374 4243 1415 4276 oo-

347 4292 436 4340 vimus.
469 4291 584 4341 Laurent.
608 4294 682 4342 Valla
713 4292 865 4357 conjiciebat,
896 4299 1016 4357 genantur
1037 4297 1062 4343 in
1084 4299 1204 4346 directum
1225 4295 1347 4342 frontibus
1372 4295 1416 4340 ad·

347 4355 410 4406 Ante
427 4357 474 4405 atta
491 4359 590 4414 babitus,
608 4361 646 4406 vei
664 4361 731 4406 Inter
751 4361 798 4406 alia
817 4362 865 4422 ipsc
897 4363 972 4409 versis
982 4362 1036 4410 niti.
