3136 4970
451 174 544 236 nin.
573 173 705 235 xxvn.
730 139 835 235 crin
861 175 962 236 xnn.
1169 175 1224 236 ses

160 339 348 404 intererant.
393 339 525 406 cotra*
544 339 665 406 Punice
678 363 715 406 ec
731 339 879 405 Romana
893 341 988 406 inter.
998 339 1119 406 'scebet
1140 361 1225 406 cam·
1235 337 1302 417 m,
1314 365 1370 422 tls.

160 445 232 511 pus,
257 426 354 492 eolles
377 426 575 492 inminebunt
597 428 676 492 nudi
704 426 831 492 sinistro
857 428 947 492 lateri
1011 428 1099 492 srtlrs
1125 427 1224 491 'niers-
1232 433 1369 484 bil-20⁷·
1429 431 1431 438 “

158 514 257 589 sium,
272 513 387 578 dextro
404 514 634 592 Romanorum,
654 513 775 578 neutris
796 515 943 600 suspecti,
1002 514 1044 578 od
1067 449 1145 578 oilli
1170 514 1224 578 sits
1251 559 1256 572 .

160 619 212 662 ine
225 620 328 685 neque
343 600 383 664 nd
398 600 526 666 insidias
539 599 731 666 latebrarum
748 599 918 664 habebant.
983 623 1001 663 n
1018 598 1088 664 med
1094 604 1125 664 io
1138 621 1225 664 eam·

159 707 206 770 po
220 685 261 751 ab
276 686 462 752 stationibus
482 699 701 771 procursantes
722 687 907 764 certamina,
923 685 1011 750 baud
1031 686 1105 753 setis
1126 688 1224 772 digus

158 771 261 849 dictu,
283 773 442 838 serebant.
486 772 526 838 Id
548 771 645 838 modo
669 773 853 838 Romanum
874 793 1019 860 quaerere
1039 773 1224 858 adparebatt

156 857 300 924 nesbire
310 857 432 924 bostem
448 873 620 944 pateretur.
666 859 840 935 Hannibal,
853 859 928 922 inde
938 859 1071 923 eradere
1081 861 1222 944 cupiens,

158 945 236 1010 totis
250 943 370 1010 viribus
388 947 421 1010 in
442 945 542 1010 aciem
560 944 779 1010 descendebat.
823 945 909 1010 Tum
925 945 1047 1027 consul,
1062 945 1223 1034 llingenio

158 1031 261 1098 hostis
283 1053 369 1110 usus,
391 1053 455 1119 quo
477 1033 581 1096 minus
602 1033 635 1095 in
657 1045 721 1096 tam
744 1033 861 1115 apertis
882 1031 1015 1096 collibus
1028 1033 1132 1097 tinseni
1147 1033 1223 1097 insi·

157 1117 225 1182 dim
238 1132 395 1202 poterant,
407 1119 551 1206 quinque
575 1117 730 1194 cobortes,
746 1117 863 1184 additis
877 1118 1018 1204 quinque
1038 1120 1221 1206 inanipulis‚
1231 1137 1388 1188 mutiano

157 1218 255 1270 noete
274 1206 388 1293 jugum
403 1227 561 1290 superare,
576 1218 608 1270 et
622 1205 655 1268 in
670 1205 786 1268 aversis
799 1205 933 1269 vallibus
946 1205 1111 1271 considere
1119 1207 1221 1293 jubet.
1230 1217 1367 1252 manemus.

160 1303 288 1375 tempus
306 1313 385 1356 exsu
465 1291 498 1358 di
522 1313 564 1356 err
589 1291 722 1368 insidiis,
738 1306 771 1355 et
789 1291 995 1379 adgrediendi
1016 1291 1154 1374 hostem,
1168 1292 1221 1357 Tl'i.

154 1377 333 1446 ‚claudium
349 1381 415 1444 Ass
427 1378 494 1442 lum
510 1377 675 1444 tribunum
689 1377 828 1444 militum
843 1394 876 1441 et
891 1377 930 1442 P.
947 1377 1117 1442 Claudiurn
1140 1401 1223 1464 prse-

159 1463 277 1566 fectum
304 1464 424 1567 socium
447 1465 566 1542 edocet,
596 1485 676 1550 quoe
697 1465 834 1565 cuniis
856 1463 1034 1566 mittebat..
1056 1465 1130 1551 lpse
1150 1465 1223 1532 luce

159 1550 1221 1725 lllttlt.ttltrlt‘lltlrgttltlzlt'zetltttl'tt
1282 1596 1285 1603 ’

158 1725 344 1811 clamorque
366 1725 400 1790 in
422 1725 534 1790 castris
556 1723 598 1788 ad
620 1743 712 1788 arms
733 1723 978 1788 discurrentium
1000 1738 1047 1788 est
1069 1725 1223 1790 sublstust

159 1812 236 1876 inde
259 1833 355 1897 eques
379 1810 539 1898 pedesque
567 1808 708 1876 certatim
739 1811 840 1895 portis
864 1831 967 1886 ruere,
990 1833 1028 1874 ac
1047 1812 1143 1895 palati
1164 1833 1224 1896 per

158 1919 309 1982 namprsm
325 1919 496 1984 properare
509 1897 551 1962 sd
565 1896 680 1962 hostes.
725 1897 818 1972 Quos
839 1895 895 1960 ubi
916 1896 1030 1960 effusos
1051 1898 1162 1962 consul
1177 1899 1222 1962 vi·

158 1983 224 2060 slet,
246 1984 377 2050 tribuno
399 1984 536 2050 militum
558 1984 660 2049 tertiae
679 1982 812 2067 legionis
828 1983 866 2047 C.
882 1983 1102 2048 Aurunculeio
1121 1985 1222 2070 impess

158 2084 282 2222 ittet
303 2071 429 2222 {ult
444 2069 1037 2223 ¹⁹t⁰⁰³t0tll⁰t0ltilttl⁰¹tl
1051 2071 1222 2222 tull

158 2244 220 2308 sim
234 2265 348 2330 campo
363 2267 396 2309 se
408 2177 587 2322 fudisseFut
600 2243 700 2307 sterni
714 2242 890 2329 obterique,
905 2177 1089 2330 ppellsquam
1104 2179 1221 2310 malru-

158 2343 264 2407 sntur,
280 2333 413 2416 possint.
1009 2362 1011 2372 ⁴

204 2418 320 2484 XLII.
342 2418 497 2486 Nondum
521 2415 687 2483 Hannibal
706 2440 725 2483 e
743 2417 852 2483 castris
873 2419 1004 2498 exierat,
1043 2441 1118 2486 uum
1140 2433 1383 2510 pug-eugnseou-

157 2507 304 2570 nantium
318 2505 490 2570 clamorem
510 2503 641 2570 audivit
664 2506 779 2592 itaque,
796 2505 918 2570 excitus
932 2441 1089 2582 tumultu,
1105 2509 1220 2593 raptim
1228 2499 1344 2559 mlum·

155 2592 200 2658 sd
213 2591 337 2658 hostem
352 2593 460 2677 copias
483 2593 559 2677 agit.
602 2591 675 2656 Jam
702 2592 822 2680 primos
845 2593 1056 2674 occupaverat
1077 2593 1221 2682 ¹⁸eques·

156 2687 227 2744 ter·
241 2693 354 2744 terror.
368 2679 511 2760 peditum
529 2679 625 2744 etiam
641 2677 744 2828 qrima
765 2677 849 2764 legio
862 2693 895 2743 et
916 2677 1032 2760 dextre
1057 2679 1108 2746 ala
1131 2703 1220 2766 prte-

157 2767 237 2830 lium
262 2765 395 2831 inibunt.
417 2765 620 2852 incompositi
669 2777 764 2846 ostes,
790 2776 827 2829 ut
848 2781 1006 2852 quemque
1031 2780 1087 2831 out
1109 2767 1221 2852 pediti,

157 2864 217 2916 sut
290 2852 327 2917 iti
341 2875 432 2917 casus
447 2851 573 2932 obtulit,
589 2851 633 2916 ita
646 2863 818 2917 conserunt
837 2873 962 2918 manus.
984 2854 1096 2918 crescit
1111 2873 1221 2942 pugna

157 2873 315 3014 sumldlle,
332 2939 398 3003 ¹⁹et
415 2939 670 3024 procurrentium
685 2938 726 3003 sd
742 2951 900 3002 certamen
915 2959 1049 3003 numero
1061 2956 1217 3028 augetur:

156 3037 397 3112 pugnantesque
423 3025 520 3109 (quod
547 3024 662 3108 nisilin
686 3037 792 3089 vetere
812 3025 963 3102 exercitu,
979 3039 1011 3091 et
1030 3025 1104 3092 duci
1124 3029 1220 3094 veteri

158 3110 246 3178 baud
269 3110 360 3178 facile
385 3112 445 3193 est)
469 3112 550 3176 inter
571 3109 744 3176 tumultum
772 3133 810 3176 ac
838 3125 991 3194 terrorem
1020 3112 1220 3180 instruxisset

157 3197 337 3278 Hannibal,
353 3199 386 3262 ni
405 3196 585 3262 cohortium
600 3218 637 3261 ac
652 3197 887 3283 manipulorum
910 3196 1145 3264 decurrentium
1161 3219 1219 3285 per

237 3359 250 3388 ἢ
261 3358 426 3418 patescerent
437 3351 714 3402 istermdrsP.Gron.
828 3353 968 3414 ’φωνῶ
978 3353 1053 3400 Gron.
1066 3356 1138 3402 cres.
1178 3419 1180 3426 y

155 3504 234 3554 menti
246 3502 337 3550 moenia
346 3509 372 3549 et
382 3507 461 3550 castra
471 3501 608 3551 Poenorum.
627 3499 669 3550 in·
734 3499 766 3548 18
781 3499 904 3562 Equestris
919 3498 1005 3563 ueros]
1023 3499 1116 3561 Optimi
1127 3501 1218 3562 quique

156 3575 195 3616 ter
212 3567 305 3616 Punice
315 3576 340 3615 et
351 3569 462 3615 Romana
480 3572 559 3614 castra
573 3561 670 3627 jacebat
702 3566 786 3626 scripti
795 3579 861 3626 eques
871 3568 953 3612 terror.
987 3565 1073 3626 ltaque
1084 3565 1217 3613 admodum

151 3626 265 3694 esrupus·
298 3633 379 3688 Quam
396 3632 436 3680 hie
453 3632 579 3692 sequimur
596 3633 671 3690 scrip·
702 3631 832 3691 probabilis
852 3633 890 3676 est
911 3629 1038 3678 stramem
1064 3627 1217 3693 conjecturs:

154 3705 247 3758 turam,
258 3712 287 3746 ea
297 3705 335 3746 est
352 3698 466 3746 omnium
483 3697 628 3758 seripmrum
645 3702 671 3742 et
702 3699 803 3755 equom
814 3698 899 3742 terror.
1216 3725 1219 3732 -

153 3770 215 3814 vett.
234 3764 363 3818 editorum.
396 3762 480 3824 Vulgo
497 3775 562 3808 nunc
581 3757 670 3822 legitur
735 3759 767 3806 19
782 3759 817 3806 Bt
833 3759 1030 3820 procurrentium
1049 3757 1081 3806 ad
1101 3763 1218 3808 eertoesm

154 3828 278 3889 quingenti
300 3842 384 3890 puseus
409 3831 477 3874 met
506 3827 568 3872 luter
593 3829 669 3872 metro
701 3837 796 3872 sturmo
823 3824 936 3887 rugetur]
970 3823 1050 3872 Facile
1077 3831 1217 3885 pateremur

154 3892 248 3942 Fusios
258 3905 286 3938 sc
296 3891 410 3940 Rossssu·
442 3890 593 3952 Isterjsoelst
607 3903 669 3936 eom·
701 3895 782 3935 totum
792 3889 839 3935 hoc
849 3889 1045 3936 additamentum
1062 3891 1155 3944 abste,
1172 3902 1217 3936 cu·

147 3970 205 4018 pse.
237 3958 300 4012 ουρ
317 3957 390 4006 lectio
410 3956 511 4002 omnino
532 3960 596 4002 stare
609 3967 668 4002 non
696 3948 741 4015 jus
755 3953 821 4000 idem
837 3953 909 4012 plane
924 3965 1010 4000 seusus
1020 3957 1066 4008 est,
1078 3955 1120 4002 sed
1134 3953 1217 4002 minus

150 4029 256 4080 poteret,
278 4035 356 4081 quum
378 4033 452 4081 supru
472 4020 566 4066 meanis
582 4020 668 4066 conatu
701 4017 824 4078 menter
835 4029 972 4077 expresms,
987 4031 1016 4066 sc
1031 4017 1136 4066 membri
1153 4031 1218 4078 prn-

152 4085 222 4134 mitte
232 4087 284 4134 tere
299 4092 325 4132 et
335 4086 482 4147 quingentos
496 4089 670 4144 passosesstrs
700 4081 818 4136 cedentis
829 4083 910 4128 cmm
921 4095 1005 4142 pegus
1014 4082 1131 4130 subsidiis.
1164 4082 1216 4130 its·

151 4149 184 4195 sb
194 4150 265 4198 hoste
274 4151 398 4208 meerbec-
700 4159 749 4206 que
759 4145 820 4191 illud
830 4157 875 4205 pro
885 4147 1030 4206 glossemate
1040 4147 1153 4196 videmur
1170 4147 1215 4194 hs-

165 4259 169 4266 .
187 4213 347 4276 17¹1sgssu
360 4214 431 4264 dusiis
446 4211 514 4276 ηοω]
537 4212 567 4260 lu
616 4211 667 4258 'um
699 4211 758 4260 bere
776 4211 933 4270 persequor!
949 4223 1033 4258 exors
1048 4211 1104 4260 libri
1119 4211 1215 4260 incon·

149 4279 236 4392 nosti}
247 4280 368 4338 imitetur,
377 4283 412 4328 'et
429 4280 545 4328 euvenus
563 4225 668 4324 fibellum
700 4279 796 4344 textum
808 4279 899 4324 temere
909 4275 1038 4336 irrepserit.

150 4349 205 4392 arte
237 4345 309 4394 smics
320 4349 399 4392 utens.
848 4363 850 4373 ι

739 4411 826 4466 ΗΒ
