3064 4976
310 135 401 234 su¹
615 165 631 216 -’
692 172 812 236 arr-1
845 170 979 238 utvrr
1078 169 1083 183 ¹

150 341 292 399 uxamae·
310 337 471 424 elephanti
492 333 744 428 quatuordecim.
756 341 873 406 elassis
888 336 1206 427 praeterea-detetur}
1220 337 1375 410 tueadsm

150 413 286 464 ⁸·⁰'²¹⁸·
303 423 501 490 maritimam
526 441 626 506 oram,
652 429 748 514 (quia,
772 443 955 514 quaparte
973 423 1054 494 belli¹
1075 431 1226 509 vicerant,
1247 453 1289 496 ea
1304 446 1372 497 tum

311 532 439 600 quoque
451 527 676 602 rem-gesturos
692 513 865 591 Romanos,
880 516 968 582 credi
988 519 1125 602 poterat)
1137 517 1374 606 'quinquaginta

310 599 563 732 quinqueremes,
593 601 808 687 quadriremes
837 602 921 680 duae,
957 603 1102 668 triremes
1130 605 1289 690 quinquet
1315 601 1376 670 ¹aad

337 699 426 771 aptae
442 685 666 773 instructaque
681 689 814 774 remigio
834 689 965 776 triginta
986 702 1018 753 et
1039 691 1111 754 duae
1127 691 1377 777 ‘quinqueremes

312 786 412 852 erant,
435 787 467 837 et
492 774 634 838 triremes
659 775 808 861 quinque.
841 777 904 840 'Ab
920 775 1311 865 Gadibus'Kartbaginem
1334 779 1378 843 ad

312 859 451 925 hiberna·
465 861 622 925 exercitus
644 861 748 925 rediit.
766 874 874 946 ¹atque
888 862 973 941 inde,
988 863 1149 948 proiectus
1158 877 1281 948 proeter
1296 864 1376 930 Eta-

150 963 278 1012 eamntum
311 947 424 1012 vissam
450 947 570 1025 urbem,
586 947 772 1012 adlberum
796 949 1050 1036 maritimamque
1070 971 1159 1014 oram
1174 951 1272 1015 ducit.
1311 951 1375 1032 lbi,

150 1027 302 1076 thnlfflss·
311 1031 395 1098 fama
409 1048 464 1110 est,
481 1033 514 1096 in
530 1034 635 1119 quiete
645 1034 746 1098 visum
760 1033 801 1098 ab
816 1057 855 1098 eo
858 1036 1007 1121 juvenem
1023 1035 1132 1100 divina
1146 1037 1260 1122 specie,
1274 1039 1328 1124 qui
1343 1059 1377 1102 sc

311 1119 351 1183 ab
364 1122 442 1188 Jove
456 1122 573 1185 diceret
587 1124 688 1186 luceru
704 1123 738 1184 iu
751 1121 879 1184 Italiam
895 1123 1074 1188 Hannibali
1086 1125 1224 1187 missum:
1242 1127 1377 1206 proinde

310 1217 495 1292 sequeretur,
519 1229 614 1292 neque
632 1227 756 1291 usquam
778 1231 800 1270 a
823 1229 856 1271 se
869 1210 1038 1295 deflecteret
1060 1212 1167 1274 oculos.
1214 1209 1373 1274 Pavidum

310 1293 427 1378 primo,
449 1313 606 1378 nusquam
629 1292 941 1379 circumspicientem·
954 1308 1011 1359 aut
1036 1295 1266 1380 respicientem,
1283 1313 1376 1361 secu·

311 1396 396 1456 tum;
417 1379 546 1457 deinde,
559 1400 636 1444 cura
651 1379 783 1444 humani
797 1381 928 1468 ingenii,
944 1401 1055 1468 quum,
1069 1381 1222 1468 quidnam
1236 1383 1268 1446 id
1280 1396 1372 1462 esset,

311 1466 398 1568 quod
413 1466 567 1552 respicere
580 1466 694 1531 vetitus
709 1481 798 1547 esset,
818 1467 954 1554 agitaret
967 1467 1086 1544 animo,
1102 1483 1279 1554 temperare
1294 1489 1375 1534 ocu·

310 1551 349 1616 lrs
363 1553 555 1640 nequivisset
578 1565 646 1616 tum
661 1553 788 1634 vidisse,
803 1565 876 1638 post
899 1575 966 1619 sese
985 1567 1162 1640 serpentem
1187 1556 1267 1620 mira
1282 1579 1375 1644 mag-

310 1638 457 1705 nitudine
476 1658 549 1704 curn
572 1638 692 1726 ingenti
712 1639 915 1704 arborum'ac
930 1641 979 1704 vir
993 1641 1140 1708 'ultorum
1162 1655 1266 1729 strage
1287 1641 1374 1723 ferri,

310 1747 348 1791 ac
362 1740 436 1812 post
457 1727 577 1813 insequi
597 1747 669 1790 cum
690 1729 818 1813 fragore
831 1725 908 1790 coeli
921 1726 987 1791 nim
1014 1749 1084 1792 um:
1106 1740 1185 1805 tum,
1201 1749 1270 1812 quae
1284 1731 1377 1794 moles

310 1833 359 1893 ea,
385 1815 495 1898 quidue
511 1815 657 1900 prodigii
685 1823 770 1893 esset,
793 1812 1155 1899 quaerentem-audisse:
1193 1815 1375 1880 Vostitatem

308 1900 765 2050 Italioeeqscqqdpergeretporro
780 1901 1000 1980 trecanum
1012 1903 1193 1985 inquisierat,
1204 1903 1378 1987 sineretque

357 2009 379 2050 a
393 1989 428 2050 in
524 1997 556 2050 to
569 2007 641 2052 csse.

148 2093 274 2141 Hannibal
295 1987 489 2138 fflxxlll
514 2072 590 2138 Hoc
614 2072 679 2136 risu
705 2071 795 2137 loetus
818 2071 977 2157 tripartito
999 2071 1126 2138 Iberum
1150 2074 1257 2160 copias
1277 2075 1373 2161 traje-

149 2156 248 2234 ¹¹³0¹¹¹J¹¹
309 2158 363 2237 cit,
380 2158 561 2244 praemissis,
576 2160 630 2244 qui
646 2157 815 2224 Gallorum
830 2159 963 2238 animos,
979 2179 1043 2246 qua
1053 2159 1266 2225 traducendus
1280 2183 1375 2226 exer-

147 2228 243 2268 “mm
309 2246 390 2311 citus
405 2258 483 2322 erat,
500 2245 592 2310 donis
613 2243 829 2322 conciliarent,
844 2245 1037 2332 Alpiumque
1057 2246 1209 2311 transitus
1230 2247 1376 2332 specula-

309 2335 429 2400 rentur.
451 2332 627 2419 nonaginta
643 2331 741 2396 millia
753 2331 907 2417 peditum,
923 2331 1091 2397 duodecim
1103 2333 1206 2397 millia
1226 2333 1373 2420 equitum

311 2419 441 2485 Iberum
464 2418 614 2483 traduxit.
661 2417 812 2507 Ilergetes
833 2417 917 2496 inde,
935 2418 1180 2508 Bargusiosque,
1196 2422 1375 2486 etAuseta·

309 2527 379 2584 nos,
396 2521 428 2570 et
441 2505 691 2583 ffl‘Lacemniam,
712 2504 939 2591 quresubjecta
955 2506 1117 2658 quenoeis
1138 2507 1299 2570 montibus
1313 2519 1372 2586 est,

310 2591 453 2678 subegit:
476 2613 604 2678 oraeque
619 2591 694 2655 buio
715 2591 801 2656 omni
815 2591 959 2676 proefeoit
1018 2613 1188 2672 annonem,
1204 2607 1240 2658 ut
1253 2592 1373 2674 lauces,

310 2700 382 2766 quae
399 2678 574 2763 Hispanias
586 2676 699 2742 Galliis
709 2679 768 2763 jun
793 2691 859 2756 unt,
875 2679 908 2741 in
924 2691 1079 2763 potestate
1092 2691 1205 2744 essent.
1249 2678 1373 2744 Decem

309 2765 409 2830 millia
422 2764 564 2851 peditum
582 2763 739 2830 Hannoni
750 2701 792 2828 ai
806 2765 990 2850 praesidium
1005 2763 1031 2804 ⁹⁵
1039 2764 1220 2829 obtinendae
1235 2767 1375 2854 regionis

128 2864 290 2924 ,Pyrenaeum
308 2851 393 2929 data,
416 2866 448 2916 et
473 2851 559 2916 mille
585 2853 715 2937 equites.
761 2851 934 2937 Postquam
960 2873 1022 2936 per·
1042 2852 1231 2939 Pyrenaeum
1256 2853 1373 2917 saltum

146 2928 238 3039 Ἥ]
250 2942 290 2975 ⁸¹¹·
308 2939 432 3003 traduci
448 2939 603 3002 exercitus
612 2950 664 3002 ⁴est
679 2950 812 3024 coeptus,
827 2958 1001 3024 rumorque
1015 2959 1073 3023 per
1093 2938 1246 3003 barbaros
1260 2959 1375 3004 mana·

146 3005 177 3052 μ
308 3024 354 3090 vit
368 3025 484 3089 certior
497 3024 539 3090 de
552 3023 636 3089 bello
653 3023 802 3089 Romano
810 3048 819 3102 3
842 3025 902 3089 tria
915 3023 1016 3089 millia
1029 3024 1105 3088 inde
1117 3024 1373 3110 Carpetanorum

308 3109 453 3196 peditum
474 3111 535 3175 iter
556 3125 746 3176 averterunt.
768 3113 946 3192 constabat,
968 3132 1032 3176 non
1058 3125 1124 3177 tam
1150 3111 1243 3175 bello·
1257 3124 1372 3191 motos,

332 3219 404 3262 uam
431 3197 663 3287 longinquitate
690 3199 751 3262 vim
775 3197 1042 3284 insuperabilique
1065 3197 1196 3282 Alpium
1226 3197 1372 3263 transitu.

309 3219 487 3364 ilannibal,
505 3284 580 3372 quia
594 3307 741 3349 revocare
755 3298 811 3348 aut
824 3285 855 3348 vi
873 3284 1009 3349 retinere
1031 3305 1089 3349 eos
1108 3305 1223 3370 anceps
1236 3297 1315 3362 erat,
1329 3307 1374 3350 ne

308 3385 486 3436 ceterorum
509 3373 605 3436 etiam
627 3371 747 3436 feroces
773 3371 871 3434 animi
895 3372 1104 3448 irritarentur,
1126 3391 1222 3456 supra
1251 3383 1373 3454 septem

308 3457 408 3523 millia
428 3458 595 3524 hominum
617 3458 729 3523 domos
749 3458 881 3536 remisit,
893 3457 1007 3544 ⁹⁶qu0s
1026 3470 1058 3523 et
1080 3458 1147 3542 ipse
1171 3457 1297 3557 gravari
1311 3459 1374 3521 mi-

308 3543 378 3610 litia
392 3558 542 3625 senserat,
559 3546 756 3628 Carpetanos
770 3566 896 3632 quoque
910 3548 950 3608 ab
965 3567 998 3610 se
1010 3543 1152 3628 dimissos
1166 3542 1328 3608 simulans.

323 3667 326 3676 ,
352 3631 484 3702 XXIV.
507 3632 600 3711 Inde,
617 3653 657 3696 ne
672 3653 761 3696 mora
781 3643 878 3717 atque
896 3632 997 3696 otium
1018 3631 1142 3695 animos
1156 3627 1372 3709 sollicitarent,

699 3744 985 3824 interemere.
1075 3753 1077 3760 ⁴

319 3909 465 3973 '98'Apta
514 3910 692 3958 convenienter
720 3912 828 3960 amatae„
854 3907 980 3966 Hispaniae
989 3903 1098 3968 subjecta
1109 3907 1233 3966 mnaso.

308 3978 377 4024 Infra
395 3977 422 4022 X
502 3975 541 4024 lo.
559 3976 651 4025 mutilo
669 3975 822 4020 turbamenta
855 3970 1095 4083 daewmm]
1118 3970 1252 4024 Tenender,
1273 3982 1372 4016 servam

307 4041 454 4089 tractant
895 4067 903 4084 .

320 4059 551 4168 pallacontam]
576 4103 647 4150 Prius
665 4103 706 4151 hic
727 4102 824 4159 legeba-
887 4101 918 4148 96
936 4099 1008 4164 (ἔτισε4
1023 4104 1046 4146 et
1074 4100 1122 4160 ipre
1145 4099 1245 4160 gromrl
1272 4097 1371 4162 militia]

307 4177 349 4218 tur
373 4170 555 4230 Aquitaniam
572 4175 692 4229 corrupte.
736 4165 824 4227 Neque
857 4163 969 4211 Muretus
990 4178 1019 4212 ac
1041 4165 1178 4211 Gronovius
1198 4163 1247 4223 legi
1265 4159 1371 4224 jubente

307 4236 374 4281 enlm
388 4233 469 4281 adhuc
488 4235 595 4282 Annibal
611 4234 637 4279 in
654 4231 759 4280 Galliam
774 4238 824 4278 tra·
855 4243 910 4292 quos
927 4234 950 4276 ct
969 4230 1029 4290 ἐμω
1047 4225 1278 4290 grauari-militiam
1299 4239 1376 4274 mre-

303 4296 402 4361 jecerat
437 4300 547 4347 Correxit
559 4299 672 4360 Sigonius
688 4297 753 4344 felici
768 4303 830 4343 con-¹
857 4298 904 4340 rot.
1227 4309 1231 4316 ⁴

303 4361 400 4426 jactura
427 4363 589 4418 Lacetaniam,
610 4377 666 4423 quse
694 4362 760 4423 regio
788 4367 826 4406 est
