3064 4976
426 177 629 242 L1n.xx1.
660 155 762 240 eae.
789 179 905 242 xxrx.
1156 191 1194 248 aa

134 360 193 412 tem
219 341 427 414 altitudinem
445 347 630 411 destituerat
645 337 773 426 uadum,
787 346 898 431 inpetu
921 347 991 432 ipso
1005 349 1144 414 fluminis
1159 350 1191 414 in
1201 371 1231 417 u.
1242 371 1270 418 c.
1281 371 1336 418 aar.

133 435 262 498 alteram
288 436 393 518 ripam
418 434 570 518 rapiente.
616 433 766 498 Ceterum
791 433 892 520 magis
918 449 1049 513 constat,
1072 437 1337 501 1·atihusA·⁰·²1⁸·

131 522 294 606 trajectos:
319 520 385 585 ¹⁵id
402 533 438 584 ut
452 522 549 584 tutius
571 519 738 583 consilium
762 534 834 583 ante
856 541 921 584 rem
943 519 1034 599 foret,
1050 522 1104 602 ita,
1120 539 1192 588 acta

132 630 174 685 re,
189 606 234 672 ad
248 607 345 672 fidem
360 607 494 692 pronius
508 619 564 670 est.
614 607 726 671 Ratem
753 628 862 683 unam,
881 606 1035 673 ducentos
1060 609 1189 693 longam

132 694 241 780 pedes,
256 693 490 780 quinquaginta
511 693 617 770 latam,
634 715 652 755 a
672 705 757 756 terra
772 692 805 755 in
820 713 944 758 amnem
960 710 1189 779 porrexerunt:

132 803 237 868 quam,
253 803 295 846 ne
310 779 449 846 secunda
460 801 541 865 aqua
551 778 736 858 deferretur,
751 779 894 863 pluribus
908 780 1020 845 validis
1034 783 1191 848 retinacu-

131 867 166 931 lis
189 881 286 953 parte
311 867 471 952 superiore
494 867 571 951 ripae
586 864 762 945 religatam,
778 867 883 950 pontis
897 866 930 930 iu
947 869 1076 934 modurn
1092 871 1191 934 humo

130 955 247 1041 injecta
261 963 521 1030 constraverunt3
547 964 582 1016 ut
602 951 717 1015 belluae
739 952 887 1017 audacter
902 953 988 1018 velut
1008 977 1066 1040 per
1087 956 1190 1020 solum
1224 992 1228 1003 =

131 1041 385 1129 ingrederentur.
407 1039 505 1104 altera
519 1039 607 1116 ratis,
621 1059 712 1123 aeque
726 1036 799 1114 lata,
815 1037 912 1126 longa
932 1041 1029 1125 pedes
1050 1055 1189 1121 centum,

126 1129 170 1192 -ad
193 1126 413 1214 trajiciendum
438 1124 555 1188 flumen
582 1137 666 1209 apta,
683 1123 757 1188 huic
778 1124 927 1210 copulata
947 1139 1012 1191 est:
1036 1139 1068 1192 et
1090 1151 1189 1214 quum

133 1213 304 1299 elephanti,
320 1235 378 1298 per
402 1210 546 1275 stabilem
562 1225 670 1285 ratem,
688 1225 850 1296 tamquam
864 1214 1190 1300 viam,-praegredien·'

134 1301 213 1366 tibus
234 1298 371 1376 feminis,
387 1298 460 1374 acti,
476 1297 508 1361 in
525 1298 678 1360 minorem
694 1295 883 1381 adplicatam
898 1302 1084 1388 transgressi
1099 1315 1188 1378 sumt

134 1386 290 1472 extemplo
313 1384 467 1462 resolutis,
484 1384 599 1470 quibus
625 1383 734 1446 leviter
754 1385 975 1468 adnexuerat,
990 1387 1133 1465 vinculis,
1149 1391 1191 1454 ab

134 1474 281 1538 actuariis
303 1472 425 1556 aliquot
447 1470 579 1535 navibus
594 1469 634 1534 ad
649 1469 779 1533 alteram
796 1469 896 1555 ripam
911 1473 1123 1556 pertrahitur:
1148 1477 1192 1541 ita

132 1561 242 1644 primis
256 1558 418 1643 expositis,
441 1557 495 1620 alii
513 1554 629 1620 deinde
643 1556 768 1640 repetiti
784 1577 821 1620 ac
837 1559 959 1644 trajecti
972 1573 1054 1624 sunt.
1100 1561 1189 1626 Nihil

132 1669 204 1711 sane
230 1645 443 1730 trepidabant,
459 1642 562 1707 donee
587 1642 762 1706 continenti
784 1641 870 1707 velut
891 1658 990 1729 ponte
1012 1661 1191 1747 agerentur.

132 1735 254 1817 primus
268 1749 338 1796 erat
359 1750 469 1814 pavor,
486 1751 596 1816 quum,
611 1727 637 1766 ¹⁶
646 1728 749 1792 soluta
763 1729 802 1794 ab
817 1731 929 1794 ceteris
948 1744 1025 1809 rate,
1042 1754 1074 1797 ur
1089 1735 1189 1798 altum

135 1832 331 1904 raperentur.
347 1818 402 1894 ibi,
417 1829 589 1902 urguentes
610 1813 692 1879 inter
711 1838 753 1895 se,
773 1815 957 1882 cedentibus
978 1823 1136 1884 extremis·
1149 1822 1191 1885 ab

133 1927 223 1993 aqua,
247 1905 272 1948 ¹⁷
284 1903 523 1988 trepidationis¹
537 1903 734 1988 aliquantum
759 1900 916 1980 edebant3
936 1904 1039 1969 donec
1053 1907 1190 1992 quietem

132 1994 200 2078 ipse
230 1992 327 2056 timor
356 1987 713 2074 circumspectantibus·
742 2011 857 2074 aquam
881 1989 1015 2055 fecisset.
1030 1993 1191 2059 excidere

131 2081 224 2144 etiarn
242 2077 406 2143 saevientes
416 2075 544 2162 quidam
554 2075 587 2137 in
599 2074 727 2138 flumen.
743 2075 807 2152 sed,
824 2076 1043 2162 pondereipso
1054 2078 1190 2158 stabiles,

133 2165 262 2252 dejectis
287 2161 474 2240 rectoribus,
491 2160 668 2249 quaerendis
689 2160 883 2247 pedetentim
899 2163 995 2242 vadis,
1018 2163 1050 2228 in
1073 2163 1191 2231 terram

133 2275 269 2320 evasere.
1166 2307 1168 2311 .

172 2339 308 2406 XXIX.
341 2337 430 2404 Dum
456 2337 615 2424 elephanti
641 2338 847 2424 trajiciuntur,
871 2338 999 2404 interim
1024 2339 1190 2404 Hannibal

132 2427 292 2492 Numidas
346 2426 426 2490 uites
435 2425 627 2512 quingentos
642 2423 682 2489 ad
698 2436 802 2489 castra
819 2426 965 2490 Romana
980 2428 1193 2512 miseratape·

134 2513 286 2590 culatum,
317 2534 337 2576 u
361 2512 384 2591 i,
407 2524 440 2576 et
464 2523 591 2597 quantoe
617 2511 718 2596 copiae
738 2524 853 2589 essent,
872 2524 909 2579 et
928 2512 1006 2598 quid
1030 2526 1193 2599 pararent.

135 2601 224 2665 Huic
233 2599 295 2664 alae
306 2598 448 2686 equitum
463 2598 559 2677 missi,
569 2608 605 2662 ut
614 2596 814 2662 antedictum
823 2611 879 2676 est,
893 2598 934 2662 ab
946 2599 1028 2663 ostio
1042 2599 1191 2664 Rhodani
1203 2616 1323 2675 Equesus

134 2688 265 2752 trecenti
291 2685 511 2750 Romanorum
533 2687 652 2770 equites
673 2684 856 2750 obcurrunt.
879 2685 1027 2770 proelium
1044 2687 1191 2764 atrocius,
1202 2681 1315 2756 proelium

134 2789 225 2860 quam
242 2793 304 2858 pro
318 2791 452 2838 numero
465 2770 686 2859 pugnantium,
702 2771 816 2837 editur.
862 2771 945 2836 Nam
962 2783 1079 2856 praeter
1091 2743 1346 2856 multafflfflssb,

134 2860 275 2935 vulnera,
292 2861 396 2944 caedes
418 2859 512 2923 etiam
538 2879 637 2943 prope
662 2879 721 2942 pur
734 2858 894 2944 utrimque
907 2857 985 2924 fuit:
1008 2857 1147 2946 fugaque
1161 2873 1305 2924 eternam.

132 2968 231 3031 pavor
241 2945 458 3012 Numidarum
473 2944 636 3022 Romanis,
648 2943 716 3030 jam
732 2943 903 3010 admodum
916 2943 1190 3024 fessis,*victoriam
1198 2939 1254 2987 3⁰⁰·

132 3033 229 3100 dedit.
247 3033 382 3098 victores
392 3031 434 3096 ad
445 3043 571 3096 centurn
587 3031 764 3119 sexaginta,
780 3052 840 3096 nec
851 3053 961 3096 omnes
974 3033 1124 3109 Romani,
1138 3033 1193 3098 sed

132 3142 203 3205 pars
219 3118 409 3184 Gallorum:
432 3113 519 3181 uicti'
532 3117 557 3156 ¹⁸
568 3117 702 3200 amplius
716 3117 846 3183 ducenti
857 3120 866 3152 ²
879 3118 1070 3185 ceciderunt.
1117 3119 1195 3185 Hoc

130 3205 326 3292 principium
341 3203 435 3269 simul
450 3211 626 3287 omenque·
640 3203 726 3284 belli,
744 3217 776 3269 ut
791 3227 924 3270 summae
940 3227 1045 3270 rerum
1061 3227 1195 3291 prospe·

159 3376 529 3440 'trepidationemGromCreu
625 3375 886 3436 ‘cireurmpieicntibm
898 3375 965 3422 Eud.
1063 3375 1193 3422 tamara

130 3441 201 3490 End.
298 3440 586 3501 'damhurmuahaed

163 3585 307 3646 15¹1d‚at
320 3587 406 3650 tutius]
422 3586 453 3634 ld
468 3592 507 3645 ut,
520 3593 577 3633 ante
593 3599 646 3634 rem
679 3593 726 3643 tos,
747 3587 772 3633 ln
794 3588 860 3634 hunc
885 3589 1001 3634 modum:
1026 3600 1097 3646 quum
1120 3587 1194 3634 reluta

107 3683 108 3686 κ
128 3657 220 3707 actam,
236 3653 316 3698 tutius
332 3651 409 3699 videri
428 3651 557 3698 eonsilium
575 3652 648 3698 debe·
678 3656 729 3700 rate
743 3651 771 3698 ab
787 3652 1013 3712 cambelephantis
1028 3651 1143 3698 avulsiia
1159 3650 1194 3699 ul·

50 3753 52 3760 ,
128 3717 181 3776 bat,
196 3717 233 3762 ita
248 3730 324 3771 nunc,
341 3728 418 3776 quum
434 3721 488 3762 acta
505 3728 648 3762 resmemo-
678 3721 728 3763 tum
740 3729 838 3763 amnem
849 3719 994 3778 repararetur.
1194 3729 1197 3736 ’

128 3787 208 3835 ratur,
219 3781 368 3841 probabilius
378 3786 425 3838 est,
436 3781 486 3826 tale
495 3786 533 3826 est
544 3785 572 3826 ut
581 3782 647 3828 credi
712 3781 743 3828 lt
763 3781 949 3841 Trepidotloaem
976 3779 1120 3841 durantum
1144 3780 1193 3828 cde-

128 3837 346 3904 faciliuspossea'
407 3859 411 3868 ·
680 3844 746 3908 beat]
764 3845 803 3892 Sic
813 3847 831 3892 l.
845 3845 897 3892 I.c.
911 3845 948 3892 16.
961 3848 1073 3906 quanam
1090 3845 1127 3891 tut
1143 3847 1194 3892 aira

162 3908 196 3955 16
216 3909 300 3956 Saluta
322 3908 351 3955 ab
375 3909 454 3956 ceteris
479 3904 546 3970 rate}
569 3908 647 3970 Supra
672 3911 734 3971 fider
750 3910 839 3972 sterit.
873 3910 959 3970 ltaque
984 3909 1045 3956 nihil
1071 3916 1108 3956 est
1132 3923 1194 3970 opus

129 3974 205 4020 unius
216 3980 315 4020 tautum
326 3973 386 4019 ratis
402 3975 495 4020 mentio
509 3973 575 4020 faeta
589 3975 647 4030 fuit,
680 3973 809 4022 rescribere
817 3989 875 4021 cum
881 3973 1176 4036 Gronoviotrcpiduttonir.

128 4051 186 4100 quae
199 4039 231 4086 ad
249 4037 417 4100 partemripae
432 4039 579 4098 superiorem
594 4040 648 4084 alli-
714 4037 744 4086 18
760 4037 869 4100 Amplius
891 4037 1005 4101 amata]
1031 4039 1088 4086 Duo
1110 4039 1193 4100 scripti

128 4109 186 4162 gata
202 4103 339 4150 immobilis
353 4109 499 4151 remaneret.
531 4102 565 4149 At
579 4103 648 4164 Poly·
681 4103 803 4151 Gronovio
813 4103 924 4164 inspecti,
937 4103 1031 4150 Mureti
1045 4103 1115 4158 liber,
1129 4115 1194 4150 unus

128 4167 183 4213 hius
193 4168 223 4216 de
233 4169 321 4216 eadem
338 4169 366 4214 re
379 4179 464 4228 agenr,
475 4170 557 4228 plures
573 4167 649 4214 fuisse
681 4167 783 4215 Hearnii
801 4170 884 4222 codex,
901 4173 926 4214 et
942 4174 992 4214 tres
1009 4169 1085 4214 nostri
1104 4169 1194 4216 habent

129 4239 193 4278 rates
209 4233 341 4290 memorat,
359 4244 440 4293 quum
458 4232 522 4279 inter
539 4245 573 4286 se,
594 4239 649 4279 tum
681 4233 781 4292 carptim
799 4233 898 4279 ducenti.
931 4233 964 4280 Et
986 4232 1020 4278 sic
1041 4233 1132 4292 passim
1152 4232 1194 4278 Li-

131 4293 337 4358 adripanrvalide
346 4295 649 4358 magnaea't’ossisquo-
681 4298 744 4346 vius.
778 4297 1002 4358 lntelligiturenim
1014 4310 1090 4359 pum.

131 4365 374 4418 quereferrevocem
390 4359 473 4408 cerati
488 4361 519 4408 ad
535 4361 649 4422 elephan·
729 4423 731 4426 ι
956 4381 959 4386 ·
