3060 4960
340 800 620 886 EPITOME
645 797 820 882 LIBRI
845 796 985 880 XXX.

570 1028 764 1074 -0-

136 1204 210 1288 IN
219 1222 329 1308 Africa
339 1223 903 1311 ScipioKarthaginiensesetenmdem
913 1219 1080 1306 Syphacem
1089 1217 1200 1282 Nomi-

135 1315 247 1378 dainm
261 1333 361 1396 regem
376 1311 804 1398 Hasdnsltalemqneplncibns
815 1310 928 1394 prceliis
941 1308 1020 1383 nicil,
1036 1303 1202 1390 αεῇιιυεπιε

139 1399 321 1475 Masinissa,
337 1399 465 1483 binaque
480 1400 606 1464 hostiam
620 1410 723 1464 castra
744 1397 940 1483 expugnavit.-
962 1395 995 1458 in
1006 1393 1113 1479 msihns
1126 1411 1202 1476 qna·

137 1487 286 1572 draginta
296 1483 390 1548 millia
399 1485 635 1567 hominnmfemo
645 1487 767 1572 ignique
776 1493 929 1549 consumta
936 1490 1015 1546 mnt.
1037 1479 1202 1564 Syphacem

133 1595 192 1658 pec
205 1574 240 1638 C.
250 1571 379 1636 Laelinm
390 1581 421 1636 et
432 1572 629 1637 Masinissam
637 1575 725 1655 cepit.
738 1571 906 1636 Masinissa
913 1567 1135 1650 Sophonisbam,
1144 1587 1203 1629 ne-

137 1681 220 1725 onem
231 1657 491 1743 Syphacis,filiam
497 1659 711 1736 Hasdmlsalis‚
720 1661 843 1742 coptam
854 1657 975 1720 ¹statim
984 1652 1151 1729 adamavit,
1161 1661 1202 1728 el,

138 1746 252 1827 nuptiis
257 1743 364 1827 sactis,
379 1767 500 1810 imorem
514 1747 629 1810 habuit.
652 1747 821 1832 castigatas
836 1743 1004 1824 aScipione
1013 1745 1159 1805 venenam
1175 1739 1203 1801 ei

138 1833 239 1896 misit:
262 1853 321 1916 qao
335 1831 442 1896 hansto
455 1832 510 1896 illa
519 1834 653 1898 decessit.
675 1827 1205 1921 Effiemmqaeestmnltisscipicnis
1265 1840 1268 1868 ¹

136 1919 276 1995 victoriis,
291 1927 327 1982 nt
340 1917 622 2005 Karthaginienses,
636 1920 667 1984 in
681 1920 913 2002 desperationem
926 1915 997 1998 acti,
1011 1915 1044 1977 in
1058 1911 1204 1976 ancilium

136 2005 267 2088 pnhh'cae
287 2004 393 2068 salmis
407 2005 614 2071 Hannibalem
637 2029 676 2070 en·
691 2007 790 2070 ltalia
807 2012 989 2070 revocarent.
1011 2001 1103 2085 isque,
1126 2019 1204 2062 anno

139 2094 340 2156 decimosecto
362 2089 475 2157 ²Italia
497 2095 649 2171 decedens,
668 2095 700 2158 in
714 2092 853 2175 Asticam
873 2088 1001 2175 trajecit,
1020 2086 1207 2170 tentavitque

134 2178 385 2264 perconloqninm
392 2199 498 2260 pacem
507 2201 574 2244 cnm
583 2180 721 2263 Scipione
728 2199 919 2261 conponere.-
935 2187 974 2254 et,
986 2195 1077 2262 qnam
1089 2173 1217 2236 decom·

137 2265 300 2332 ditionibus
308 2265 397 2347 pacis
409 2287 468 2329 non
483 2268 671 2345 convenisset,
686 2268 752 2332 acie
767 2268 861 2331 victas
875 2273 929 2329 est.
976 2263 1050 2328 Pac
1065 2257 1206 2324 Kortlta-

137 2352 328 2439 giniensibns
349 2353 426 2416 data
440 2363 484 2416 est
501 2355 680 2438 petentibus.
724 2353 883 2420 Hannibal
900 2350 1077 2434 Gisgonem,
1098 2365 1206 2428 pacem

140 2440 373 2517 dissnadentmn,
388 2458 479 2504 mana
495 2461 551 2505 sna
571 2441 725 2505 detraxit.-
747 2450 888 2504 emanata
912 2438 1018 2501 deinde
1041 2433 1207 2497 temeritate

128 2523 230 2610 sacti,
244 2527 312 2607 ipse
322 2545 431 2608 pacem
444 2528 549 2591 suasit.
592 2527 704 2616 Mago,
720 2529 772 2614 qni
783 2525 885 2590 ὅὶιειιο
898 2526 930 2588 in
947 2545 1025 2609 agro
1039 2519 1206 2585 Insnhninni

140 2633 207 2677 ciem
222 2612 371 2676 Romam
384 2613 570 2698 conflixerat,
581 2613 760 2692 inliteratis,
770 2616 843 2678 dant
855 2614 887 2677 in
898 2610 1038 2697 Africam
1046 2629 1106 2692 per
1122 2607 1207 2692 legn-

141 2709 190 2764 tos
202 2707 359 2764 revocatas
370 2701 536 2777 revestiar,
545 2721 584 2764 eo
592 2699 715 2766 vnlnere
727 2711 861 2766 normas
873 2709 929 2764 est.
951 2695 1207 2778 Masinsssaereg-

138 2805 212 2850 nam
221 2785 392 2850 restitutam
407 2795 459 2851 εει.
502 2788 654 2853 Reversis
666 2789 698 2852 in
710 2789 812 2853 nehem
823 2786 921 2868 Scipio
931 2783 1145 2866 amplissimam
1154 2802 1207 2842 no-

140 2871 370 2956 bilissimamque
378 2873 442 2958 egit
449 2873 638 2956 hinmphinn,
650 2895 738 2960 qnem
751 2875 792 2952 Q.
807 2873 961 2938 Terentius
971 2869 1077 2936 Culleo
1086 2877 1209 2931 senator

137 2959 271 3042 pileatos
283 2967 402 3023 semitas
416 2969 472 3024 est.
516 2961 614 3044 Scipio
629 2959 797 3044 Africanas
813 2961 974 3042 (incertum
987 2955 1111 3022 militari
1123 2954 1209 3037 prins

17 3055 24 3070 '
132 3041 257 3127 samec,
272 3064 313 3110 an
322 3045 466 3128 populari
474 3067 554 3112 aare
567 3049 613 3112 ita
624 3047 865 3150 cognominatas)
877 3048 993 3129 primas
1002 3053 1082 3110 certe
1092 3042 1140 3106 hic
1149 3041 1207 3105 ins-

138 3141 263 3215 peratos
276 3131 358 3196 victe
372 3152 394 3196 a
408 3143 442 3196 se
455 3135 574 3198 nomine
585 3145 685 3221 gentis
698 3135 873 3200 nobilitatus
888 3143 942 3197 est.

175 3317 187 3358 l
206 3307 659 3375 ssatnatnnastt]oronovisnaectt-
691 3314 811 3378 niieodd,

139 3375 220 3424 tiones
244 3375 334 3424 hibent
370 3376 474 3428 adaman
514 3378 560 3427 set
586 3393 660 3440 quum
724 3382 835 3431 sltalie
850 3374 971 3441 decedens]
988 3377 1028 3425 Sic
1045 3376 1116 3438 plane
1136 3371 1208 3420 Cani-

97 3505 103 3508 ·
140 3447 219 3490 cetera
242 3443 324 3490 omnis
345 3441 371 3490 in
391 3443 436 3490 hic
457 3443 559 3506 epitome
588 3445 659 3494 verba
691 3460 780 3510 panas:
802 3448 921 3505 Andreas,
944 3444 1073 3492 dictem
1111 3437 1210 3496 puniti

139 3522 183 3572 per
215 3508 361 3570 preteritum
394 3515 488 3573 tempus
522 3510 659 3572 efferantur,
692 3513 821 3572 discedens,
832 3513 912 3562 minui
920 3509 1021 3572 proprie.

139 3573 289 3638 protulimus
315 3575 448 3636 adamavit,
475 3577 539 3638 quod
570 3574 660 3624 habent
723 3575 938 3645 ttBellc]Pmelio.

141 3639 290 3704 campiani,
299 3639 450 3704 Andreanet
461 3656 524 3691 unus
538 3655 568 3692 ex
582 3641 659 3692 Hest-
