<?xml version="1.0" encoding="UTF-8"?>
<!DOCTYPE html PUBLIC "-//W3C//DTD XHTML 1.0 Transitional//EN"
    "http://www.w3.org/TR/xhtml1/DTD/xhtml1-transitional.dtd">
<html xmlns="http://www.w3.org/1999/xhtml" xml:lang="en" lang="en">
 <head>
  <title>
</title>
<meta http-equiv="Content-Type" content="text/html;charset=utf-8" />
  <meta name='ocr-system' content='tesseract 3.04.00' />
  <meta name='ocr-capabilities' content='ocr_page ocr_carea ocr_par ocr_line ocrx_word'/>
</head>
<body>
  <div class='ocr_page' id='page_1' title='image "./tliviipatavinih00crevgoog/tliviipatavinih00crevgoog_0026.png"; bbox 0 0 3064 4976; ppageno 0'>
   <div class='ocr_carea' id='block_1_1' title="bbox 468 215 1188 288">
    <p class='ocr_par' dir='ltr' id='par_1_1' title="bbox 468 215 1188 288">
     <span class='ocr_line' id='line_1_1' title="bbox 468 215 1188 288; baseline -0.004 -9"><span class='ocrx_word' id='word_1_1' title='bbox 468 217 561 279; x_wconf 74' lang='grc' dir='ltr'><strong>181-,Β</strong></span> <span class='ocrx_word' id='word_1_2' title='bbox 582 215 876 277; x_wconf 78' lang='lat' dir='ltr'><strong>xx1.cnt³.x—</strong></span> <span class='ocrx_word' id='word_1_3' title='bbox 1150 225 1188 288; x_wconf 79' lang='grc'><strong>19</strong></span> 
     </span>
    </p>
   </div>
   <div class='ocr_carea' id='block_1_2' title="bbox 125 379 1348 554">
    <p class='ocr_par' dir='ltr' id='par_1_2' title="bbox 125 379 1341 554">
     <span class='ocr_line' id='line_1_2' title="bbox 125 379 1341 483; baseline -0.01 -36"><span class='ocrx_word' id='word_1_4' title='bbox 125 391 256 464; x_wconf 86' lang='lat' dir='ltr'><em>poscunt.</em></span> <span class='ocrx_word' id='word_1_5' title='bbox 305 379 599 467; x_wconf 75' lang='lat' dir='ltr'><em>Qisoleniueognnt,</em></span> <span class='ocrx_word' id='word_1_6' title='bbox 612 381 735 483; x_wconf 77' lang='lat' dir='ltr'><em>segnius</em></span> <span class='ocrx_word' id='word_1_7' title='bbox 748 379 916 462; x_wconf 75' lang='lat' dir='ltr'><em>incipiunt5</em></span> <span class='ocrx_word' id='word_1_8' title='bbox 932 399 1079 463; x_wconf 61' lang='lat' dir='ltr'><em>uuquam</em></span> <span class='ocrx_word' id='word_1_9' title='bbox 1089 403 1224 466; x_wconf 61' lang='grc'><strong>8888848</strong></span> <span class='ocrx_word' id='word_1_10' title='bbox 1233 409 1261 456; x_wconf 66' lang='grc'><strong>4</strong></span> <span class='ocrx_word' id='word_1_11' title='bbox 1273 383 1341 464; x_wconf 89' lang='grc'><strong>534</strong></span> 
     </span>
     <span class='ocr_line' id='line_1_3' title="bbox 127 466 1348 554; baseline -0.013 -21"><span class='ocrx_word' id='word_1_12' title='bbox 127 469 193 546; x_wconf 84' lang='lat' dir='ltr'><em>rint,</em></span> <span class='ocrx_word' id='word_1_13' title='bbox 206 489 318 544; x_wconf 88' lang='lat' dir='ltr'><em>uereor,</em></span> <span class='ocrx_word' id='word_1_14' title='bbox 328 489 367 531; x_wconf 89' lang='lat' dir='ltr'><strong>ue</strong></span> <span class='ocrx_word' id='word_1_15' title='bbox 373 470 613 552; x_wconf 78' lang='lat' dir='ltr'><em>perseuerantius</em></span> <span class='ocrx_word' id='word_1_16' title='bbox 620 469 752 532; x_wconf 76' lang='lat' dir='ltr'><em>saniant</em></span> <span class='ocrx_word' id='word_1_17' title='bbox 773 466 936 552; x_wconf 79' lang='lat' dir='ltr'><em>⁴³AEgotes</em></span> <span class='ocrx_word' id='word_1_18' title='bbox 950 466 1063 530; x_wconf 79' lang='lat' dir='ltr'><em>msulae</em></span> <span class='ocrx_word' id='word_1_19' title='bbox 1072 466 1183 554; x_wconf 72' lang='lat' dir='ltr'><strong>⁵⁰qu</strong></span> <span class='ocrx_word' id='word_1_20' title='bbox 1192 471 1223 520; x_wconf 82' lang='lat' dir='ltr'>A</span> <span class='ocrx_word' id='word_1_21' title='bbox 1233 475 1261 520; x_wconf 88' lang='lat' dir='ltr'><em>c</em></span> <span class='ocrx_word' id='word_1_22' title='bbox 1272 471 1348 519; x_wconf 80' lang='lat'><strong>218.</strong></span> 
     </span>
    </p>
   </div>
   <div class='ocr_carea' id='block_1_3' title="bbox 17 553 1220 2464">
    <p class='ocr_par' dir='ltr' id='par_1_3' title="bbox 17 553 1220 2464">
     <span class='ocr_line' id='line_1_4' title="bbox 125 553 1184 656; baseline 0.004 -38"><span class='ocrx_word' id='word_1_23' title='bbox 125 576 242 656; x_wconf 75' lang='lat' dir='ltr'><em>nemque</em></span> <span class='ocrx_word' id='word_1_24' title='bbox 256 565 330 617; x_wconf 88' lang='lat' dir='ltr'><em>ante</em></span> <span class='ocrx_word' id='word_1_25' title='bbox 343 556 443 618; x_wconf 86' lang='lat' dir='ltr'><em>oculos</em></span> <span class='ocrx_word' id='word_1_26' title='bbox 463 555 636 656; x_wconf 87' lang='lat' dir='ltr'><em>proponite,·</em></span> <span class='ocrx_word' id='word_1_27' title='bbox 657 575 725 639; x_wconf 76' lang='lat' dir='ltr'><em>qum</em></span> <span class='ocrx_word' id='word_1_28' title='bbox 740 564 821 617; x_wconf 87' lang='lat' dir='ltr'><em>terra</em></span> <span class='ocrx_word' id='word_1_29' title='bbox 841 553 975 637; x_wconf 83' lang='lat' dir='ltr'><em>morique</em></span> <span class='ocrx_word' id='word_1_30' title='bbox 994 573 1047 634; x_wconf 84' lang='lat' dir='ltr'><strong>per</strong></span> <span class='ocrx_word' id='word_1_31' title='bbox 1060 565 1184 638; x_wconf 76' lang='grc'><strong>8888888</strong></span> 
     </span>
     <span class='ocr_line' id='line_1_5' title="bbox 126 639 1183 741; baseline 0.004 -39"><span class='ocrx_word' id='word_1_32' title='bbox 126 652 156 704; x_wconf 87' lang='grc'><strong>88</strong></span> <span class='ocrx_word' id='word_1_33' title='bbox 167 642 278 728; x_wconf 79' lang='lat' dir='ltr'><em>uiginti</em></span> <span class='ocrx_word' id='word_1_34' title='bbox 292 661 387 705; x_wconf 88' lang='lat' dir='ltr'><em>annos</em></span> <span class='ocrx_word' id='word_1_35' title='bbox 402 643 486 722; x_wconf 88' lang='lat' dir='ltr'><em>passi</em></span> <span class='ocrx_word' id='word_1_36' title='bbox 499 643 572 709; x_wconf 84' lang='lat' dir='ltr'><em>sitis.</em></span> <span class='ocrx_word' id='word_1_37' title='bbox 620 642 685 706; x_wconf 86' lang='lat' dir='ltr'><strong>Nec</strong></span> <span class='ocrx_word' id='word_1_38' title='bbox 702 661 779 741; x_wconf 82' lang='lat' dir='ltr'><em>puer</em></span> <span class='ocrx_word' id='word_1_39' title='bbox 793 639 839 702; x_wconf 80' lang='grc'><strong>1188</strong></span> <span class='ocrx_word' id='word_1_40' title='bbox 853 643 917 704; x_wconf 77' lang='lat' dir='ltr'><em>clun</em></span> <span class='ocrx_word' id='word_1_41' title='bbox 931 649 1008 718; x_wconf 83' lang='lat' dir='ltr'><em>erui,</em></span> <span class='ocrx_word' id='word_1_42' title='bbox 1023 643 1078 704; x_wconf 84' lang='lat' dir='ltr'><strong>sed</strong></span> <span class='ocrx_word' id='word_1_43' title='bbox 1094 652 1183 724; x_wconf 90' lang='lat' dir='ltr'><em>poter</em></span> 
     </span>
     <span class='ocr_line' id='line_1_6' title="bbox 124 687 1182 808; baseline 0.003 -20"><span class='ocrx_word' id='word_1_44' title='bbox 124 729 185 808; x_wconf 85' lang='lat' dir='ltr'><em>ipse</em></span> <span class='ocrx_word' id='word_1_45' title='bbox 198 729 377 807; x_wconf 74' lang='lat' dir='ltr'><em>Hamilcar,</em></span> <span class='ocrx_word' id='word_1_46' title='bbox 394 729 485 792; x_wconf 89' lang='lat' dir='ltr'><em>Mars</em></span> <span class='ocrx_word' id='word_1_47' title='bbox 506 729 594 805; x_wconf 88' lang='lat' dir='ltr'><em>alter,</em></span> <span class='ocrx_word' id='word_1_48' title='bbox 617 737 651 790; x_wconf 87' lang='lat' dir='ltr'><strong>ut</strong></span> <span class='ocrx_word' id='word_1_49' title='bbox 671 727 721 790; x_wconf 91' lang='lat' dir='ltr'><em>isti</em></span> <span class='ocrx_word' id='word_1_50' title='bbox 741 727 926 791; x_wconf 84' lang='grc'><strong>8888888881</strong></span> <span class='ocrx_word' id='word_1_51' title='bbox 945 687 1125 806; x_wconf 76' lang='lat' dir='ltr'><em>⁶1T&#39;arento,</em></span> <span class='ocrx_word' id='word_1_52' title='bbox 1147 730 1182 792; x_wconf 81' lang='grc'><strong>881</strong></span> 
     </span>
     <span class='ocr_line' id='line_1_7' title="bbox 125 811 1181 899; baseline 0.005 -23"><span class='ocrx_word' id='word_1_53' title='bbox 125 813 188 878; x_wconf 62' lang='lat' dir='ltr'><em>est*</em></span> <span class='ocrx_word' id='word_1_54' title='bbox 201 816 311 891; x_wconf 88' lang='lat' dir='ltr'><em>Italia,</em></span> <span class='ocrx_word' id='word_1_55' title='bbox 327 837 385 877; x_wconf 88' lang='lat' dir='ltr'><strong>non</strong></span> <span class='ocrx_word' id='word_1_56' title='bbox 396 815 637 878; x_wconf 70' lang='lat' dir='ltr'><strong><em>abstinueramus</em></strong></span> <span class='ocrx_word' id='word_1_57' title='bbox 655 835 693 876; x_wconf 83' lang='lat' dir='ltr'><strong>eu</strong></span> <span class='ocrx_word' id='word_1_58' title='bbox 707 811 842 892; x_wconf 78' lang='lat' dir='ltr'><em>fudere:</em></span> <span class='ocrx_word' id='word_1_59' title='bbox 865 813 941 877; x_wconf 90' lang='lat' dir='ltr'><em>sicut</em></span> <span class='ocrx_word' id='word_1_60' title='bbox 955 835 1033 876; x_wconf 89' lang='lat' dir='ltr'><em>nunc</em></span> <span class='ocrx_word' id='word_1_61' title='bbox 1045 815 1181 899; x_wconf 76' lang='lat' dir='ltr'><em>Sagunto</em></span> 
     </span>
     <span class='ocr_line' id='line_1_8' title="bbox 124 899 1184 986; baseline 0 -20"><span class='ocrx_word' id='word_1_62' title='bbox 124 921 180 966; x_wconf 86' lang='lat' dir='ltr'><strong>aon</strong></span> <span class='ocrx_word' id='word_1_63' title='bbox 194 902 385 966; x_wconf 87' lang='lat' dir='ltr'><em>abstinemus.</em></span> <span class='ocrx_word' id='word_1_64' title='bbox 428 902 567 965; x_wconf 88' lang='lat' dir='ltr'><em>Vicerunt</em></span> <span class='ocrx_word' id='word_1_65' title='bbox 589 921 662 986; x_wconf 84' lang='lat' dir='ltr'><em>ergo</em></span> <span class='ocrx_word' id='word_1_66' title='bbox 684 900 746 963; x_wconf 89' lang='lat' dir='ltr'><strong>Dii</strong></span> <span class='ocrx_word' id='word_1_67' title='bbox 765 899 969 984; x_wconf 58' lang='lat' dir='ltr'><em>hominesque·</em></span> <span class='ocrx_word' id='word_1_68' title='bbox 994 907 1031 976; x_wconf 89' lang='grc'><strong>88,</strong></span> <span class='ocrx_word' id='word_1_69' title='bbox 1053 900 1124 965; x_wconf 71' lang='lat' dir='ltr'><strong>⁶²ici</strong></span> <span class='ocrx_word' id='word_1_70' title='bbox 1145 905 1184 966; x_wconf 87' lang='lat' dir='ltr'><strong>de</strong></span> 
     </span>
     <span class='ocr_line' id='line_1_9' title="bbox 122 982 1184 1087; baseline 0.002 -36"><span class='ocrx_word' id='word_1_71' title='bbox 122 1006 177 1072; x_wconf 86' lang='lat' dir='ltr'><em>qao</em></span> <span class='ocrx_word' id='word_1_72' title='bbox 198 987 297 1052; x_wconf 85' lang='lat' dir='ltr'><em>verbis</em></span> <span class='ocrx_word' id='word_1_73' title='bbox 318 987 539 1085; x_wconf 72' lang='lat' dir='ltr'><em>ambigebatur,</em></span> <span class='ocrx_word' id='word_1_74' title='bbox 559 997 626 1050; x_wconf 85' lang='lat' dir='ltr'><em>uter</em></span> <span class='ocrx_word' id='word_1_75' title='bbox 643 987 771 1068; x_wconf 88' lang='lat' dir='ltr'><em>populus</em></span> <span class='ocrx_word' id='word_1_76' title='bbox 783 982 886 1064; x_wconf 75' lang='lat' dir='ltr'><em>sardus</em></span> <span class='ocrx_word' id='word_1_77' title='bbox 906 987 1038 1087; x_wconf 74' lang='lat' dir='ltr'><strong><em>rupisset,</em></strong></span> <span class='ocrx_word' id='word_1_78' title='bbox 1062 1000 1184 1052; x_wconf 86' lang='lat' dir='ltr'><em>euentus</em></span> 
     </span>
     <span class='ocr_line' id='line_1_10' title="bbox 122 1069 1182 1158; baseline 0.004 -22"><span class='ocrx_word' id='word_1_79' title='bbox 122 1074 199 1150; x_wconf 87' lang='grc'><strong>88118,</strong></span> <span class='ocrx_word' id='word_1_80' title='bbox 223 1075 301 1138; x_wconf 87' lang='lat' dir='ltr'><em>uelut</em></span> <span class='ocrx_word' id='word_1_81' title='bbox 323 1094 422 1158; x_wconf 70' lang='lat' dir='ltr'><em>equus</em></span> <span class='ocrx_word' id='word_1_82' title='bbox 434 1071 543 1157; x_wconf 79' lang='lat' dir='ltr'><em>judee,</em></span> <span class='ocrx_word' id='word_1_83' title='bbox 558 1069 671 1136; x_wconf 83' lang='lat' dir='ltr'><em>unde</em></span> <span class='ocrx_word' id='word_1_84' title='bbox 645 1093 707 1158; x_wconf 69' lang='lat' dir='ltr'><strong>pus</strong></span> <span class='ocrx_word' id='word_1_85' title='bbox 727 1072 839 1148; x_wconf 86' lang='lat' dir='ltr'><em>stabat,</em></span> <span class='ocrx_word' id='word_1_86' title='bbox 864 1073 894 1135; x_wconf 85' lang='grc'><strong>88</strong></span> <span class='ocrx_word' id='word_1_87' title='bbox 913 1073 1069 1136; x_wconf 86' lang='lat' dir='ltr'><em>victoriam</em></span> <span class='ocrx_word' id='word_1_88' title='bbox 1090 1077 1182 1140; x_wconf 80' lang='lat' dir='ltr'><strong>dedit.</strong></span> 
     </span>
     <span class='ocr_line' id='line_1_11' title="bbox 123 1159 1183 1261; baseline 0.002 -37"><span class='ocrx_word' id='word_1_89' title='bbox 123 1160 312 1261; x_wconf 74' lang='lat' dir='ltr'><em>Karthagini</em></span> <span class='ocrx_word' id='word_1_90' title='bbox 325 1181 405 1224; x_wconf 90' lang='lat' dir='ltr'><em>nunc</em></span> <span class='ocrx_word' id='word_1_91' title='bbox 419 1161 620 1224; x_wconf 87' lang='lat' dir='ltr'><em>Hannibal&#39;</em></span> <span class='ocrx_word' id='word_1_92' title='bbox 590 1180 694 1224; x_wconf 87' lang='grc'><strong>8888888</strong></span> <span class='ocrx_word' id='word_1_93' title='bbox 702 1169 859 1258; x_wconf 74' lang='lat' dir='ltr'><em>turresque</em></span> <span class='ocrx_word' id='word_1_94' title='bbox 870 1159 1030 1222; x_wconf 82' lang='lat' dir='ltr'><em>admouet:</em></span> <span class='ocrx_word' id='word_1_95' title='bbox 1046 1161 1183 1236; x_wconf 76' lang='lat' dir='ltr'><em>Kartina-</em></span> 
     </span>
     <span class='ocr_line' id='line_1_12' title="bbox 17 1237 1184 1331; baseline 0.003 -21"><span class='ocrx_word' id='word_1_96' title='bbox 17 1247 18 1277; x_wconf 74' lang='lat'>³</span> <span class='ocrx_word' id='word_1_97' title='bbox 120 1247 203 1331; x_wconf 85' lang='lat' dir='ltr'><em>ginis</em></span> <span class='ocrx_word' id='word_1_98' title='bbox 215 1247 329 1310; x_wconf 87' lang='lat' dir='ltr'><em>moenia</em></span> <span class='ocrx_word' id='word_1_99' title='bbox 343 1247 442 1330; x_wconf 85' lang='lat' dir='ltr'><em>quatit</em></span> <span class='ocrx_word' id='word_1_100' title='bbox 456 1247 558 1310; x_wconf 77' lang='lat' dir='ltr'><em>ariete</em></span> <span class='ocrx_word' id='word_1_101' title='bbox 590 1237 723 1331; x_wconf 83' lang='lat' dir='ltr'><em>Sagunti</em></span> <span class='ocrx_word' id='word_1_102' title='bbox 733 1245 823 1309; x_wconf 82' lang='grc'><strong>888888</strong></span> <span class='ocrx_word' id='word_1_103' title='bbox 837 1245 957 1331; x_wconf 75' lang='lat' dir='ltr'><em>(fabas</em></span> <span class='ocrx_word' id='word_1_104' title='bbox 971 1246 1085 1309; x_wconf 89' lang='lat' dir='ltr'><em>utinam</em></span> <span class='ocrx_word' id='word_1_105' title='bbox 1099 1257 1184 1312; x_wconf 83' lang='lat' dir='ltr'><em>vates</em></span> 
     </span>
     <span class='ocr_line' id='line_1_13' title="bbox 121 1329 1183 1486; baseline 0.003 -3"><span class='ocrx_word' id='word_1_106' title='bbox 121 1329 984 1484; x_wconf 46' lang='grc'><strong>1818818888888881888888018888811</strong></span> <span class='ocrx_word' id='word_1_107' title='bbox 991 1331 1183 1486; x_wconf 55' lang='lat' dir='ltr'><em>obilli?</em></span> 
     </span>
     <span class='ocr_line' id='line_1_14' title="bbox 122 1439 1182 1606; baseline 0 -34"><span class='ocrx_word' id='word_1_108' title='bbox 122 1505 206 1572; x_wconf 70' lang='lat' dir='ltr'><em>ben?</em></span> <span class='ocrx_word' id='word_1_109' title='bbox 227 1465 309 1571; x_wconf 74' lang='lat' dir='ltr'><em>ilicet</em></span> <span class='ocrx_word' id='word_1_110' title='bbox 324 1502 443 1606; x_wconf 63' lang='lat' dir='ltr'><em>aliquis.</em></span> <span class='ocrx_word' id='word_1_111' title='bbox 489 1505 568 1580; x_wconf 84' lang='lat' dir='ltr'><em>Scio,</em></span> <span class='ocrx_word' id='word_1_112' title='bbox 584 1527 680 1570; x_wconf 91' lang='lat' dir='ltr'><em>meam</em></span> <span class='ocrx_word' id='word_1_113' title='bbox 697 1505 788 1568; x_wconf 78' lang='lat' dir='ltr'><em>lenem</em></span> <span class='ocrx_word' id='word_1_114' title='bbox 803 1526 864 1568; x_wconf 86' lang='grc'><strong>8888</strong></span> <span class='ocrx_word' id='word_1_115' title='bbox 876 1505 906 1567; x_wconf 86' lang='lat' dir='ltr'><strong>in</strong></span> <span class='ocrx_word' id='word_1_116' title='bbox 921 1439 1182 1572; x_wconf 65' lang='lat' dir='ltr'><em>minotaurum</em></span> 
     </span>
     <span class='ocr_line' id='line_1_15' title="bbox 116 1590 1183 1676; baseline -0.002 -18"><span class='ocrx_word' id='word_1_117' title='bbox 116 1603 238 1676; x_wconf 88' lang='lat' dir='ltr'><em>propter</em></span> <span class='ocrx_word' id='word_1_118' title='bbox 258 1601 407 1675; x_wconf 87' lang='lat' dir='ltr'><em>paternas</em></span> <span class='ocrx_word' id='word_1_119' title='bbox 425 1591 607 1656; x_wconf 84' lang='lat' dir='ltr'><em>inimicitias.</em></span> <span class='ocrx_word' id='word_1_120' title='bbox 650 1592 712 1657; x_wconf 85' lang='lat' dir='ltr'><strong>Sed</strong></span> <span class='ocrx_word' id='word_1_121' title='bbox 724 1601 755 1653; x_wconf 83' lang='lat' dir='ltr'><strong>et</strong></span> <span class='ocrx_word' id='word_1_122' title='bbox 770 1590 977 1656; x_wconf 81' lang='lat' dir='ltr'><em>Hamilcarem</em></span> <span class='ocrx_word' id='word_1_123' title='bbox 998 1613 1033 1655; x_wconf 94' lang='grc'><strong>88</strong></span> <span class='ocrx_word' id='word_1_124' title='bbox 1052 1595 1183 1672; x_wconf 67' lang='lat' dir='ltr'><em>puisse‘</em></span> 
     </span>
     <span class='ocr_line' id='line_1_16' title="bbox 122 1674 1182 1764; baseline 0 -20"><span class='ocrx_word' id='word_1_125' title='bbox 122 1681 244 1744; x_wconf 77' lang='grc'><strong>18888888</strong></span> <span class='ocrx_word' id='word_1_126' title='bbox 267 1701 346 1756; x_wconf 87' lang='lat' dir='ltr'><em>sum,</em></span> <span class='ocrx_word' id='word_1_127' title='bbox 362 1681 454 1764; x_wconf 76' lang='lat' dir='ltr'><em>quael,</em></span> <span class='ocrx_word' id='word_1_128' title='bbox 475 1680 501 1742; x_wconf 84' lang='lat' dir='ltr'><em>si</em></span> <span class='ocrx_word' id='word_1_129' title='bbox 522 1678 573 1742; x_wconf 82' lang='lat' dir='ltr'><em>ille</em></span> <span class='ocrx_word' id='word_1_130' title='bbox 595 1678 716 1754; x_wconf 84' lang='grc'><strong>8888881,</strong></span> <span class='ocrx_word' id='word_1_131' title='bbox 733 1674 874 1740; x_wconf 88' lang='lat' dir='ltr'><em>bellum</em></span> <span class='ocrx_word' id='word_1_132' title='bbox 852 1697 925 1761; x_wconf 70' lang='lat' dir='ltr'><strong>pam</strong></span> <span class='ocrx_word' id='word_1_133' title='bbox 946 1699 1014 1742; x_wconf 81' lang='lat' dir='ltr'><strong>cum</strong></span> <span class='ocrx_word' id='word_1_134' title='bbox 1036 1678 1182 1744; x_wconf 79' lang='grc'><strong>1188888888</strong></span> 
     </span>
     <span class='ocr_line' id='line_1_17' title="bbox 121 1762 1183 1852; baseline 0.002 -22"><span class='ocrx_word' id='word_1_135' title='bbox 121 1768 314 1838; x_wconf 74' lang='lat' dir='ltr'><strong>haberemus,¹</strong></span> <span class='ocrx_word' id='word_1_136' title='bbox 339 1777 369 1829; x_wconf 85' lang='lat' dir='ltr'><strong>et</strong></span> <span class='ocrx_word' id='word_1_137' title='bbox 385 1763 620 1849; x_wconf 75' lang='lat' dir='ltr'><em>buncjuoenem,</em></span> <span class='ocrx_word' id='word_1_138' title='bbox 635 1763 917 1848; x_wconf 84' lang='lat' dir='ltr'><em>tamquamfuriam</em></span> <span class='ocrx_word' id='word_1_139' title='bbox 923 1762 1088 1850; x_wconf 80' lang='lat' dir='ltr'><em>facemque</em></span> <span class='ocrx_word' id='word_1_140' title='bbox 1098 1765 1149 1852; x_wconf 81' lang='lat' dir='ltr'><strong>buj</strong></span> <span class='ocrx_word' id='word_1_141' title='bbox 1149 1789 1183 1832; x_wconf 86' lang='lat' dir='ltr'><strong>us</strong></span> 
     </span>
     <span class='ocr_line' id='line_1_18' title="bbox 121 1790 1189 1940; baseline 0.002 -24"><span class='ocrx_word' id='word_1_142' title='bbox 121 1854 203 1933; x_wconf 88' lang='lat' dir='ltr'><em>belli,</em></span> <span class='ocrx_word' id='word_1_143' title='bbox 218 1854 270 1916; x_wconf 82' lang='lat' dir='ltr'><em>orli</em></span> <span class='ocrx_word' id='word_1_144' title='bbox 283 1873 321 1916; x_wconf 92' lang='lat' dir='ltr'><em>ac</em></span> <span class='ocrx_word' id='word_1_145' title='bbox 335 1854 469 1940; x_wconf 76' lang='grc'><strong>(18888188.</strong></span> <span class='ocrx_word' id='word_1_146' title='bbox 515 1852 583 1914; x_wconf 84' lang='lat' dir='ltr'><strong>Ner</strong></span> <span class='ocrx_word' id='word_1_147' title='bbox 596 1853 763 1916; x_wconf 84' lang='lat' dir='ltr'><em>dedendum</em></span> <span class='ocrx_word' id='word_1_148' title='bbox 778 1850 874 1914; x_wconf 88' lang='lat' dir='ltr'><em>solum</em></span> <span class='ocrx_word' id='word_1_149' title='bbox 887 1853 921 1914; x_wconf 77' lang='grc'><strong>881</strong></span> <span class='ocrx_word' id='word_1_150' title='bbox 938 1851 1091 1934; x_wconf 82' lang='lat' dir='ltr'><em>picarium</em></span> <span class='ocrx_word' id='word_1_151' title='bbox 1104 1790 1189 1935; x_wconf 76' lang='lat' dir='ltr'><em>rripti</em></span> 
     </span>
     <span class='ocr_line' id='line_1_19' title="bbox 111 1932 1184 2020; baseline 0 -16"><span class='ocrx_word' id='word_1_152' title='bbox 111 1936 262 2020; x_wconf 64' lang='grc'><strong>8888188188</strong></span> <span class='ocrx_word' id='word_1_153' title='bbox 284 1941 350 2019; x_wconf 86' lang='lat' dir='ltr'><em>sed,</em></span> <span class='ocrx_word' id='word_1_154' title='bbox 365 1939 393 2002; x_wconf 89' lang='lat' dir='ltr'><em>si</em></span> <span class='ocrx_word' id='word_1_155' title='bbox 405 1932 492 2002; x_wconf 81' lang='lat' dir='ltr'><em>nemo</em></span> <span class='ocrx_word' id='word_1_156' title='bbox 497 1939 658 2020; x_wconf 83' lang='lat' dir='ltr'><em>deposcat,</em></span> <span class='ocrx_word' id='word_1_157' title='bbox 674 1937 909 2002; x_wconf 79' lang='lat' dir='ltr'><em>deuehendum</em></span> <span class='ocrx_word' id='word_1_158' title='bbox 896 1957 928 2000; x_wconf 89' lang='lat' dir='ltr'><strong>m</strong></span> <span class='ocrx_word' id='word_1_159' title='bbox 948 1939 1072 2002; x_wconf 88' lang='lat' dir='ltr'><em>ultimas</em></span> <span class='ocrx_word' id='word_1_160' title='bbox 1089 1941 1184 2004; x_wconf 86' lang='lat' dir='ltr'><em>muris</em></span> 
     </span>
     <span class='ocr_line' id='line_1_20' title="bbox 119 2024 1183 2124; baseline 0.002 -35"><span class='ocrx_word' id='word_1_161' title='bbox 119 2036 330 2124; x_wconf 83' lang='lat' dir='ltr'><em>terrarumque</em></span> <span class='ocrx_word' id='word_1_162' title='bbox 345 2045 425 2102; x_wconf 79' lang='lat' dir='ltr'><em>oros,</em></span> <span class='ocrx_word' id='word_1_163' title='bbox 441 2025 702 2110; x_wconf 76' lang='lat' dir='ltr'><em>oblegandumque</em></span> <span class='ocrx_word' id='word_1_164' title='bbox 715 2046 759 2100; x_wconf 91' lang='lat' dir='ltr'><strong>eo,</strong></span> <span class='ocrx_word' id='word_1_165' title='bbox 774 2024 854 2086; x_wconf 89' lang='lat' dir='ltr'><em>unde</em></span> <span class='ocrx_word' id='word_1_166' title='bbox 873 2043 927 2086; x_wconf 90' lang='lat' dir='ltr'><strong>nec</strong></span> <span class='ocrx_word' id='word_1_167' title='bbox 940 2025 983 2086; x_wconf 85' lang='lat' dir='ltr'><em>ad</em></span> <span class='ocrx_word' id='word_1_168' title='bbox 1004 2045 1057 2088; x_wconf 89' lang='lat' dir='ltr'><em>nos</em></span> <span class='ocrx_word' id='word_1_169' title='bbox 1077 2048 1183 2091; x_wconf 88' lang='lat' dir='ltr'><em>nomeu</em></span> 
     </span>
     <span class='ocr_line' id='line_1_21' title="bbox 106 2109 1183 2214; baseline 0 -38"><span class='ocrx_word' id='word_1_170' title='bbox 106 2109 305 2214; x_wconf 80' lang='lat' dir='ltr'><em>famaque</em></span> <span class='ocrx_word' id='word_1_171' title='bbox 274 2131 340 2196; x_wconf 67' lang='lat' dir='ltr'><em>epus</em></span> <span class='ocrx_word' id='word_1_172' title='bbox 350 2113 498 2188; x_wconf 84' lang='lat' dir='ltr'><em>accedere,</em></span> <span class='ocrx_word' id='word_1_173' title='bbox 510 2109 537 2150; x_wconf 79' lang='lat'><strong>⁵³</strong></span> <span class='ocrx_word' id='word_1_174' title='bbox 545 2131 637 2195; x_wconf 88' lang='lat' dir='ltr'><em>neque</em></span> <span class='ocrx_word' id='word_1_175' title='bbox 646 2111 805 2174; x_wconf 79' lang='lat' dir='ltr'><em>sollicitare</em></span> <span class='ocrx_word' id='word_1_176' title='bbox 813 2111 921 2193; x_wconf 80' lang='lat' dir='ltr'><em>quietae</em></span> <span class='ocrx_word' id='word_1_177' title='bbox 931 2109 1060 2175; x_wconf 85' lang='lat' dir='ltr'><em>ciuitatis</em></span> <span class='ocrx_word' id='word_1_178' title='bbox 1069 2122 1183 2176; x_wconf 85' lang='lat' dir='ltr'><em>statum</em></span> 
     </span>
     <span class='ocr_line' id='line_1_22' title="bbox 114 2195 1220 2302; baseline -0.001 -38"><span class='ocrx_word' id='word_1_179' title='bbox 114 2201 220 2282; x_wconf 81' lang='lat' dir='ltr'><em>possit.</em></span> <span class='ocrx_word' id='word_1_180' title='bbox 244 2201 319 2282; x_wconf 85' lang='lat' dir='ltr'><strong>Ego</strong></span> <span class='ocrx_word' id='word_1_181' title='bbox 332 2199 378 2261; x_wconf 90' lang='lat' dir='ltr'><strong>ita</strong></span> <span class='ocrx_word' id='word_1_182' title='bbox 390 2219 503 2277; x_wconf 83' lang='grc'><strong>8888888,</strong></span> <span class='ocrx_word' id='word_1_183' title='bbox 515 2197 630 2282; x_wconf 85' lang='lat' dir='ltr'><em>legatos</em></span> <span class='ocrx_word' id='word_1_184' title='bbox 644 2195 792 2278; x_wconf 82' lang='lat' dir='ltr'><em>cntempla</em></span> <span class='ocrx_word' id='word_1_185' title='bbox 802 2196 936 2259; x_wconf 88' lang='lat' dir='ltr'><em>Romam</em></span> <span class='ocrx_word' id='word_1_186' title='bbox 943 2197 1116 2296; x_wconf 82' lang='lat' dir='ltr'><em>mittendos,</em></span> <span class='ocrx_word' id='word_1_187' title='bbox 1132 2202 1184 2302; x_wconf 78' lang='lat' dir='ltr'><strong>qui</strong></span> <span class='ocrx_word' id='word_1_188' title='bbox 1211 2211 1220 2226; x_wconf 91' lang='grc'>·</span> 
     </span>
     <span class='ocr_line' id='line_1_23' title="bbox 119 2281 1183 2368; baseline 0 -20"><span class='ocrx_word' id='word_1_189' title='bbox 119 2287 241 2349; x_wconf 74' lang='lat' dir='ltr'><em>senatui</em></span> <span class='ocrx_word' id='word_1_190' title='bbox 261 2281 473 2365; x_wconf 81' lang='lat' dir='ltr'><em>satisfaciant:</em></span> <span class='ocrx_word' id='word_1_191' title='bbox 496 2283 582 2361; x_wconf 67' lang='lat' dir='ltr'><em>olion</em></span> <span class='ocrx_word' id='word_1_192' title='bbox 598 2303 648 2368; x_wconf 83' lang='lat' dir='ltr'><em>qur</em></span> <span class='ocrx_word' id='word_1_193' title='bbox 643 2282 841 2368; x_wconf 74' lang='lat' dir='ltr'><em>Hannibali</em></span> <span class='ocrx_word' id='word_1_194' title='bbox 860 2283 1009 2360; x_wconf 81' lang='lat' dir='ltr'><em>nuncient,</em></span> <span class='ocrx_word' id='word_1_195' title='bbox 1025 2293 1057 2346; x_wconf 90' lang='lat' dir='ltr'><strong>ut</strong></span> <span class='ocrx_word' id='word_1_196' title='bbox 1071 2287 1183 2348; x_wconf 81' lang='lat' dir='ltr'><em>exerci-</em></span> 
     </span>
     <span class='ocr_line' id='line_1_24' title="bbox 17 2367 1211 2464; baseline 0 -29"><span class='ocrx_word' id='word_1_197' title='bbox 17 2451 18 2464; x_wconf 69' lang='lat'><strong>.</strong></span> <span class='ocrx_word' id='word_1_198' title='bbox 122 2382 188 2435; x_wconf 86' lang='grc'><strong>18888</strong></span> <span class='ocrx_word' id='word_1_199' title='bbox 197 2373 239 2435; x_wconf 88' lang='lat' dir='ltr'><em>ab</em></span> <span class='ocrx_word' id='word_1_200' title='bbox 251 2372 391 2456; x_wconf 83' lang='lat' dir='ltr'><em>Sagunto</em></span> <span class='ocrx_word' id='word_1_201' title='bbox 402 2371 568 2448; x_wconf 82' lang='lat' dir='ltr'><em>abducat,</em></span> <span class='ocrx_word' id='word_1_202' title='bbox 556 2390 709 2454; x_wconf 77' lang='lat' dir='ltr'><em>ipsumque</em></span> <span class='ocrx_word' id='word_1_203' title='bbox 720 2368 929 2434; x_wconf 83' lang='lat' dir='ltr'><em>Hannibalem</em></span> <span class='ocrx_word' id='word_1_204' title='bbox 944 2367 1108 2450; x_wconf 79' lang='lat' dir='ltr'><em>exscudere</em></span> <span class='ocrx_word' id='word_1_205' title='bbox 1118 2372 1183 2435; x_wconf 85' lang='lat' dir='ltr'><strong>Ro-</strong></span> <span class='ocrx_word' id='word_1_206' title='bbox 1204 2373 1211 2382; x_wconf 84' lang='lat'><strong><em>‘</em></strong></span> 
     </span>
    </p>
   </div>
   <div class='ocr_carea' id='block_1_4' title="bbox 278 2537 1028 2602">
    <p class='ocr_par' dir='ltr' id='par_1_4' title="bbox 278 2537 1028 2602">
     <span class='ocr_line' id='line_1_25' title="bbox 278 2537 1028 2602; baseline 0 -14"><span class='ocrx_word' id='word_1_207' title='bbox 278 2538 292 2576; x_wconf 68' lang='grc'><strong>1</strong></span> <span class='ocrx_word' id='word_1_208' title='bbox 303 2539 328 2588; x_wconf 81' lang='lat' dir='ltr'><strong>id</strong></span> <span class='ocrx_word' id='word_1_209' title='bbox 338 2544 372 2602; x_wconf 79' lang='lat' dir='ltr'><strong>est</strong></span> <span class='ocrx_word' id='word_1_210' title='bbox 382 2542 429 2602; x_wconf 79' lang='lat' dir='ltr'><em>leg.</em></span> <span class='ocrx_word' id='word_1_211' title='bbox 441 2543 514 2588; x_wconf 87' lang='lat' dir='ltr'><em>tum&#39;</em></span> <span class='ocrx_word' id='word_1_212' title='bbox 504 2555 529 2586; x_wconf 89' lang='grc'><strong>888</strong></span> <span class='ocrx_word' id='word_1_213' title='bbox 540 2541 615 2588; x_wconf 83' lang='lat' dir='ltr'><em>(icon.</em></span> <span class='ocrx_word' id='word_1_214' title='bbox 627 2539 696 2588; x_wconf 80' lang='lat' dir='ltr'><em>Crev.</em></span> <span class='ocrx_word' id='word_1_215' title='bbox 827 2541 839 2570; x_wconf 69' lang='lat'><strong>⁹</strong></span> <span class='ocrx_word' id='word_1_216' title='bbox 850 2537 949 2600; x_wconf 71' lang='lat' dir='ltr'><em>periitne</em></span> <span class='ocrx_word' id='word_1_217' title='bbox 960 2539 1028 2588; x_wconf 73' lang='lat' dir='ltr'><strong>nea</strong></span> 
     </span>
    </p>
   </div>
   <div class='ocr_carea' id='block_1_5' title="bbox 17 2705 1243 4452">
    <p class='ocr_par' dir='ltr' id='par_1_5' title="bbox 17 2705 1243 4452">
     <span class='ocr_line' id='line_1_26' title="bbox 122 2705 1187 2768; baseline 0.004 -14"><span class='ocrx_word' id='word_1_218' title='bbox 122 2706 334 2768; x_wconf 70' lang='lat' dir='ltr'><em>giniensiumsed</em></span> <span class='ocrx_word' id='word_1_219' title='bbox 354 2705 429 2752; x_wconf 81' lang='lat' dir='ltr'><em>solius</em></span> <span class='ocrx_word' id='word_1_220' title='bbox 438 2706 565 2754; x_wconf 75' lang='lat' dir='ltr'><em>Annibalis</em></span> <span class='ocrx_word' id='word_1_221' title='bbox 584 2719 640 2766; x_wconf 84' lang='lat' dir='ltr'><em>pro·</em></span> <span class='ocrx_word' id='word_1_222' title='bbox 672 2712 737 2754; x_wconf 81' lang='lat' dir='ltr'><em>sunt.</em></span> <span class='ocrx_word' id='word_1_223' title='bbox 769 2705 1112 2758; x_wconf 78' lang='grc' dir='ltr'><strong>Ρω818886188888181888888</strong></span> <span class='ocrx_word' id='word_1_224' title='bbox 1135 2723 1187 2758; x_wconf 88' lang='lat' dir='ltr'><strong>mo-</strong></span> 
     </span>
     <span class='ocr_line' id='line_1_27' title="bbox 122 2771 1187 2833; baseline 0.005 -15"><span class='ocrx_word' id='word_1_225' title='bbox 122 2773 210 2833; x_wconf 83' lang='lat' dir='ltr'><em>prinm,</em></span> <span class='ocrx_word' id='word_1_226' title='bbox 223 2771 330 2818; x_wconf 78' lang='lat' dir='ltr'><em>Romani</em></span> <span class='ocrx_word' id='word_1_227' title='bbox 340 2771 411 2817; x_wconf 83' lang='grc'><strong>188118</strong></span> <span class='ocrx_word' id='word_1_228' title='bbox 421 2772 556 2830; x_wconf 80' lang='lat' dir='ltr'><em>patiuntur.</em></span> <span class='ocrx_word' id='word_1_229' title='bbox 672 2774 746 2819; x_wconf 77' lang='lat' dir='ltr'><em>dume</em></span> <span class='ocrx_word' id='word_1_230' title='bbox 765 2772 869 2818; x_wconf 78' lang='lat' dir='ltr'><em>Eventus</em></span> <span class='ocrx_word' id='word_1_231' title='bbox 886 2771 937 2818; x_wconf 79' lang='lat' dir='ltr'><em>belli</em></span> <span class='ocrx_word' id='word_1_232' title='bbox 948 2803 955 2818; x_wconf 93' lang='lat'><strong>.</strong></span> <span class='ocrx_word' id='word_1_233' title='bbox 968 2806 975 2820; x_wconf 93' lang='lat'><strong>.</strong></span> <span class='ocrx_word' id='word_1_234' title='bbox 988 2774 1046 2821; x_wconf 86' lang='grc'><strong>..81</strong></span> <span class='ocrx_word' id='word_1_235' title='bbox 1064 2775 1187 2822; x_wconf 77' lang='lat' dir='ltr'><em>victoriani</em></span> 
     </span>
     <span class='ocr_line' id='line_1_28' title="bbox 154 2835 1187 2899; baseline 0.005 -17"><span class='ocrx_word' id='word_1_236' title='bbox 154 2835 294 2883; x_wconf 57' lang='lat' dir='ltr'><em>evaeum</em></span> <span class='ocrx_word' id='word_1_237' title='bbox 312 2835 432 2899; x_wconf 78' lang='lat' dir='ltr'><em>criminis]</em></span> <span class='ocrx_word' id='word_1_238' title='bbox 450 2835 516 2882; x_wconf 84' lang='lat' dir='ltr'><em>Eum</em></span> <span class='ocrx_word' id='word_1_239' title='bbox 535 2837 575 2883; x_wconf 89' lang='lat' dir='ltr'><strong>cui</strong></span> <span class='ocrx_word' id='word_1_240' title='bbox 594 2835 640 2882; x_wconf 84' lang='lat' dir='ltr'><em>cri·</em></span> <span class='ocrx_word' id='word_1_241' title='bbox 672 2835 743 2890; x_wconf 82' lang='grc'><strong>88881,</strong></span> <span class='ocrx_word' id='word_1_242' title='bbox 755 2835 814 2882; x_wconf 81' lang='lat' dir='ltr'><em>unde</em></span> <span class='ocrx_word' id='word_1_243' title='bbox 826 2837 869 2898; x_wconf 79' lang='lat' dir='ltr'><em>jur</em></span> <span class='ocrx_word' id='word_1_244' title='bbox 885 2836 969 2893; x_wconf 81' lang='lat' dir='ltr'><em>stabat,</em></span> <span class='ocrx_word' id='word_1_245' title='bbox 987 2837 1012 2884; x_wconf 78' lang='lat' dir='ltr'><em>u</em></span> <span class='ocrx_word' id='word_1_246' title='bbox 1028 2838 1056 2886; x_wconf 86' lang='grc'><strong>818</strong></span> <span class='ocrx_word' id='word_1_247' title='bbox 1072 2841 1187 2899; x_wconf 67' lang='grc'><strong>88888188</strong></span> 
     </span>
     <span class='ocr_line' id='line_1_29' title="bbox 123 2893 1188 2966; baseline 0.006 -20"><span class='ocrx_word' id='word_1_248' title='bbox 123 2913 178 2946; x_wconf 87' lang='lat' dir='ltr'><strong>men</strong></span> <span class='ocrx_word' id='word_1_249' title='bbox 190 2901 309 2948; x_wconf 86' lang='lat' dir='ltr'><em>luendum</em></span> <span class='ocrx_word' id='word_1_250' title='bbox 321 2906 366 2947; x_wconf 83' lang='lat' dir='ltr'><em>eet.</em></span> <span class='ocrx_word' id='word_1_251' title='bbox 672 2915 728 2961; x_wconf 74' lang='lat' dir='ltr'><em>qum</em></span> <span class='ocrx_word' id='word_1_252' title='bbox 743 2908 794 2948; x_wconf 80' lang='lat' dir='ltr'><em>eret</em></span> <span class='ocrx_word' id='word_1_253' title='bbox 812 2914 851 2946; x_wconf 81' lang='lat' dir='ltr'><strong>ree</strong></span> <span class='ocrx_word' id='word_1_254' title='bbox 862 2903 892 2949; x_wconf 87' lang='lat' dir='ltr'><strong>de</strong></span> <span class='ocrx_word' id='word_1_255' title='bbox 911 2916 960 2962; x_wconf 79' lang='lat' dir='ltr'><em>qun</em></span> <span class='ocrx_word' id='word_1_256' title='bbox 977 2903 1051 2950; x_wconf 83' lang='grc'><strong>888818</strong></span> <span class='ocrx_word' id='word_1_257' title='bbox 1060 2893 1188 2966; x_wconf 80' lang='lat' dir='ltr'><em>ambigeba-</em></span> 
     </span>
     <span class='ocr_line' id='line_1_30' title="bbox 154 2964 1187 3030; baseline 0.002 -17"><span class='ocrx_word' id='word_1_258' title='bbox 154 2965 186 3013; x_wconf 84' lang='lat' dir='ltr'><strong>ts</strong></span> <span class='ocrx_word' id='word_1_259' title='bbox 203 2967 302 3026; x_wconf 53' lang='lat' dir='ltr'><em>AEkrter</em></span> <span class='ocrx_word' id='word_1_260' title='bbox 318 2964 418 3030; x_wconf 83' lang='grc'><strong>18888188]</strong></span> <span class='ocrx_word' id='word_1_261' title='bbox 445 2965 486 3012; x_wconf 77' lang='lat' dir='ltr'><strong>Ad</strong></span> <span class='ocrx_word' id='word_1_262' title='bbox 504 2979 565 3028; x_wconf 79' lang='lat' dir='ltr'><em>qum</em></span> <span class='ocrx_word' id='word_1_263' title='bbox 582 2967 640 3012; x_wconf 85' lang='lat' dir='ltr'><em>victi</em></span> <span class='ocrx_word' id='word_1_264' title='bbox 673 2974 722 3024; x_wconf 85' lang='lat' dir='ltr'><em>tur,</em></span> <span class='ocrx_word' id='word_1_265' title='bbox 733 2979 821 3025; x_wconf 83' lang='lat' dir='ltr'><em>nempe</em></span> <span class='ocrx_word' id='word_1_266' title='bbox 837 2971 889 3014; x_wconf 85' lang='lat' dir='ltr'><em>uter</em></span> <span class='ocrx_word' id='word_1_267' title='bbox 903 2967 1003 3027; x_wconf 79' lang='lat' dir='ltr'><em>popalus</em></span> <span class='ocrx_word' id='word_1_268' title='bbox 1014 2967 1094 3030; x_wconf 80' lang='lat' dir='ltr'><em>soeelns</em></span> <span class='ocrx_word' id='word_1_269' title='bbox 1110 2970 1187 3030; x_wconf 76' lang='lat' dir='ltr'><em>rupte·</em></span> 
     </span>
     <span class='ocr_line' id='line_1_31' title="bbox 122 3031 1188 3106; baseline 0.004 -28"><span class='ocrx_word' id='word_1_270' title='bbox 122 3031 343 3092; x_wconf 77' lang='lat' dir='ltr'><em>Carthaginienses,</em></span> <span class='ocrx_word' id='word_1_271' title='bbox 376 3043 460 3106; x_wconf 87' lang='lat' dir='ltr'><em>pacem</em></span> <span class='ocrx_word' id='word_1_272' title='bbox 491 3031 640 3091; x_wconf 77' lang='lat' dir='ltr'><em>gravissimis</em></span> <span class='ocrx_word' id='word_1_273' title='bbox 672 3036 712 3081; x_wconf 84' lang='lat' dir='ltr'><em>eet.</em></span> <span class='ocrx_word' id='word_1_274' title='bbox 747 3031 793 3076; x_wconf 90' lang='lat' dir='ltr'><em>Sed</em></span> <span class='ocrx_word' id='word_1_275' title='bbox 812 3044 924 3078; x_wconf 86' lang='lat' dir='ltr'><em>veremur</em></span> <span class='ocrx_word' id='word_1_276' title='bbox 943 3046 982 3088; x_wconf 86' lang='lat' dir='ltr'><strong>ne,</strong></span> <span class='ocrx_word' id='word_1_277' title='bbox 998 3035 1058 3080; x_wconf 87' lang='lat' dir='ltr'><strong>dum</strong></span> <span class='ocrx_word' id='word_1_278' title='bbox 1075 3035 1188 3082; x_wconf 72' lang='lat' dir='ltr'><em>volumus</em></span> 
     </span>
     <span class='ocr_line' id='line_1_32' title="bbox 122 3095 1188 3160; baseline 0.002 -18"><span class='ocrx_word' id='word_1_279' title='bbox 122 3095 300 3143; x_wconf 85' lang='lat' dir='ltr'><em>conditionibus</em></span> <span class='ocrx_word' id='word_1_280' title='bbox 336 3095 443 3154; x_wconf 82' lang='lat' dir='ltr'><em>accipere</em></span> <span class='ocrx_word' id='word_1_281' title='bbox 478 3095 555 3142; x_wconf 84' lang='lat' dir='ltr'><em>coacti</em></span> <span class='ocrx_word' id='word_1_282' title='bbox 586 3095 640 3141; x_wconf 79' lang='lat' dir='ltr'><em>iue-</em></span> <span class='ocrx_word' id='word_1_283' title='bbox 672 3095 771 3142; x_wconf 84' lang='lat' dir='ltr'><em>Livium</em></span> <span class='ocrx_word' id='word_1_284' title='bbox 798 3095 962 3143; x_wconf 79' lang='lat' dir='ltr'><em>Grammatice</em></span> <span class='ocrx_word' id='word_1_285' title='bbox 990 3097 1067 3160; x_wconf 79' lang='lat' dir='ltr'><em>loqui,</em></span> <span class='ocrx_word' id='word_1_286' title='bbox 1101 3112 1188 3158; x_wconf 78' lang='lat' dir='ltr'><em>parum</em></span> 
     </span>
     <span class='ocr_line' id='line_1_33' title="bbox 122 3159 1188 3220; baseline 0.003 -13"><span class='ocrx_word' id='word_1_287' title='bbox 122 3168 184 3208; x_wconf 83' lang='grc'><strong>88181.</strong></span> <span class='ocrx_word' id='word_1_288' title='bbox 672 3159 759 3206; x_wconf 66' lang='lat' dir='ltr'><em>utine</em></span> <span class='ocrx_word' id='word_1_289' title='bbox 780 3161 920 3220; x_wconf 82' lang='lat' dir='ltr'><em>loquentem</em></span> <span class='ocrx_word' id='word_1_290' title='bbox 942 3161 1070 3211; x_wconf 79' lang='grc'><strong>1888188888.</strong></span> <span class='ocrx_word' id='word_1_291' title='bbox 1104 3163 1188 3210; x_wconf 75' lang='lat' dir='ltr'><em>Potius</em></span> 
     </span>
     <span class='ocr_line' id='line_1_34' title="bbox 153 3191 1189 3288; baseline 0.004 -16"><span class='ocrx_word' id='word_1_292' title='bbox 153 3226 186 3272; x_wconf 83' lang='lat'><strong>50</strong></span> <span class='ocrx_word' id='word_1_293' title='bbox 202 3224 317 3288; x_wconf 79' lang='lat' dir='ltr'><em>Erycem]</em></span> <span class='ocrx_word' id='word_1_294' title='bbox 335 3191 471 3272; x_wconf 79' lang='lat' dir='ltr'><em>Mantem&#39;</em></span> <span class='ocrx_word' id='word_1_295' title='bbox 464 3239 490 3270; x_wconf 80' lang='grc' dir='ltr'><strong>ιιι</strong></span> <span class='ocrx_word' id='word_1_296' title='bbox 507 3225 640 3284; x_wconf 62' lang='grc'><strong>8181118886</strong></span> <span class='ocrx_word' id='word_1_297' title='bbox 671 3225 792 3271; x_wconf 80' lang='lat' dir='ltr'><em>credimus</em></span> <span class='ocrx_word' id='word_1_298' title='bbox 803 3237 859 3271; x_wconf 83' lang='lat' dir='ltr'><strong>eum</strong></span> <span class='ocrx_word' id='word_1_299' title='bbox 878 3238 910 3271; x_wconf 83' lang='lat' dir='ltr'><strong>ex</strong></span> <span class='ocrx_word' id='word_1_300' title='bbox 928 3226 1045 3276; x_wconf 75' lang='lat' dir='ltr'><em>brevitate</em></span> <span class='ocrx_word' id='word_1_301' title='bbox 1055 3233 1081 3274; x_wconf 83' lang='lat' dir='ltr'><strong>et</strong></span> <span class='ocrx_word' id='word_1_302' title='bbox 1090 3229 1189 3276; x_wconf 78' lang='grc'><strong>1188181118</strong></span> 
     </span>
     <span class='ocr_line' id='line_1_35' title="bbox 122 3287 1189 3352; baseline 0.004 -16"><span class='ocrx_word' id='word_1_303' title='bbox 122 3304 194 3350; x_wconf 87' lang='lat' dir='ltr'><em>quem</em></span> <span class='ocrx_word' id='word_1_304' title='bbox 213 3291 310 3337; x_wconf 81' lang='lat' dir='ltr'><em>clausus</em></span> <span class='ocrx_word' id='word_1_305' title='bbox 327 3290 445 3336; x_wconf 85' lang='lat' dir='ltr'><em>exercitus</em></span> <span class='ocrx_word' id='word_1_306' title='bbox 460 3287 591 3336; x_wconf 86' lang='lat' dir='ltr'><em>Poenorum</em></span> <span class='ocrx_word' id='word_1_307' title='bbox 601 3303 640 3336; x_wconf 83' lang='grc'><strong>88-</strong></span> <span class='ocrx_word' id='word_1_308' title='bbox 672 3291 778 3349; x_wconf 73' lang='lat' dir='ltr'><em>quadum</em></span> <span class='ocrx_word' id='word_1_309' title='bbox 788 3296 856 3334; x_wconf 82' lang='lat' dir='ltr'><em>extra</em></span> <span class='ocrx_word' id='word_1_310' title='bbox 871 3297 999 3337; x_wconf 76' lang='lat' dir='ltr'><em>consuetas</em></span> <span class='ocrx_word' id='word_1_311' title='bbox 1009 3293 1074 3352; x_wconf 75' lang='lat' dir='ltr'><em>leges</em></span> <span class='ocrx_word' id='word_1_312' title='bbox 1085 3307 1189 3352; x_wconf 72' lang='grc'><strong>88888888·</strong></span> 
     </span>
     <span class='ocr_line' id='line_1_36' title="bbox 121 3354 1189 3416; baseline 0.002 -15"><span class='ocrx_word' id='word_1_313' title='bbox 121 3356 167 3401; x_wconf 83' lang='lat' dir='ltr'><em>iius</em></span> <span class='ocrx_word' id='word_1_314' title='bbox 185 3356 287 3401; x_wconf 88' lang='lat' dir='ltr'><em>demum</em></span> <span class='ocrx_word' id='word_1_315' title='bbox 306 3355 372 3414; x_wconf 79' lang='lat' dir='ltr'><em>pacis</em></span> <span class='ocrx_word' id='word_1_316' title='bbox 394 3355 509 3401; x_wconf 83' lang='lat' dir='ltr'><em>beneficio</em></span> <span class='ocrx_word' id='word_1_317' title='bbox 524 3356 640 3402; x_wconf 77' lang='lat' dir='ltr'><em>liberatus</em></span> <span class='ocrx_word' id='word_1_318' title='bbox 672 3359 697 3399; x_wconf 89' lang='lat' dir='ltr'><strong>te</strong></span> <span class='ocrx_word' id='word_1_319' title='bbox 723 3359 831 3412; x_wconf 77' lang='lat' dir='ltr'><em>captusne</em></span> <span class='ocrx_word' id='word_1_320' title='bbox 855 3354 1010 3414; x_wconf 75' lang='lat' dir='ltr'><em>elegantiam,</em></span> <span class='ocrx_word' id='word_1_321' title='bbox 1034 3363 1069 3414; x_wconf 87' lang='grc'><strong>81,</strong></span> <span class='ocrx_word' id='word_1_322' title='bbox 1091 3357 1189 3416; x_wconf 83' lang='lat' dir='ltr'><em>quando</em></span> 
     </span>
     <span class='ocr_line' id='line_1_37' title="bbox 123 3417 1243 3480; baseline 0.003 -15"><span class='ocrx_word' id='word_1_323' title='bbox 123 3421 211 3467; x_wconf 76' lang='grc'><strong>888881.</strong></span> <span class='ocrx_word' id='word_1_324' title='bbox 672 3431 757 3464; x_wconf 80' lang='lat' dir='ltr'><em>sensus</em></span> <span class='ocrx_word' id='word_1_325' title='bbox 776 3419 834 3464; x_wconf 83' lang='grc'><strong>881188</strong></span> <span class='ocrx_word' id='word_1_326' title='bbox 851 3424 948 3477; x_wconf 74' lang='lat' dir='ltr'><em>apertus</em></span> <span class='ocrx_word' id='word_1_327' title='bbox 967 3426 1028 3478; x_wconf 81' lang='lat' dir='ltr'><em>erut,</em></span> <span class='ocrx_word' id='word_1_328' title='bbox 1046 3435 1133 3480; x_wconf 80' lang='lat' dir='ltr'><em>pamm</em></span> <span class='ocrx_word' id='word_1_329' title='bbox 1146 3435 1188 3467; x_wconf 86' lang='lat' dir='ltr'><strong>eu·</strong></span> <span class='ocrx_word' id='word_1_330' title='bbox 1239 3417 1243 3428; x_wconf 66' lang='lat'><strong>⁴</strong></span> 
     </span>
     <span class='ocr_line' id='line_1_38' title="bbox 153 3456 1189 3547; baseline 0.001 -16"><span class='ocrx_word' id='word_1_331' title='bbox 153 3484 185 3531; x_wconf 78' lang='lat'><strong>51</strong></span> <span class='ocrx_word' id='word_1_332' title='bbox 207 3484 308 3531; x_wconf 86' lang='lat' dir='ltr'><em>Tarento</em></span> <span class='ocrx_word' id='word_1_333' title='bbox 327 3456 526 3547; x_wconf 82' lang='grc'><strong>8888188188118]</strong></span> <span class='ocrx_word' id='word_1_334' title='bbox 544 3485 637 3530; x_wconf 86' lang='lat' dir='ltr'><em>Grono-</em></span> <span class='ocrx_word' id='word_1_335' title='bbox 671 3497 737 3530; x_wconf 80' lang='lat' dir='ltr'><em>rasse</em></span> <span class='ocrx_word' id='word_1_336' title='bbox 756 3484 786 3530; x_wconf 86' lang='lat' dir='ltr'><strong>de</strong></span> <span class='ocrx_word' id='word_1_337' title='bbox 804 3483 882 3529; x_wconf 81' lang='lat' dir='ltr'><em>verbis</em></span> <span class='ocrx_word' id='word_1_338' title='bbox 902 3485 934 3529; x_wconf 81' lang='lat' dir='ltr'><em>nd</em></span> <span class='ocrx_word' id='word_1_339' title='bbox 953 3485 1123 3534; x_wconf 70' lang='lat' dir='ltr'><em>Grammatico</em></span> <span class='ocrx_word' id='word_1_340' title='bbox 1133 3499 1189 3534; x_wconf 90' lang='lat' dir='ltr'><strong>nor</strong></span> 
     </span>
     <span class='ocr_line' id='line_1_39' title="bbox 121 3543 1189 3610; baseline 0.002 -14"><span class='ocrx_word' id='word_1_341' title='bbox 121 3550 174 3596; x_wconf 84' lang='lat' dir='ltr'><em>vius</em></span> <span class='ocrx_word' id='word_1_342' title='bbox 191 3562 222 3595; x_wconf 88' lang='lat' dir='ltr'><strong>ex</strong></span> <span class='ocrx_word' id='word_1_343' title='bbox 238 3549 347 3610; x_wconf 73' lang='lat' dir='ltr'><em>vestigiis</em></span> <span class='ocrx_word' id='word_1_344' title='bbox 363 3549 433 3594; x_wconf 84' lang='lat' dir='ltr'><strong>MSS.</strong></span> <span class='ocrx_word' id='word_1_345' title='bbox 451 3549 510 3608; x_wconf 78' lang='lat' dir='ltr'><em>legit</em></span> <span class='ocrx_word' id='word_1_346' title='bbox 530 3547 637 3605; x_wconf 84' lang='lat' dir='ltr'><em>Torento,</em></span> <span class='ocrx_word' id='word_1_347' title='bbox 670 3543 878 3608; x_wconf 80' lang='lat' dir='ltr'><em>mnmexigendis·</em></span> <span class='ocrx_word' id='word_1_348' title='bbox 913 3547 1189 3609; x_wconf 82' lang='lat' dir='ltr'><em>Sicergohunclocum</em></span> 
     </span>
     <span class='ocr_line' id='line_1_40' title="bbox 120 3613 1189 3674; baseline 0.001 -14"><span class='ocrx_word' id='word_1_349' title='bbox 120 3613 197 3670; x_wconf 83' lang='grc'><strong>18888,</strong></span> <span class='ocrx_word' id='word_1_350' title='bbox 209 3614 289 3660; x_wconf 87' lang='lat' dir='ltr'><em>Italia.</em></span> <span class='ocrx_word' id='word_1_351' title='bbox 323 3613 422 3659; x_wconf 77' lang='lat' dir='ltr'><em>ltaliam</em></span> <span class='ocrx_word' id='word_1_352' title='bbox 436 3613 552 3660; x_wconf 78' lang='lat' dir='ltr'><em>nImIrum</em></span> <span class='ocrx_word' id='word_1_353' title='bbox 570 3614 639 3660; x_wconf 82' lang='grc'><strong>1188-</strong></span> <span class='ocrx_word' id='word_1_354' title='bbox 671 3613 841 3672; x_wconf 80' lang='lat' dir='ltr'><em>exponendum</em></span> <span class='ocrx_word' id='word_1_355' title='bbox 869 3613 1025 3660; x_wconf 81' lang='lat' dir='ltr'><em>duxerImus:</em></span> <span class='ocrx_word' id='word_1_356' title='bbox 1051 3613 1077 3660; x_wconf 81' lang='lat' dir='ltr'><strong>ut</strong></span> <span class='ocrx_word' id='word_1_357' title='bbox 1097 3614 1189 3674; x_wconf 81' lang='lat' dir='ltr'><em>dequo</em></span> 
     </span>
     <span class='ocr_line' id='line_1_41' title="bbox 121 3646 1189 3740; baseline 0 -16"><span class='ocrx_word' id='word_1_358' title='bbox 121 3691 152 3724; x_wconf 83' lang='lat' dir='ltr'><strong>no</strong></span> <span class='ocrx_word' id='word_1_359' title='bbox 176 3646 298 3738; x_wconf 75' lang='lat' dir='ltr'><em>signifieat</em></span> <span class='ocrx_word' id='word_1_360' title='bbox 324 3678 472 3724; x_wconf 78' lang='lat' dir='ltr'><em>nominatim</em></span> <span class='ocrx_word' id='word_1_361' title='bbox 497 3679 523 3726; x_wconf 84' lang='lat' dir='ltr'><strong>tn</strong></span> <span class='ocrx_word' id='word_1_362' title='bbox 550 3678 640 3724; x_wconf 80' lang='lat' dir='ltr'><em>foedere</em></span> <span class='ocrx_word' id='word_1_363' title='bbox 673 3677 747 3724; x_wconf 83' lang='grc'><strong>888888</strong></span> <span class='ocrx_word' id='word_1_364' title='bbox 756 3675 922 3736; x_wconf 72' lang='lat' dir='ltr'><em>ambigebatur</em></span> <span class='ocrx_word' id='word_1_365' title='bbox 941 3690 1030 3737; x_wconf 89' lang='lat' dir='ltr'><em>nempe</em></span> <span class='ocrx_word' id='word_1_366' title='bbox 1048 3683 1100 3724; x_wconf 82' lang='lat' dir='ltr'><em>uter</em></span> <span class='ocrx_word' id='word_1_367' title='bbox 1114 3691 1189 3740; x_wconf 79' lang='lat' dir='ltr'><em>popu-</em></span> 
     </span>
     <span class='ocr_line' id='line_1_42' title="bbox 120 3739 1190 3804; baseline 0.003 -16"><span class='ocrx_word' id='word_1_368' title='bbox 120 3755 259 3804; x_wconf 81' lang='lat' dir='ltr'><em>expressam</em></span> <span class='ocrx_word' id='word_1_369' title='bbox 275 3743 358 3788; x_wconf 77' lang='lat' dir='ltr'><em>tuisse.</em></span> <span class='ocrx_word' id='word_1_370' title='bbox 391 3743 510 3797; x_wconf 74' lang='lat' dir='ltr'><em>Philinus,</em></span> <span class='ocrx_word' id='word_1_371' title='bbox 523 3743 641 3789; x_wconf 79' lang='lat' dir='ltr'><em>referente</em></span> <span class='ocrx_word' id='word_1_372' title='bbox 672 3739 709 3795; x_wconf 79' lang='lat' dir='ltr'><strong>lus</strong></span> <span class='ocrx_word' id='word_1_373' title='bbox 720 3740 800 3804; x_wconf 80' lang='lat' dir='ltr'><em>saltu</em></span> <span class='ocrx_word' id='word_1_374' title='bbox 811 3744 1024 3800; x_wconf 80' lang='lat' dir='ltr'><em>rupisset‚euentue</em></span> <span class='ocrx_word' id='word_1_375' title='bbox 1039 3742 1090 3790; x_wconf 85' lang='lat' dir='ltr'><em>belli</em></span> <span class='ocrx_word' id='word_1_376' title='bbox 1107 3747 1190 3791; x_wconf 83' lang='lat' dir='ltr'><em>decre-</em></span> 
     </span>
     <span class='ocr_line' id='line_1_43' title="bbox 122 3805 1189 3868; baseline 0.004 -16"><span class='ocrx_word' id='word_1_377' title='bbox 122 3805 232 3868; x_wconf 82' lang='lat' dir='ltr'><strong>Polybio,</strong></span> <span class='ocrx_word' id='word_1_378' title='bbox 243 3807 260 3852; x_wconf 88' lang='lat'><strong>1.</strong></span> <span class='ocrx_word' id='word_1_379' title='bbox 273 3807 322 3854; x_wconf 89' lang='lat'><strong>111.</strong></span> <span class='ocrx_word' id='word_1_380' title='bbox 334 3821 355 3852; x_wconf 86' lang='lat' dir='ltr'><strong>e.</strong></span> <span class='ocrx_word' id='word_1_381' title='bbox 372 3806 410 3853; x_wconf 83' lang='lat'><strong>26.</strong></span> <span class='ocrx_word' id='word_1_382' title='bbox 428 3807 555 3866; x_wconf 77' lang='lat' dir='ltr'><em>scripserat</em></span> <span class='ocrx_word' id='word_1_383' title='bbox 567 3807 641 3854; x_wconf 81' lang='lat' dir='ltr'><em>lmese</em></span> <span class='ocrx_word' id='word_1_384' title='bbox 673 3807 718 3859; x_wconf 87' lang='lat' dir='ltr'><em>vit,</em></span> <span class='ocrx_word' id='word_1_385' title='bbox 730 3807 790 3853; x_wconf 90' lang='lat' dir='ltr'><strong>dum</strong></span> <span class='ocrx_word' id='word_1_386' title='bbox 804 3807 826 3851; x_wconf 88' lang='grc'><strong>81</strong></span> <span class='ocrx_word' id='word_1_387' title='bbox 843 3805 958 3868; x_wconf 68' lang='lat' dir='ltr'><em>undryus</em></span> <span class='ocrx_word' id='word_1_388' title='bbox 973 3807 1189 3863; x_wconf 55' lang='lat' dir='ltr'><em>subcinctorium</em></span> 
     </span>
     <span class='ocr_line' id='line_1_44' title="bbox 120 3867 1189 3930; baseline 0.002 -12"><span class='ocrx_word' id='word_1_389' title='bbox 120 3871 246 3918; x_wconf 77' lang='grc'><strong>1188888888</strong></span> <span class='ocrx_word' id='word_1_390' title='bbox 264 3871 329 3918; x_wconf 81' lang='lat' dir='ltr'><em>inter</em></span> <span class='ocrx_word' id='word_1_391' title='bbox 347 3878 373 3917; x_wconf 89' lang='lat' dir='ltr'><strong>et</strong></span> <span class='ocrx_word' id='word_1_392' title='bbox 390 3872 478 3918; x_wconf 85' lang='lat' dir='ltr'><em>Poenos</em></span> <span class='ocrx_word' id='word_1_393' title='bbox 497 3873 586 3930; x_wconf 79' lang='lat' dir='ltr'><em>foedus,</em></span> <span class='ocrx_word' id='word_1_394' title='bbox 610 3885 640 3918; x_wconf 80' lang='lat' dir='ltr'><strong>ex</strong></span> <span class='ocrx_word' id='word_1_395' title='bbox 673 3870 744 3919; x_wconf 82' lang='lat' dir='ltr'><em>dedit.</em></span> <span class='ocrx_word' id='word_1_396' title='bbox 787 3867 843 3916; x_wconf 88' lang='lat' dir='ltr'><strong>Non</strong></span> <span class='ocrx_word' id='word_1_397' title='bbox 864 3869 981 3917; x_wconf 81' lang='lat' dir='ltr'><em>absimilis</em></span> <span class='ocrx_word' id='word_1_398' title='bbox 999 3875 1125 3920; x_wconf 69' lang='lat' dir='ltr'><em>anomalia</em></span> <span class='ocrx_word' id='word_1_399' title='bbox 1145 3887 1189 3920; x_wconf 86' lang='lat' dir='ltr'><strong>ex-</strong></span> 
     </span>
     <span class='ocr_line' id='line_1_45' title="bbox 121 3935 1188 3996; baseline 0.003 -14"><span class='ocrx_word' id='word_1_400' title='bbox 121 3951 170 3996; x_wconf 86' lang='lat' dir='ltr'><strong>quo</strong></span> <span class='ocrx_word' id='word_1_401' title='bbox 191 3935 404 3995; x_wconf 74' lang='lat' dir='ltr'><em>carthaginienses</em></span> <span class='ocrx_word' id='word_1_402' title='bbox 428 3935 548 3983; x_wconf 80' lang='lat' dir='ltr'><em>abstine&#39;re</em></span> <span class='ocrx_word' id='word_1_403' title='bbox 572 3937 640 3982; x_wconf 84' lang='lat' dir='ltr'><em>omni</em></span> <span class='ocrx_word' id='word_1_404' title='bbox 671 3937 780 3995; x_wconf 86' lang='lat' dir='ltr'><em>emplum</em></span> <span class='ocrx_word' id='word_1_405' title='bbox 813 3947 897 3982; x_wconf 80' lang='grc'><strong>888888</strong></span> <span class='ocrx_word' id='word_1_406' title='bbox 933 3936 1036 3982; x_wconf 86' lang='lat' dir='ltr'><em>occurrit</em></span> <span class='ocrx_word' id='word_1_407' title='bbox 1073 3939 1188 3984; x_wconf 79' lang='grc'><strong>181881.</strong></span> 
     </span>
     <span class='ocr_line' id='line_1_46' title="bbox 121 3999 1189 4062; baseline 0.003 -16"><span class='ocrx_word' id='word_1_408' title='bbox 121 4001 192 4047; x_wconf 78' lang='grc'><strong>118118</strong></span> <span class='ocrx_word' id='word_1_409' title='bbox 209 4002 342 4062; x_wconf 78' lang='lat' dir='ltr'><em>oportebat.</em></span> <span class='ocrx_word' id='word_1_410' title='bbox 377 3999 431 4047; x_wconf 83' lang='lat' dir='ltr'><strong>Nec</strong></span> <span class='ocrx_word' id='word_1_411' title='bbox 450 4002 481 4049; x_wconf 82' lang='lat' dir='ltr'><em>ab</em></span> <span class='ocrx_word' id='word_1_412' title='bbox 502 4015 530 4046; x_wconf 79' lang='lat' dir='ltr'><strong>eo</strong></span> <span class='ocrx_word' id='word_1_413' title='bbox 549 4001 641 4046; x_wconf 82' lang='lat' dir='ltr'><em>dissen-</em></span> <span class='ocrx_word' id='word_1_414' title='bbox 672 3999 801 4046; x_wconf 89' lang='lat' dir='ltr'>XXVIII.</span> <span class='ocrx_word' id='word_1_415' title='bbox 821 4013 843 4048; x_wconf 87' lang='lat' dir='ltr'><strong>c.</strong></span> <span class='ocrx_word' id='word_1_416' title='bbox 860 4001 899 4050; x_wconf 74' lang='grc'><strong>21.</strong></span> <span class='ocrx_word' id='word_1_417' title='bbox 925 3999 984 4048; x_wconf 83' lang='lat' dir='ltr'><em>via.</em></span> <span class='ocrx_word' id='word_1_418' title='bbox 1003 4001 1036 4046; x_wconf 89' lang='grc'><strong>1181</strong></span> <span class='ocrx_word' id='word_1_419' title='bbox 1054 4009 1137 4049; x_wconf 79' lang='lat' dir='ltr'><em>notam</em></span> <span class='ocrx_word' id='word_1_420' title='bbox 1157 4005 1189 4049; x_wconf 79' lang='lat' dir='ltr'><strong>nd</strong></span> 
     </span>
     <span class='ocr_line' id='line_1_47' title="bbox 121 4065 1034 4124; baseline -0.002 -11"><span class='ocrx_word' id='word_1_421' title='bbox 121 4067 180 4113; x_wconf 79' lang='grc'><strong>81888</strong></span> <span class='ocrx_word' id='word_1_422' title='bbox 191 4065 302 4123; x_wconf 76' lang='lat' dir='ltr'><em>Livium,</em></span> <span class='ocrx_word' id='word_1_423' title='bbox 320 4072 374 4112; x_wconf 88' lang='lat' dir='ltr'><strong>tum</strong></span> <span class='ocrx_word' id='word_1_424' title='bbox 394 4079 426 4112; x_wconf 86' lang='lat' dir='ltr'><strong>ex</strong></span> <span class='ocrx_word' id='word_1_425' title='bbox 442 4067 488 4112; x_wconf 91' lang='lat' dir='ltr'><strong>hoc</strong></span> <span class='ocrx_word' id='word_1_426' title='bbox 498 4065 551 4111; x_wconf 85' lang='lat' dir='ltr'><em>loco</em></span> <span class='ocrx_word' id='word_1_427' title='bbox 561 4067 640 4124; x_wconf 72' lang='lat' dir='ltr'><em>auspi.</em></span> <span class='ocrx_word' id='word_1_428' title='bbox 671 4065 715 4111; x_wconf 83' lang='lat' dir='ltr'><strong>has</strong></span> <span class='ocrx_word' id='word_1_429' title='bbox 727 4077 797 4110; x_wconf 84' lang='lat' dir='ltr'><em>voces</em></span> <span class='ocrx_word' id='word_1_430' title='bbox 809 4065 940 4111; x_wconf 83' lang='lat' dir='ltr'><em>Multitudo</em></span> <span class='ocrx_word' id='word_1_431' title='bbox 950 4067 1034 4112; x_wconf 79' lang='lat' dir='ltr'><em>omnis.</em></span> 
     </span>
     <span class='ocr_line' id='line_1_48' title="bbox 121 4127 1189 4192; baseline 0.002 -16"><span class='ocrx_word' id='word_1_432' title='bbox 121 4131 355 4190; x_wconf 67' lang='lat' dir='ltr'><em>mnueentumex</em></span> <span class='ocrx_word' id='word_1_433' title='bbox 366 4130 433 4191; x_wconf 85' lang='lat' dir='ltr'><em>lipit.</em></span> <span class='ocrx_word' id='word_1_434' title='bbox 444 4131 487 4178; x_wconf 87' lang='lat' dir='ltr'><em>lib.</em></span> <span class='ocrx_word' id='word_1_435' title='bbox 498 4129 569 4176; x_wconf 88' lang='lat' dir='ltr'><strong>XIV.</strong></span> <span class='ocrx_word' id='word_1_436' title='bbox 594 4132 639 4176; x_wconf 83' lang='lat' dir='ltr'><strong>Po·</strong></span> <span class='ocrx_word' id='word_1_437' title='bbox 685 4128 737 4176; x_wconf 78' lang='lat'><strong>&#39;58</strong></span> <span class='ocrx_word' id='word_1_438' title='bbox 761 4127 845 4190; x_wconf 76' lang='lat' dir='ltr'><em>Neque</em></span> <span class='ocrx_word' id='word_1_439' title='bbox 870 4129 1005 4192; x_wconf 75' lang='lat' dir='ltr'><em>sollicitare]</em></span> <span class='ocrx_word' id='word_1_440' title='bbox 1034 4130 1133 4178; x_wconf 83' lang='lat' dir='ltr'><em>PlenIus</em></span> <span class='ocrx_word' id='word_1_441' title='bbox 1160 4146 1189 4178; x_wconf 84' lang='lat' dir='ltr'><em>ac</em></span> 
     </span>
     <span class='ocr_line' id='line_1_49' title="bbox 17 4193 1189 4254; baseline 0 -12"><span class='ocrx_word' id='word_1_442' title='bbox 17 4217 18 4242; x_wconf 75' lang='grc'><strong>8</strong></span> <span class='ocrx_word' id='word_1_443' title='bbox 120 4195 293 4254; x_wconf 77' lang='lat' dir='ltr'><em>lybiustnmen</em></span> <span class='ocrx_word' id='word_1_444' title='bbox 309 4195 437 4242; x_wconf 85' lang='lat' dir='ltr'><em>Philinum</em></span> <span class='ocrx_word' id='word_1_445' title='bbox 455 4198 500 4242; x_wconf 80' lang='lat' dir='ltr'><em>hac</em></span> <span class='ocrx_word' id='word_1_446' title='bbox 517 4195 543 4240; x_wconf 90' lang='lat' dir='ltr'><strong>in</strong></span> <span class='ocrx_word' id='word_1_447' title='bbox 562 4208 588 4241; x_wconf 86' lang='lat' dir='ltr'><strong>re</strong></span> <span class='ocrx_word' id='word_1_448' title='bbox 603 4209 641 4242; x_wconf 84' lang='lat' dir='ltr'><strong>er·</strong></span> <span class='ocrx_word' id='word_1_449' title='bbox 671 4195 760 4240; x_wconf 81' lang='lat' dir='ltr'><em>melius</em></span> <span class='ocrx_word' id='word_1_450' title='bbox 782 4207 846 4240; x_wconf 85' lang='lat' dir='ltr'><em>unus</em></span> <span class='ocrx_word' id='word_1_451' title='bbox 865 4208 879 4240; x_wconf 85' lang='lat' dir='ltr'><strong>e</strong></span> <span class='ocrx_word' id='word_1_452' title='bbox 897 4193 1057 4242; x_wconf 80' lang='lat' dir='ltr'><em>Gronovinnis</em></span> <span class='ocrx_word' id='word_1_453' title='bbox 1076 4198 1144 4244; x_wconf 80' lang='lat' dir='ltr'><em>codd.</em></span> <span class='ocrx_word' id='word_1_454' title='bbox 1163 4203 1189 4242; x_wconf 84' lang='lat' dir='ltr'><strong>et</strong></span> 
     </span>
     <span class='ocr_line' id='line_1_50' title="bbox 122 4259 1190 4326; baseline 0 -22"><span class='ocrx_word' id='word_1_455' title='bbox 122 4261 179 4306; x_wconf 83' lang='grc'><strong>888188</strong></span> <span class='ocrx_word' id='word_1_456' title='bbox 190 4260 309 4322; x_wconf 68' lang='lat' dir='ltr'><em>mugiat.</em></span> <span class='ocrx_word' id='word_1_457' title='bbox 674 4272 738 4306; x_wconf 83' lang='lat' dir='ltr'><em>unus</em></span> <span class='ocrx_word' id='word_1_458' title='bbox 754 4271 851 4320; x_wconf 90' lang='lat' dir='ltr'><em>quoque</em></span> <span class='ocrx_word' id='word_1_459' title='bbox 866 4273 884 4306; x_wconf 82' lang='grc'><strong>8</strong></span> <span class='ocrx_word' id='word_1_460' title='bbox 897 4259 999 4326; x_wconf 79' lang='grc'><strong>88818188</strong></span> <span class='ocrx_word' id='word_1_461' title='bbox 1017 4273 1088 4320; x_wconf 80' lang='lat' dir='ltr'><em>neque</em></span> <span class='ocrx_word' id='word_1_462' title='bbox 1098 4261 1136 4308; x_wconf 87' lang='grc'><strong>8188</strong></span> <span class='ocrx_word' id='word_1_463' title='bbox 1146 4261 1190 4304; x_wconf 86' lang='grc'><strong>881</strong></span> 
     </span>
     <span class='ocr_line' id='line_1_51' title="bbox 145 4322 769 4400; baseline -0.005 -27.966"><span class='ocrx_word' id='word_1_464' title='bbox 145 4326 233 4374; x_wconf 77' lang='lat' dir='ltr'><strong><em>521d</em></strong></span> <span class='ocrx_word' id='word_1_465' title='bbox 254 4326 284 4372; x_wconf 82' lang='grc'><strong>88</strong></span> <span class='ocrx_word' id='word_1_466' title='bbox 306 4338 352 4385; x_wconf 85' lang='lat' dir='ltr'><strong>quo</strong></span> <span class='ocrx_word' id='word_1_467' title='bbox 374 4322 447 4370; x_wconf 77' lang='lat' dir='ltr'><em>uerbis</em></span> <span class='ocrx_word' id='word_1_468' title='bbox 469 4322 640 4400; x_wconf 78' lang='lat' dir='ltr'><em>ambigebatur]</em></span> <span class='ocrx_word' id='word_1_469' title='bbox 673 4323 769 4370; x_wconf 77' lang='lat' dir='ltr'><em>licitere.</em></span> 
     </span>
     <span class='ocr_line' id='line_1_52' title="bbox 121 4389 748 4452; baseline 0 -16"><span class='ocrx_word' id='word_1_470' title='bbox 121 4389 204 4442; x_wconf 78' lang='grc'><strong>688888</strong></span> <span class='ocrx_word' id='word_1_471' title='bbox 214 4397 300 4452; x_wconf 79' lang='lat' dir='ltr'><em>patet:</em></span> <span class='ocrx_word' id='word_1_472' title='bbox 320 4391 394 4436; x_wconf 80' lang='lat' dir='ltr'><em>verba</em></span> <span class='ocrx_word' id='word_1_473' title='bbox 404 4389 477 4450; x_wconf 82' lang='lat' dir='ltr'><em>punio</em></span> <span class='ocrx_word' id='word_1_474' title='bbox 488 4389 641 4448; x_wconf 81' lang='lat' dir='ltr'><em>impeditiora</em></span> <span class='ocrx_word' id='word_1_475' title='bbox 745 4437 748 4444; x_wconf 76' lang='grc'><strong>,</strong></span> 
     </span>
    </p>
   </div>
   <div class='ocr_carea' id='block_1_6' title="bbox 683 4454 776 4514">
    <p class='ocr_par' dir='ltr' id='par_1_6' title="bbox 683 4454 776 4514">
     <span class='ocr_line' id='line_1_53' title="bbox 683 4454 776 4514; baseline 0 0"><span class='ocrx_word' id='word_1_476' title='bbox 683 4454 776 4514; x_wconf 76' lang='grc'><strong>’88</strong></span> 
     </span>
    </p>
   </div>
   <div class='ocr_carea' id='block_1_7' title="bbox 0 0 1536 4976">
    <p class='ocr_par' dir='ltr' id='par_1_7' title="bbox 0 0 1536 4976">
     <span class='ocr_line' id='line_1_54' title="bbox 0 0 1536 4976; baseline 0 1"><span class='ocrx_word' id='word_1_477' title='bbox 0 0 1536 4976; x_wconf 95' lang='lat' dir='ltr'><strong> </strong></span> 
     </span>
    </p>
   </div>
  </div>
 </body>
</html>
