3060 4960
266 240 270 250 .
386 187 479 247 LIB.
502 181 620 287 XXIX.
647 183 707 248 (ἕλ
719 185 750 246 P.
772 183 891 246 xvm.
1113 197 1170 260 sm

106 353 143 416 υἱ
154 351 349 437 atqnearmis
362 351 520 435 obpressit.
556 349 683 434 Omnia,
698 369 767 434 qua
779 359 880 433 capta
893 350 981 421 urbes
988 353 1207 435 patimsturffl.
1218 375 1244 426 c.
1256 376 1312 428 sss

101 442 193 522 passi
203 459 312 518 summ,
327 447 357 502 et
367 447 456 521 quum
467 437 598 501 monime
603 438 754 520 patimur,
769 439 884 503 Patres
898 441 1064 523 conscripti
1067 475 1080 514 ‚·
1104 443 1205 507 orn-*-
1217 441 1243 490 0·
1255 443 1311 492 ²⁰⁴

108 527 175 606 nia,
190 546 258 610 quae
271 526 471 589 cnedelissimi
484 533 577 607 atque
597 524 843 606 inportunissimi
862 527 992 616 tyranni
1003 529 1116 592 seelera
1132 531 1167 593 im

106 611 259 694 obpressos
279 612 358 676 eines
378 612 481 687 edunt,
496 610 669 675 Pleminius
683 610 717 673 in
730 627 794 687 nos,
809 609 978 696 liberosque
991 623 1121 696 nostros,
1135 625 1167 680 et

102 698 412 848 mIIuI'eISIIIdIibIlm
422 791 477 861 est,
492 783 530 846 de
543 801 602 866 qsso
612 781 791 846 nominatim
805 791 835 848 et
849 805 903 849 uos
916 786 1006 869 queri
1018 785 1165 872 ⁹‘religio

101 871 202 954 infera
213 870 327 934 animis
339 876 437 953 cogat,
448 878 478 933 et
488 889 539 934 uos
549 869 668 944 audire,
679 877 709 932 et
716 871 868 934 maluere
876 872 1091 955 rempublicam
1101 895 1164 939 oes-

103 966 186 1021 trom
200 957 360 1040 religione,
370 957 399 1028 si
408 954 455 1019 ita
470 954 553 1020 volis
567 953 729 1031 uidebitur,
741 957 874 1033 uelimus,
887 959 1002 1023 Patres
1011 963 1164 1044 conserip-

101 1044 141 1108 ti.
177 1041 316 1107 Vidimus
340 1043 430 1119 enim,
444 1061 510 1104 eum
534 1050 650 1125 quanta
674 1041 841 1104 emenonio
862 1064 924 1106 non
944 1054 1056 1110 vestros
1069 1048 1163 1111 solum

100 1131 214 1194 colatis
227 1131 323 1205 Deos,
337 1129 497 1192 sedetiam
517 1136 657 1191 emanas
677 1128 848 1210 accipiatis.
890 1130 1009 1194 Famem
1021 1141 1066 1196 est
1078 1136 1166 1218 apud

101 1237 159 1281 nos
173 1216 383 1298 Proserpina,
398 1216 437 1278 de
449 1212 532 1298 eujus
550 1215 716 1278 sanctitate
732 1215 839 1297 templi
852 1217 941 1280 eredo
955 1219 1091 1301 aliquam
1099 1221 1162 1305 fa-

101 1323 182 1366 mam
196 1305 240 1366 ad
253 1323 304 1367 vos
310 1302 486 1384 peremisse
502 1300 621 1384 Pyrrhi
634 1299 732 1363 bello.-
754 1301 810 1384 qui
823 1321 922 1385 qusnn,
934 1325 973 1366 en
986 1305 1098 1369 Sicilia
1112 1328 1162 1371 re·

100 1390 200 1466 diens,
212 1385 710 1469 Incrasslassepraeteroeberetur,
722 1386 804 1449 iuter
811 1387 983 1473 aliafaeda‚
994 1411 1162 1476 quaprup-

99 1477 251 1558 terfldem
266 1495 340 1559 erga
355 1494 406 1538 nos
427 1473 461 1536 in
483 1473 637 1536 ciuitatem
651 1480 783 1536 nostram
791 1473 948 1560 saeinora
969 1478 1080 1554 edidit,
1095 1478 1161 1543 tise-

98 1582 209 1626 sauros
218 1581 334 1646 quoque
343 1559 554 1641 Proserpinae,
566 1559 696 1622 intactos
703 1559 749 1622 nd
754 1579 820 1622 eom
831 1560 919 1638 diem,
928 1564 1096 1644 spoliauit.-
1111 1575 1162 1630 at·

98 1669 159 1731 que
185 1650 243 1726 ito,
261 1647 396 1730 personia
416 1646 451 1709 iu
472 1665 564 1708 naves
586 1645 732 1727 inposita,
748 1646 814 1728 ipse
827 1655 912 1710 terra
934 1657 979 1712 est
994 1650 1161 1734 prefectus.
1280 1699 1283 1704 ι

100 1734 192 1811 Quia
211 1754 285 1819 erga
305 1733 414 1809 euenit,
429 1733 543 1796 Patres
564 1729 754 1813 conscripti?
779 1731 893 1796 Classis
900 1744 1026 1816 postero
1040 1737 1162 1823 disfa-

97 1822 228 1885 dissima
249 1827 424 1902 tempestate
444 1819 595 1893 laceram
608 1837 764 1900 omnesque
777 1837 879 1896 naues,
895 1841 963 1902 qua
975 1843 1094 1886 sacram
1102 1846 1161 1908 pe-

96 1908 221 1971 eumiom
235 1906 416 1981 babuerunt,
439 1905 473 1967 in
497 1904 593 1967 litora
614 1911 720 1966 nostro
734 1901 836 1986 demes
848 1913 930 1970 nent.
976 1905 1049 1983 Qua
1070 1917 1162 1976 tanta

94 1995 187 2058 clude
211 1994 332 2058 edoctus
350 1993 472 2054 tandem
486 1991 572 2053 Deos
592 2009 654 2052 esse
670 1989 898 2072 superbissimo
921 2013 986 2068 rae,
997 1997 1161 2076 pecuniam

95 2101 214 2144 omnem
228 2079 428 2162 conquisitam
440 2077 474 2140 in
488 2075 643 2139 thesauros
657 2076 857 2159 Proserpina
865 2078 981 2162 efferri
983 2078 1091 2162 jussit.
1106 2104 1161 2148 nee

95 2176 201 2230 tumen
211 2167 262 2230 illi
272 2185 410 2248 umquam
415 2171 527 2246 postea
531 2161 678 2244 prosperi
688 2163 854 2246 quidquam
864 2167 985 2228 evenit.-
994 2168 1161 2254 puluisque

95 2253 210 2330 Italia,
227 2251 359 2336 ignobili
376 2259 468 2334 atque
488 2247 647 2311 inlausta
661 2257 768 2325 risorie,
784 2259 894 2313 temere
908 2261 994 2315 noete
1008 2254 1160 2338 ingrasnus

94 2340 211 2424 Argos,
227 2337 375 2402 obeubuit.
420 2332 499 2399 Hae
513 2353 600 2418 quum
615 2334 750 2398 audisset
769 2337 889 2420 legatus
902 2347 1008 2415 vester,
1024 2341 1159 2406 tribuni·

93 2447 155 2510 que
163 2426 304 2501 militum,
316 2433 346 2487 et
360 2424 443 2487 mille
455 2421 535 2497 olio,
545 2438 612 2504 qna
625 2439 686 2482 non
701 2423 851 2510 urgenda
863 2425 1025 2508 religionis
1039 2447 1156 2507 cerusa,

92 2515 150 2578 sed
156 2511 323 2594 presentis
340 2510 417 2574 Dea
430 2508 552 2571 numine
565 2525 645 2587 sape
658 2517 812 2590 comperto
834 2508 920 2573 nobis
936 2509 1159 2599 majoribusque

92 2596 456 2683 nostris,reserebontur,·
478 2593 549 2657 aust
554 2599 623 2656 sunt
634 2592 831 2660 nibilominus
840 2597 1009 2682 sacrilegas
1017 2601 1157 2667 admoue-

93 2708 128 2749 re
142 2705 253 2748 monus
267 2684 393 2748 intactis
407 2681 472 2744 illis
485 2679 646 2755 thesauris,
661 2688 692 2743 et
705 2679 842 2764 np‘lsndo
850 2684 964 2765 prada
978 2706 1011 2748 se
1024 2688 1106 2769 ipsos
1119 2709 1158 2754 ue

93 2775 199 2836 musas
219 2770 429 2834 contaminare
446 2787 517 2831 snas
531 2773 561 2828 et
574 2765 686 2830 milites
702 2777 823 2832 vestrm.
845 2769 962 2856 quibus,
978 2769 1077 2854 9lpse,
1092 2794 1156 2855 nos,

75 2861 184 2943 fidem
197 2866 337 2933 uestram,
351 2856 464 2920 Patres
473 2851 647 2934 conscripti,
658 2850 869 2938 “priusquam
883 2875 984 2920 eonon
996 2859 1090 2924 seelsss
1104 2881 1156 2924 es·

122 3063 160 3114 92
176 3063 271 3124 Religio
296 3063 369 3124 instra
393 3059 492 3124 animis]
521 3057 609 3118 Scripsi
639 3059 769 3118 possumus
787 3066 869 3109 tumen
894 3063 1005 3111 assentiri
1033 3067 1155 3117 Gronorio

90 3129 232 3190 complures
262 3129 421 3186 melioresque
452 3127 526 3186 leton
556 3123 608 3170 oni·
640 3137 668 3170 se
685 3125 811 3184 midensi,
822 3132 848 3172 et
865 3127 953 3174 horum
972 3132 1084 3178 omnium
1101 3133 1156 3181 loeo

89 3210 159 3243 mors
193 3192 267 3239 nimis
296 3193 417 3242 audacter.
460 3189 607 3244 Victorinus,
640 3189 916 3252 substituentinequam
926 3207 983 3242 rem.
1017 3193 1043 3241 Sl
1055 3201 1153 3246 tuntum

87 3261 179 3307 auimo·
639 3254 760 3301 credimus
787 3255 840 3301 Pul.
862 3257 948 3315 eodIsi,
969 3258 1029 3318 quid
1051 3259 1092 3306 fiet
1114 3262 1153 3308 his

124 3323 162 3372 93
177 3322 236 3377 Per,
246 3319 499 3384 munumentum]
515 3318 608 3380 Pern·
639 3314 747 3378 musas·
763 3319 1153 3381 monstruosorum

89 3387 141 3436 dem
174 3390 275 3434 metram
302 3397 352 3444 uss,
378 3385 473 3446 supple,
500 3395 607 3432 ommus.
640 3383 797 3429 munuera
810 3383 836 3428 in
851 3386 936 3431 sodon
953 3384 1015 3431 libro
1028 3381 1152 3447 reperim

89 3451 305 3508 Quemadmodum
322 3451 388 3512 apud
398 3449 541 3510 vigilum,
557 3447 608 3494 Per
640 3447 700 3494 turi
734 3444 906 3510 Mensaque
925 3463 1016 3509 nemus,
1029 3453 1086 3511 pati
1105 3465 1152 3499 non

88 3531 131 3577 ego
148 3515 194 3562 lsas
210 3515 319 3561 temimm
337 3513 486 3575 insitamque
504 3517 571 3558 tuam
585 3515 608 3558 te
639 3508 771 3557 debuimus
787 3511 883 3559 omissis
900 3515 995 3568 mediis,
1012 3517 1087 3562 tamen
1101 3517 1152 3565 λιι

88 3579 330 3628 ..miseresedmnus
339 3578 441 3626 mentm.
473 3577 606 3624 AnteGro-
639 3589 692 3638 qua·
704 3576 771 3638 possi
785 3590 874 3626 sumu.
907 3577 950 3639 Et,
960 3591 1020 3638 sape
1035 3586 1151 3641 emnperta

89 3646 193 3692 nonium
204 3644 244 3691 hic
260 3645 398 3704 lsgehnsors
413 3655 457 3702 pse
472 3655 511 3687 nos
523 3639 608 3702 sidens·
638 3640 745 3702 nobisque
761 3642 855 3697 sutrin
873 3655 918 3704 pro
936 3643 1000 3690 solis
1016 3644 1152 3706 witus.

269 3806 273 3811 *
338 3803 346 3818 ⁰
1052 3803 1060 3827 s

87 3837 211 3898 quidquid
229 3837 298 3884 vobis
316 3831 498 3883 sanctissimum
514 3840 562 3892 est,
574 3847 605 3881 ue
637 3836 670 3882 sle
681 3835 726 3887 nis
736 3849 777 3882 see
792 3841 854 3890 ante,
865 3851 921 3897 quse
933 3838 1063 3900 prefigunt
1077 3841 1151 3894 ceteri

87 3903 119 3948 iis
138 3901 258 3948 militibus
276 3901 380 3948 utemini
399 3901 430 3947 sd
448 3911 487 3946 res
508 3899 559 3946 sive
578 3898 604 3946 in
637 3900 693 3945 libri
711 3901 785 3946 verbo
802 3900 897 3956 mima,
908 3907 934 3947 et
950 3902 1051 3949 omnino
1068 3917 1150 3951 neces·

87 3967 171 4022 Italis,
182 3966 269 4012 sivein
281 3965 499 4026 suscepererunt.
637 3963 700 4010 susis
718 3969 777 4010 sunt
795 3965 827 4011 sd
848 3964 1023 4026 integrandum
1042 3979 1150 4016 sensum.

119 4031 156 4078 94
171 4030 318 4092 Pnuqm
336 4041 414 4076 eorum
435 4028 507 4076 emim
527 4031 605 4090 eapte·
637 4027 719 4074 Mulie
736 4028 785 4074 alie
800 4030 912 4090 exemplo
927 4032 1053 4079 cumulare
1069 4047 1151 4094 posse.

83 4097 128 4150 tis,
149 4108 220 4155 seque
237 4097 265 4141 irs
282 4095 365 4150 ltatts,
381 4105 453 4156 neque
474 4095 501 4140 iss
516 4091 604 4155 ΑΜ
635 4103 700 4138 msu-
733 4091 781 4138 Sed
801 4094 856 4140 hsee
877 4094 937 4140 setle
959 4096 1016 4144 sint.
1054 4098 1149 4152 Quibus

83 4158 213 4220 quidquam
223 4159 270 4224 rei]
288 4160 349 4206 llus
360 4159 443 4205 omrus
450 4158 516 4204 solus
526 4159 602 4205 codex
634 4156 733 4216 quiden
751 4156 809 4202 'ideo
826 4157 951 4204 immorati
977 4172 1072 4218 summ,
1092 4165 1150 4223 quia

85 4223 228 4270 victorinus
238 4223 408 4284 nobisintepe
419 4223 536 4269 exhibuit.
570 4221 600 4269 in
634 4219 770 4267 Gronovius
786 4231 827 4268 eos
843 4221 952 4281 increpet
968 4225 1015 4271 hoe
1032 4226 1094 4284 loeo,
1106 4228 1149 4287 qui

82 4288 172 4335 ceteris
187 4287 256 4335 codd.
272 4289 368 4344 nostrin
385 4291 454 4335 utet
469 4289 494 4334 in
506 4288 600 4334 Grono·
632 4286 679 4332 sibl
689 4284 804 4331 credituri
815 4298 864 4332 non
873 4285 929 4334 sint.
963 4288 1092 4336 Rationem
1103 4292 1149 4352 igi.

86 4352 306 4414 oisnis,nihilt'ere
321 4354 506 4400 hosumexstst.
540 4351 597 4400 Non
631 4355 672 4398 tur
692 4348 817 4398 reddimus
838 4363 881 4396 our
900 4364 916 4397 e
934 4352 988 4400 viro
1007 4353 1148 4429 doctissimp

676 4409 756 4477 sle
