3136 4970
374 158 376 162 ’
452 139 922 274 urs.xxv111.·cne‚'u.
1138 193 1219 266 sess

150 378 184 432 et
203 363 313 434 cibum
333 381 449 452 capere
462 365 565 452 jubet.
587 363 713 430 interim
736 355 958 450 speculatores
982 359 1364 454 erumminensis

151 453 238 520 dicta
252 451 467 530 adfirmantes,
484 462 646 518 venerunt.
690 449 787 526 Turn,
800 449 932 514 sarcinis
946 449 980 514 iu
992 447 1130 518 medium
1142 441 1258 520 coa-⁸*
1269 441 1297 494 Β·
1307 443 1364 494 ⁸⁰²⁸

147 540 253 626 jectis,
263 559 352 605 mma
363 538 500 604 Romuli
511 539 651 623 capiunt,
661 537 790 624 acieque
795 536 884 623 justa
894 536 927 600 in
937 557 1078 624 pugnam
1087 538 1219 606 vadunt.

154 625 247 690 Mille
261 641 409 711 passuum
421 625 564 703 aberant,
580 645 678 712 quum
695 623 735 688 ab
749 621 840 712 hoste
849 623 1010 724 conspecti
1021 636 1105 702 sunt,
1121 626 1220 712 trepi-

154 713 287 798 darique
308 724 438 798 repente
452 725 602 797 coeptum.
624 722 657 776 et
672 709 774 798 Mago
789 729 831 772 ex
844 722 954 774 castris
969 711 1067 775 citato
1081 733 1164 798 equo
1179 713 1220 778 ud

153 801 295 883 primum
310 797 482 864 clamorem
496 809 529 864 et
544 796 714 862 tumultum
731 794 906 862 advehitur.
952 794 1055 862 Enant
1065 810 1170 862 sutem
1186 800 1220 866 in

154 885 318 952 Celtibero
346 886 485 950 exercitu
512 896 650 971 quatuor
677 881 777 947 millia
804 894 1000 947 scutatorum
1029 894 1062 950 et
1090 883 1220 952 ducenti
1329 945 1331 949 .

154 973 295 1058 equites3
319 973 400 1036 lianc
416 972 535 1057 justam
556 970 713 1057 legionem
729 975 774 1054 (et
787 969 822 1034 id
835 967 934 1034 ferme
948 969 1074 1036 roboris
1090 974 1171 1052 eret)
1187 973 1220 1038 in

154 1059 261 1147 prima
282 1062 349 1122 acie
371 1057 470 1123 locut:
494 1057 662 1133 ‘ceteros⁸,
677 1056 777 1120 levem
800 1071 1004 1136 armaturam,
1022 1057 1056 1121 in
1071 1058 1221 1125 subsidiis

154 1145 274 1234 posuit.
317 1144 428 1221 Quum
451 1145 496 1210 ita
520 1145 689 1208 instructos
713 1141 863 1208 educeret
887 1143 1006 1219 castris,
1032 1144 1165 1210 vixdum
1187 1147 1221 1212 in

214 1253 298 1308 essos
307 1231 391 1296 vallo
405 1231 543 1296 Romani
559 1230 624 1315 pila
635 1231 845 1332 conjecerunt.
892 1230 1068 1295 subsidunt
1081 1231 1221 1319 Hispani
1231 1241 1356 1294 Pretium.

155 1343 175 1388 a
202 1341 306 1384 versus
321 1319 434 1382 emissa
448 1317 510 1382 tela
525 1317 565 1382 ab
581 1316 680 1395 hosts,
694 1316 771 1381 mdo
784 1315 824 1380 sd
840 1315 997 1382 mittenda
1010 1317 1070 1404 ipsi
1090 1341 1222 1385 consur·
1341 1371 1342 1376 η

155 1417 255 1499 guut;
279 1427 351 1490 quae
366 1427 464 1491 quum
481 1403 620 1470 Romani
635 1402 779 1481 conferti,
796 1417 830 1467 ut
845 1402 957 1482 solent,
972 1404 1113 1470 densatis
1133 1427 1224 1473 exce·

157 1493 277 1579 pissent
290 1491 397 1568 scutis,
414 1501 480 1556 tum
498 1510 552 1576 pes
566 1512 639 1554 curn
656 1489 736 1576 pede
750 1487 904 1569 conlatus,
920 1503 951 1556 et
964 1490 1079 1578 gladiis
1093 1493 1162 1579 geri
1174 1515 1224 1559 res

156 1591 264 1666 ooepta
278 1591 334 1642 est.
381 1579 529 1644 Ceterum
544 1577 695 1662 asperitas
710 1575 852 1641 locorum
868 1589 900 1640 et
913 1575 1093 1656 Celtiberis,
1108 1579 1225 1666 quibus

156 1666 191 1730 in
206 1663 322 1750 proelio
336 1685 608 1729 consumeremus
621 1676 678 1742 est,
693 1661 889 1728 velocitatem
911 1663 1054 1729 inutilem
1069 1664 1225 1744 faciebat3

157 1765 190 1818 et
205 1750 290 1816 baud
305 1751 416 1836 iniqua
429 1751 537 1816 eadem
551 1757 620 1815 erat
637 1749 791 1834 Romanis
811 1749 916 1814 stabili
937 1772 1056 1838 pugnae
1069 1752 1226 1832 adsueti„

157 1839 220 1904 uisi
234 1839 320 1926 quod
335 1839 492 1938 augustiae
506 1849 538 1902 et
551 1838 708 1902 internata
723 1835 861 1920 virgulta
880 1836 1008 1902 ordines
1022 1839 1224 1918 dirimebant,

158 1939 192 1991 et
216 1924 332 2013 singuli
358 1924 498 2011 binique,
519 1925 605 1990 velut
630 1944 702 1988 cum
728 1922 866 2009 paribus,
896 1945 1062 1988 conserere
1083 1947 1226 2014 pugnam
1324 1915 1327 1930 ⁸

158 2012 366 2100 cogebantur.
412 2011 509 2088 Quod
525 2011 565 2076 sd
580 2009 688 2098 fugam
700 2009 922 2095 inpedimento
935 2009 1078 2076 hostibus
1098 2026 1176 2090 erat,
1191 2014 1224 2078 ld
1235 2028 1343 2075 vinnm

159 2099 202 2168 ad
218 2100 338 2166 caedem
350 2119 414 2173 eos,
431 2097 515 2164 velut
529 2097 663 2175 vinctos,
680 2097 853 2182 praebebat.
899 2096 943 2162 Et
952 2097 1030 2182 jam,
1046 2096 1147 2176 ferme
1157 2091 1350 2164 om-Rffl·

160 2186 256 2253 uibus
267 2183 397 2264 scutatis
410 2183 644 2250 Celtiberorum
656 2182 922 2261 interlectislevis
932 2196 1093 2251 armatura
1104 2185 1227 2251 etKar-

161 2272 386 2358 thaginienses,
399 2269 452 2358 qui
464 2293 505 2336 ex
519 2271 629 2336 alteris
644 2270 753 2335 castris
764 2270 905 2335 subsidio
915 2284 1077 2350 venerant,
1090 2272 1229 2358 perculsi

162 2357 378 2426 credebantur.
395 2359 461 2422 duo
474 2357 561 2423 haud
580 2357 718 2443 amplius
733 2356 832 2420 millia
854 2355 996 2444 peditum
1018 2373 1051 2423 et
1064 2381 1089 2421 e
1113 2359 1229 2424 uitatus

161 2447 276 2524 omnis,
297 2445 351 2510 vix
366 2444 447 2510 inito
462 2443 586 2530 proelio,
603 2465 676 2509 cum
699 2441 842 2530 Magone
860 2441 1048 2530 effugerunt
1134 2467 1229 2524 anuo,

160 2533 243 2600 alter
258 2533 440 2617 imperator,
452 2553 526 2596 cum
538 2531 594 2608 eis,
607 2531 662 2616 qui
673 2529 835 2615 postremi,
846 2530 913 2616 jam
926 2530 1094 2618 profligato
1105 2532 1231 2617 proelio,

161 2620 366 2706 advenerant,
393 2620 482 2684 vivus
508 2618 640 2702 capitur.
679 2615 738 2682 Ma
762 2636 856 2680 onem
878 2614 1050 2704 fugientem
1072 2621 1231 2722 equitatus

161 2705 263 2774 ferme
274 2707 387 2782 omnis,
400 2703 526 2792 etquod
539 2715 679 2770 veterum
691 2725 712 2788 p
755 2705 833 2768 itum
846 2714 914 2768 erat
921 2705 1032 2783 secuti,
1044 2704 1168 2770 decimo
1179 2707 1233 2770 dis

163 2793 198 2860 in
228 2792 420 2858 Gaditanam
449 2791 644 2878 provinciam
671 2789 713 2854 ad
744 2789 980 2856 Hasdrubalem
1010 2805 1230 2876 pervenerunt.

167 2879 332 2959 Celtiberi,
347 2900 447 2944 novus
458 2877 559 2959 miles,
570 2878 602 2942 in
614 2877 781 2963 proximas
791 2876 905 2962 dilapsi
916 2876 1018 2956 silvas,
1035 2877 1233 2944 iudedomes

123 2965 127 2972 ’
163 2967 372 3054 diffugerunt.
424 2964 691 3051 ⁶Peropportuua
715 2963 849 3028 victoria
876 2966 1077 3052 nequaquam
1105 2977 1232 3032 tantum

157 3056 229 3142 jum
242 3051 413 3118 conflatum
423 3050 551 3128 bellum,
563 3063 681 3138 quanta
691 3049 790 3115 futuri
805 3050 939 3114 materia
954 3051 1027 3116 belli
1040 3052 1079 3138 (si
1093 3051 1234 3120 licuisset

162 3142 220 3218 eis,
238 3137 470 3205 Celtiberorum
491 3149 587 3226 gente
607 3137 722 3212 excita,
737 3149 769 3201 et
789 3135 867 3201 ulios
888 3135 930 3202 sd
950 3159 1040 3202 arma
1059 3139 1234 3206 sollicitare

163 3223 314 3314 populos)
329 3224 480 3308 obpressa
492 3236 571 3289 erat.
615 3224 738 3308 ltaque,
752 3221 945 3288 conlaudato
958 3224 1095 3310 benigne
1111 3225 1232 3306 Silano,
1306 3247 1308 3250 ·

165 3312 276 3400 Scipio
290 3333 377 3398 spem
394 3309 581 3389 debellandi,
597 3310 623 3373 si
639 3309 719 3374 nibil
734 3331 802 3375 eam
818 3309 886 3394 ipse
898 3311 1078 3374 cunctando
1091 3321 1394 3436 moratusitpsntteu

249 3431 254 3435 “
551 3437 677 3482 *remam
687 3435 763 3483 Gron.
774 3435 844 3482 Ores.
1269 3387 1359 3452 mm
1415 3445 1417 3454 ’

162 3539 256 3587 nebant
266 3536 400 3598 regionem,
412 3531 486 3597 hujus
503 3541 575 3582 terras
591 3535 679 3582 faciam
715 3535 788 3583 Hunc
809 3531 904 3582 morem
925 3533 989 3581 Livii
1013 3535 1077 3582 inter
1099 3537 1231 3598 legendum

162 3603 320 3652 obnubunt:
338 3613 436 3662 prorsus
447 3607 475 3666 ut
491 3614 513 3647 e.
524 3601 681 3662 procedentb
713 3601 895 3647 observavimus
906 3599 1099 3660 aliquammultis
1110 3603 1136 3648 in
1145 3603 1212 3650 locis.

163 3668 263 3717 Partica
281 3669 357 3714 unere
378 3672 465 3714 metra.
497 3665 576 3726 quue
595 3677 681 3712 rarum
745 3664 888 3714 seuam
906 3665 978 3712 leuen
995 3665 1153 3732 armaturam]
1174 3667 1230 3716 Ma·

162 3740 296 3796 putamusr
314 3736 339 3778 et
355 3745 385 3779 eo
401 3731 501 3792 quidem
517 3729 606 3790 magis,
616 3729 682 3790 quod
713 3731 752 3792 gls
768 3731 847 3790 placet
859 3728 1016 3779 ruccones
1034 3731 1167 3792 scripturas
1187 3733 1231 3782 Ce-

161 3798 227 3846 mles
236 3795 320 3844 Livius
330 3796 465 3852 interdum,
484 3796 505 3842 si
523 3806 599 3854 quum
615 3795 682 3841 locu·
714 3799 783 3854 mur,
793 3795 865 3842 imon
881 3799 1044 3844 conaturam.-
1060 3796 1086 3842 ld
1103 3802 1151 3856 est,
1166 3805 1231 3848 este·

163 3862 258 3909 tionem
276 3859 445 3910 notabiliorem
463 3859 590 3919 usurpavit
600 3859 682 3919 aliquo
713 3871 754 3906 ros
764 3859 905 3915 celtiberos,
915 3859 959 3922 qui
978 3859 1065 3907 leviter
1083 3867 1181 3910 tsntttm
1192 3877 1231 3912 ar·

162 3928 192 3974 in
208 3927 272 3983 loco,
282 3937 347 3980 aum,
359 3926 381 3970 si
396 3926 470 3984 paulo
486 3927 541 3986 post
559 3923 605 3970 sub
625 3937 682 3970 acu-
714 3925 775 3970 mati
785 3929 862 3971 mant.
882 3937 884 3943 ⁴
1026 3927 1029 3932 '

163 4005 225 4040 men
236 3990 293 4050 styli
305 3991 400 4047 subest,
411 4001 460 4036 non
479 3988 610 4048 arptmm·
644 3987 684 4034 Sic
747 3987 765 4034 6
782 3988 959 4048 Peropportune
978 3987 1089 4053 stemma]
1109 3989 1171 4041 Heu
1182 3993 1233 4042 vie·

163 4053 230 4107 1.11.
247 4052 317 4101 cdd.
334 4053 531 4102 distributionem
547 4063 591 4112 per
609 4052 685 4114 purti-
715 4053 778 4100 toria
799 4059 978 4113 peropportuna
1001 4063 1161 4118 oppressores,
1182 4071 1233 4113 non

162 4121 247 4168 culam
258 4131 304 4180 qm
314 4118 464 4180 meriacum
476 4125 514 4165 ter
529 4117 595 4164 intra
610 4114 685 4180 nujus
716 4118 815 4178 quidem
826 4129 946 4178 maguum
961 4117 1015 4181 jam
1032 4121 1167 4170 conflatum
1182 4123 1233 4170 bel·

160 4183 478 4244 eapitisspstiumrepstit:
493 4182 588 4228 necilla
595 4182 683 4229 deinde
715 4181 777 4236 lum.
790 4181 832 4227 ssd
851 4181 976 4243 ingentem
994 4183 1072 4231 buturi
1084 4187 1141 4234 belli
1156 4193 1236 4236 mate.

163 4247 498 4308 nisilougopostiotsrvallc
508 4253 616 4307 apparet.
650 4246 683 4294 Et
714 4247 786 4304 rim,
804 4247 870 4306 quod
885 4248 1235 4309 muculdabioeramirsatsi
1328 4277 1331 4291 ·

164 4315 184 4362 l.
202 4311 252 4361 111.
263 4311 333 4362 aad·
346 4312 384 4360 bis
395 4313 499 4360 occursu
510 4312 636 4371 imperuim
646 4311 685 4356 s·-
714 4311 823 4360 licuisset
833 4311 869 4358 els
877 4342 885 4361 .
893 4340 917 4359 ..

162 4377 250 4428 biltrt.
283 4375 550 4438 Ermumtffl.
562 4373 684 4426 ΝΜΟ.
798 4417 829 4504 f.
