3140 4972
325 133 384 192 rso
500 147 503 152 ·
601 177 604 184 .
710 110 995 194 rrrrnr'vrr'

102 305 106 314 '
166 303 304 422 kima
328 293 405 446 dqnt
431 292 587 396 flapuam.
630 293 754 362 ”Tum
779 295 891 362 ambo·
910 295 1196 427 eircummderunq
1211 294 1334 398 urbem,
1358 305 1391 398 et

329 379 681 568 illidit?
695 383 1393 558 ttztffiiitititsilullffll

328 554 470 622 nendum
493 553 599 620 locum
620 555 743 635 relicto,
758 557 872 622 ceteris
893 555 1043 622 omnibus
1068 557 1168 644 copiis
1189 555 1231 622 ad
1247 557 1392 642 Capuam

329 641 505 714 &madia
530 644 576 708 ita
599 642 663 708 tria
684 642 836 729 praetoria
859 643 946 709 circa
965 643 1112 730 Capuam
1137 656 1256 722 erecta,
1276 655 1341 708 tres
1361 653 1395 707 et

330 728 490 796 exercitur
517 728 649 795 dirersis
677 730 821 815 partibus
847 752 929 817 opus
957 731 1111 820 adgressi,
1135 729 1218 795 fossa
1246 729 1393 818 valloque

169 825 317 906 ςιμιιομς
331 814 530 882 circumdare
553 815 666 881 urbem
684 829 810 902 parant,
825 829 857 883 et
878 817 1006 883 castella
1029 818 1171 884 excitant
1197 817 1331 882 modicis
1344 819 1395 881 in·

131 947 134 952 -
170 887 238 940 Μ
248 895 324 956 ὠψ-
332 901 489 970 torcellis:
514 901 685 988 multisque
709 903 800 969 simul
831 903 908 970 locis
930 925 1004 970 cnm
1028 903 1272 990 prohibentibus
1296 923 1395 988 opera

171 965 220 1007 ω’·
333 989 504 1075 Canrpanis
527 1012 567 1054 eo
590 1002 705 1054 eventu
727 1002 883 1078 pugnant,
907 1003 944 1055 ut
967 1003 1129 1076 postremo
1157 991 1258 1076 portis
1286 1011 1395 1056 muro-

332 1075 849 1247 tlttllllllitllib
867 1076 1395 1250 ltllltlll‘lllllitll

334 1264 492 1327 retentor,
518 1248 674 1313 laeuam
700 1272 719 1314 a
769 1272 808 1315 eo
834 1249 990 1336 Capuam,
1016 1273 1053 1316 ac
1077 1273 1179 1338 prope
1202 1250 1396 1316 ”redditam

240 1405 243 1412 ⁴
338 1337 509 1402 Romanis:
531 1334 836 1424 obtestarenturque,
851 1349 888 1403 ut
908 1350 985 1403 tunc
1006 1337 1116 1402 saltem
1138 1358 1232 1422 opem
1254 1357 1320 1402 non
1334 1338 1396 1402 cir-

335 1423 502 1488 cumsessis
523 1421 631 1500 modo,
642 1423 698 1488 sed
717 1423 811 1488 etiam
827 1423 1080 1500 circumvallatis,
1095 1422 1202 1489 ferret.
1247 1423 1398 1488 Consuli-

335 1509 396 1574 bus
408 1508 511 1575 literae
524 1531 545 1573 a
560 1508 598 1574 Ρ.
614 1509 766 1576 Cornelio
780 1524 919 1596 praetore
932 1511 1047 1590 mirate,
1067 1511 1109 1577 Ut
1117 1513 1298 1596 priusquam
1311 1512 1398 1574 cluu-

336 1598 444 1661 dcrent
471 1597 607 1680 Capuam
627 1597 777 1680 operibus,
796 1607 979 1681 potestatem
1001 1600 1169 1682 Campania
1178 1599 1336 1684 sermm,
1351 1607 1397 1674 ut,

336 1685 393 1767 qui
405 1685 641 1771 compellent,
658 1686 777 1748 ccirent
794 1683 835 1747 ab
848 1685 968 1768 Capua,
982 1705 1111 1769 rucrquc
1123 1705 1172 1749 res
1185 1705 1281 1750 secum
1294 1683 1401 1770 cuser-

336 1779 416 1834 rent.
438 1769 569 1835 Liberos
569 1770 648 1855 sore
661 1791 775 1855 suaque
784 1771 886 1835 omnia
896 1771 1063 1848 habituros,
1072 1772 1127 1857 qui
1140 1780 1214 1836 ursle
1224 1771 1299 1836 Idae
1307 1771 1401 1834 Mac-

337 1857 400 1922 lias
412 1859 554 1922 ruissent.
565 1867 638 1940 post
650 1879 717 1922 eam
729 1859 807 1922 diem
819 1859 930 1942 quique
940 1859 1081 1934 ruissent,
1094 1859 1205 1942 quique
1216 1857 1262 1922 ibi
1272 1859 1402 1923 meruis-

336 1951 413 2020 sent,
427 1943 688 2028 hodiumsuturor
698 1965 830 2008 numero.
846 1966 884 2007 ea
892 1944 1103 2030 pronunciata
1113 1943 1295 2030 Campanis,
1307 1955 1401 2032 atque

337 2031 383 2096 ita
411 2041 527 2116 spreta,
550 2041 586 2094 ut
612 2029 697 2094 ultro
721 2029 864 2094 dicerent
887 2029 1105 2108 contumelias,
1130 2031 1402 2116 minarenturque.

339 2115 507 2184 Hannibal
535 2115 577 2182 ab
601 2115 777 2181 Herdonea
795 2115 972 2182 Tarentum
996 2116 1132 2183 duxerat
1153 2117 1311 2204 legiones3
1334 2137 1400 2202 spe,

337 2215 393 2270 aut
407 2203 448 2281 vi,
465 2215 520 2269 aut
535 2202 622 2284 dolo,
636 2203 719 2267 areis
733 2203 917 2268 Tarentinae
937 2203 1113 2289 potiunda».
1158 2203 1258 2280 Quod
1275 2203 1330 2268 ubi
1344 2225 1402 2289 pa·

293 2298 294 2302 ’
338 2312 411 2356 rum
427 2289 587 2374 processit,
602 2289 642 2354 ad
660 2288 867 2355 Brundisium
888 2289 978 2354 flexit
998 2291 1069 2370 iter,
1083 2290 1178 2376 prodi
1196 2290 1231 2356 id
1246 2291 1401 2377 oppidum

339 2393 437 2442 ratus.
459 2377 504 2440 ibi
519 2398 647 2464 quoquc
668 2396 767 2462 quum
787 2375 904 2442 frustra
917 2389 1033 2442 tereret
1046 2391 1180 2463 tempus,
1195 2376 1293 2462 legati
1306 2377 1404 2442 Gam-

340 2463 415 2546 pani
432 2461 472 2527 ad
493 2485 566 2528 eum
586 2477 752 2541 venerunt,
767 2478 933 2550 querentes
947 2463 1051 2542 simul,
1066 2477 1267 2549 orantesque.
1289 2463 1405 2550 quibus

342 2547 508 2614 Hannibal
529 2549 698 2636 magnifice
713 2549 886 2635 rospondit,
900 2562 932 2614 et
946 2563 1040 2615 antea
1053 2549 1180 2616 solvisse
1192 2549 1405 2632 obsidionem,

339 2645 374 2702 ct
382 2655 469 2700 nunc
479 2634 651 2701 adventurn
662 2657 754 2700 suum
766 2635 910 2702 consules
921 2658 986 2700 non
997 2635 1127 2703 laturos.
1173 2637 1257 2702 Cum
1272 2636 1334 2702 hac
1349 2659 1406 2724 spe

340 2721 461 2813 dimissi
478 2721 585 2810 legati,
600 2722 653 2786 vix
669 2723 795 2810 regredi
810 2723 966 2810 Capuam,
977 2725 1045 2811 jam
1067 2721 1187 2810 duplici
1209 2728 1293 2789 fossa
1308 2724 1408 2790 vallo-

341 2829 404 2896 que
415 2808 564 2886 cinctam,
577 2820 762 2894 potuerunt.

387 2895 526 2961 XXIII.
551 2896 662 2972 Quum
688 2896 832 2962 maxime
849 2896 963 2983 Capua
984 2896 1284 2976 circumvallarunt,
1309 2897 1408 2984 Syra-

342 3002 491 3048 cusarum
514 2982 712 3070 obpugnatio
728 2982 769 3048 ad
792 2983 887 3048 finem
908 2982 1005 3062 veuit,
1022 3005 1089 3070 prae
1160 3006 1234 3049 uam
1248 2983 1279 3047 vi
1293 3005 1330 3049 ac
1343 2983 1410 3050 vlr-

345 3081 415 3134 tute
439 3068 531 3134 ducis
555 3069 783 3157 exercitusque,
798 3069 946 3134 intestina
967 3071 1060 3136 etiam
1080 2995 1263 3156 diroditione
1287 3070 1408 3160 adjuta.

346 3154 493 3242 Namque
508 3153 682 3222 Marcellus
700 3156 793 3220 initio
806 3156 886 3220 veris
904 3157 1055 3235 incertus,
1071 3174 1180 3222 utrum
1195 3157 1410 3246 Agrigentum

343 3243 383 3307 ad
400 3241 618 3308 Himilconem
641 3255 674 3307 et
689 3241 914 3330 Hippocraten
933 3255 1068 3310 verteret
1088 3243 1218 3322 bellum,
1233 3243 1311 3308 ”an
1325 3244 1411 3310 obsi·

248 3402 251 3404 ,
343 3328 440 3394 dione
456 3330 628 3418 Syracusas
651 3343 820 3416 premeret,
835 3351 1029 3417 quamquam
1048 3352 1109 3396 nec
1130 3331 1163 3396 vi
1187 3331 1260 3418 capi
1281 3330 1411 3398 videbat

687 3455 1068 3545 *amnemamnem

378 3603 410 3653 Μ
428 3605 491 3654 ssim
513 3603 578 3652 umbo
601 3603 799 3652 circumsederunt
819 3619 861 3652 ur·
893 3606 974 3654 Priore
990 3617 1055 3652 anno
1071 3607 1193 3652 assedam
1204 3605 1329 3666 Syracusis
1345 3605 1412 3653 solua

343 3669 406 3734 lan]
423 3671 550 3718 lirasimus
565 3681 651 3716 rocem
665 3669 775 3724 romulea
786 3681 861 3730 quarn
893 3670 999 3732 Appius,
1010 3673 1077 3726 (eum
1088 3670 1155 3717 enim
1166 3673 1213 3718 sub
1223 3671 1298 3717 finem
1308 3671 1411 3718 demum

344 3735 422 3782 nostri
441 3735 506 3794 libri,
518 3739 547 3782 ut
562 3739 588 3781 et
601 3731 713 3795 optimie
729 3733 862 3781 Gronoria·
894 3732 1004 3797 ejusdem
1020 3735 1079 3782 anni
1094 3735 1225 3782 dimissum
1236 3733 1343 3782 Romam
1358 3747 1412 3781 esce

345 3798 393 3852 nis,
404 3799 531 3846 omittunt.
894 3801 1104 3858 uadimonium
1123 3799 1255 3848 Marcellus
1279 3811 1349 3846 arma
1369 3811 1414 3862 per

379 3863 411 3910 al
434 3863 575 3912 ciurana
601 3856 699 3926 rosiris]
728 3863 820 3911 causta
848 3875 864 3911 a
896 3864 1003 3912 stultam
1032 3863 1225 3920 circumferebat,
1247 3871 1274 3911 ct
1297 3865 1414 3911 adamus

345 3927 448 3978 ulmeto
467 3927 583 3976 Marcello
601 3928 709 3990 primum
726 3929 877 3977 communi·
896 3929 1063 3978 Himilconem
1074 3934 1100 3977 ct
1112 3928 1286 3990 Hippocratem
1296 3941 1336 3975 res
1345 3941 1416 3990 gerc-

345 3993 389 4050 tls‚
406 4005 520 4054 quaeque,
539 4005 617 4054 quum
639 4007 683 4056 per
701 3993 795 4054 aliquot
809 3990 864 4056 jam
896 3997 947 4043 bat.
955 3992 1415 4053 (vranoausuxxlusasupra)

344 4069 423 4106 annos
447 4059 675 4116 mansuetans
701 4069 797 4119 semper
820 4069 865 4104 no·
897 4059 946 4110 llic
962 4059 1038 4120 Igitur
1054 4059 1151 4108 dubitat
1165 4059 1308 4116 Marcellus,
1327 4063 1414 4123 utrum

346 4123 550 4170 monstrabant.
585 4121 862 4187 victuriacum
895 4126 927 4172 ael
944 4123 1110 4172 Himilconem
1123 4129 1149 4171 et
1166 4123 1342 4186 lllppocrrtem
1361 4135 1415 4168 rar·

348 4179 386 4241 Il·
396 4193 422 4236 et
432 4185 474 4234 31.
516 4211 519 4216 Δ
896 4201 967 4236 surus
979 4187 1020 4245 sit,
1032 4189 1240 4250 quemadmodum
1251 4187 1331 4249 priore
1339 4197 1414 4239 nno·

379 4250 581 4314 iss'llcdditcm]
598 4251 815 4300 Meliuslrcdilcm.
897 4254 998 4308 bellum,
1010 4267 1040 4300 rm
1052 4266 1210 4300 mmansurus
1224 4255 1254 4301 acl
1270 4251 1415 4314 numantiae

380 4317 411 4368 29
428 4317 468 4366 An
477 4317 589 4366 riulione
601 4317 730 4378 Syracusas
738 4313 865 4382 prenurcl]
897 4319 1021 4368 obsidIone
1033 4318 1171 4378 Syracusas.
