3136 4970
452 123 547 184 LIB.
568 122 718 186 XXVIII.
744 123 847 186 CAP.
869 123 982 186 XLIV.
1167 135 1229 200 4⁸9

209 287 337 355 XLIV.
358 289 514 373 Sedqm’d,
525 289 608 356 ultro
617 295 725 354 medan
739 287 859 374 afferre
871 289 963 369 boeti,
975 299 1005 356 et
1018 290 1373 360 alsemannum.

154 377 300 459 periendo
311 377 405 440 alium
416 378 450 440 in
460 376 622 442 discrimen
632 376 792 452 adducere,
866 377 956 455 lesit,
969 379 1118 445 maian
1128 390 1228 453 entem
1237 378 1267 424 Α·
1280 377 1306 424 ⁰
1317 375 1373 424 ²⁰⁵·

161 464 271 546 nisque
295 463 439 546 eaemplis
463 465 626 528 admoerere
648 483 723 544 opus
747 472 806 528 est.
847 462 991 546 ”quus
1007 469 1229 548 praesentiusve

160 551 257 612 allum
271 551 436 632 enemplnm
451 571 522 626 esse,
535 571 624 634 quam
639 547 817 625 Hannibal,
827 547 959 631 potest?
981 551 1115 618 Multum
1131 555 1228 618 inter·

160 645 219 716 est,
234 637 352 700 alienos
371 637 521 718 populere
532 638 631 720 fines,
644 656 687 698 an
702 645 767 700 tuoe
787 637 849 712 uri,
866 637 1014 718 exscindi,
1028 641 1144 705 videos.
1154 642 1228 724 plear

160 723 265 786 animi
274 732 319 786 est
330 722 479 807 irq‘erenti
485 723 763 805 periodumquam
768 724 978 804 propulsanti.
1002 724 1229 811 Adboemajor

161 809 339 892 ignotarum
349 830 449 872 rerum
460 819 505 874 est
518 818 640 874 terror:
664 807 744 872 bona
755 809 1034 893 malaquebostium
1045 835 1083 876 ea
1091 815 1228 895 propin-

159 897 669 1064 fflltl‘tltbflblblss.
690 895 957 1065 didm
969 897 1229 1068 bimi}

532 1025 534 1029 “
849 1025 859 1058 9

165 1068 351 1132 Cannensem
365 1070 498 1140 cladem·
521 1067 671 1153 ⁶⁰quanto
682 1070 780 1132 minus
794 1070 958 1152 quidquam
975 1071 1007 1132 in
1018 1071 1228 1156 AfricaKar·

161 1154 407 1236 tbnginiensibus
415 1156 545 1236 firmum
567 1154 736 1219 cantabile
759 1155 811 1232 sit,
835 1155 941 1238 infidis
960 1158 1060 1234 sociis,
1080 1158 1228 1241 greum

161 1261 202 1302 ac
215 1240 354 1323 superbis
368 1242 527 1306 dominis?
558 1243 611 1305 Ad
620 1242 676 1304 boe
689 1262 753 1317 nos,
769 1244 862 1306 etiam
883 1243 997 1306 deserti
1010 1243 1050 1306 ab
1063 1247 1171 1319 sociis,
1180 1247 1227 1310 oi·

161 1327 249 1390 ribus
264 1328 501 1402 nostris,⁴milite
514 1329 665 1403 Romano,
680 1329 824 1393 stetimus
868 1329 1131 1413 Karthaginiensi
1145 1333 1228 1396 nibil

160 1414 265 1478 civilis
279 1413 397 1478 roboris
417 1423 470 1476 est.
492 1415 626 1480 mercede
634 1423 768 1496 paratos
781 1415 892 1478 milites
906 1415 1029 1492 babent,
1044 1418 1142 1501 Afros
1156 1417 1225 1482 Nu-

161 1500 329 1582 midasque,
350 1501 501 1564 levissimo
510 1500 597 1582 fidei
610 1501 765 1564 mutanda
778 1502 916 1584 ingenia.
960 1502 1030 1566 Hic
1043 1506 1131 1566 niodo
1145 1506 1227 1569 nibil

160 1607 256 1649 mora
268 1588 319 1662 sit,
330 1607 393 1650 uno
407 1597 437 1650 et
447 1585 602 1670 trajecisse
611 1607 657 1650 me
666 1589 811 1665 audietis,
823 1595 853 1651 et
860 1588 972 1651 ardere
982 1588 1059 1652 bello
1070 1590 1224 1676 Africam,

160 1681 193 1736 et
206 1673 375 1738 molientem
397 1674 469 1737 bine
485 1672 705 1750 Hannibalem,
722 1683 751 1738 et
765 1674 899 1738 obsideri
912 1675 1147 1758 Karthaginem.
1170 1681 1225 1742 lee-

158 1759 257 1824 tiores
277 1769 307 1823 et
318 1759 552 1843 frequentiores
565 1782 603 1824 ea
613 1759 727 1844 Africa
742 1769 912 1843 respectare
932 1764 1067 1840 arencios,
1083 1786 1173 1847 qnam
1188 1788 1226 1830 en

133 1909 136 1916 ζ
161 1845 324 1929 Hispania
336 1847 544 1928 accipiebatis.
589 1846 661 1910 Hos
675 1847 752 1910 mibi
763 1869 831 1930 spes
843 1845 1104 1931 sulq'iaitfortnna
1113 1853 1227 1934 populi

159 1932 308 2009 Romam,
324 1933 389 1996 Dii
399 1933 535 2013 ,foderis
544 1933 584 1997 ab
598 1934 684 1998 leoste
697 1935 810 1998 uiolati
822 1943 920 2012 testes,
936 1935 1063 2018 quleon
1075 1946 1105 2000 et
1121 1939 1225 2002 Masi·

159 2020 246 2084 misso
260 2041 364 2120 reges:
387 2018 546 2104 ³¹quormm
572 2041 627 2105 ego
637 2021 721 2102 fidei
744 2020 941 2122 itaninnitar,
957 2031 991 2084 ut
1005 2021 1079 2086 bene
1099 2033 1181 2088 tutus
1202 2046 1223 2088 a

152 2107 1223 2278 etr.

159 2277 246 2343 matt
263 2301 303 2355 se,
320 2289 350 2344 et
363 2278 499 2344 ³²oblata
521 2301 593 2344 casn
600 2281 732 2368 flectere
748 2282 793 2342 ad
813 2281 980 2344 nomiliam.
1025 2281 1163 2357 Habebo,
1183 2283 1223 2358 Q.

161 2363 254 2440 Fabi,
269 2387 384 2448 parem,
401 2388 485 2450 quem
511 2369 577 2443 das,
598 2365 811 2430 Hannibalem
818 2401 830 2438 ,·
857 2368 911 2430 sed
934 2367 1020 2430 illum
1039 2369 1146 2450 potiens
1169 2391 1224 2454 ego

159 2451 293 2524 trabam,
306 2475 396 2534 qnam
415 2455 469 2516 ille
483 2475 528 2518 me
542 2455 696 2533 retineat.
731 2454 770 2516 In
785 2475 840 2524 nra
855 2462 941 2517 terra
956 2474 1059 2537 cogam
1079 2476 1226 2540 pregnare

149 2559 238 2616 enm,
254 2549 283 2602 et
302 2537 520 2623 ³³IIartlrago⁶
534 2541 695 2620 preamium
719 2540 855 2606 victoria
874 2541 944 2616 erit,
967 2561 1057 2622 quam
1078 2544 1225 2608 seminata
1308 2540 1310 2546 ’

159 2625 355 2690 Bmettiorum
380 2628 518 2690 castello.
539 2624 565 2664 ³⁴
575 2627 626 2690 Ne
647 2627 723 2710 quid
745 2628 880 2702 interim,
903 2628 972 2690 dum
994 2626 1131 2712 trajicio,
1154 2630 1225 2694 dum

160 2733 279 2794 expono
308 2715 470 2778 exereitum
495 2714 529 2776 in
555 2712 680 2796 Africa,
702 2715 771 2778 dum
800 2723 903 2778 castra
932 2715 976 2776 ad
998 2715 1224 2799 Karthaginem

151 2819 331 2880 promoveo,
344 2799 513 2881 respublica
528 2800 579 2862 bic
592 2800 769 2862 detrimenti
789 2802 904 2882 capiat,
921 2801 1003 2884 quod
1015 2809 1058 2876 tu,
1078 2799 1120 2876 Q.
1131 2802 1225 2879 Fabi,

159 2905 249 2967 quum
264 2887 361 2950 victor
375 2895 442 2949 toto
458 2887 555 2950 Italia
571 2887 714 2949 volitaret
733 2885 906 2961 Hannibal,
917 2888 1052 2968 potuisti
1058 2899 1225 2970 praemone,

116 3023 121 3036 .
158 2971 216 3034 boc
235 2973 305 3036 vide
327 2993 365 3036 ne
389 2974 630 3037 contumeliosum
653 2974 705 3051 rit,
720 2993 858 3038 concusso
873 2970 944 3056 jam
967 2982 997 3036 et
1015 2994 1098 3056 pene
1109 2976 1225 3059 flecto

524 3125 537 3164 b
548 3130 602 3176 add.
610 3129 689 3190 potine
699 3129 774 3176 Gron.
784 3129 853 3176 Crev.
873 3101 878 3112 ¹

157 3274 206 3322 Sed
224 3275 286 3323 illud
302 3268 368 3336 qdod
385 3277 498 3324 dedimus
515 3277 613 3322 firment
624 3281 673 3322 tres
705 3281 777 3324 stem.
810 3275 930 3322 Peniculo
951 3274 986 3320 tte
1006 3275 1046 3322 hio
1064 3276 1149 3322 eodem
1171 3275 1223 3323 iere

156 3353 171 3384 e
186 3341 274 3386 nostris
293 3341 361 3387 codd.
382 3347 407 3386 et
429 3342 541 3401 prioreps
561 3340 673 3388 omnIum
705 3341 779 3386 modo
798 3341 937 3400 arripiendo
959 3345 1004 3392 est.
1032 3353 1082 3400 quo
1109 3353 1183 3400 supro
1204 3341 1222 3388 l.

158 3404 216 3453 Por.
311 3437 315 3444 .
705 3405 839 3453 ΧΧἮ.ε.
852 3405 891 3450 19.
923 3404 1222 3462 ltnelatoantmo,utnul-

147 3505 151 3514 .
191 3471 223 3518 29
239 3469 323 3532 Major
331 3471 495 3530 muntium
507 3469 582 3516 abans
598 3483 674 3516 acem-
704 3469 830 3528 lamseroa
841 3467 1070 3517 vertumeeeileret.

155 3535 225 3596 plum
244 3547 292 3580 erre
312 3547 382 3594 quom
395 3533 499 3582 Annibal
517 3534 603 3597 polea]
624 3535 672 3580 To·
737 3534 769 3581 32
787 3533 870 3580 Oblata
895 3547 950 3580 caru
967 3534 1061 3592 stenaro
1088 3534 1119 3580 ad
1148 3536 1222 3581 eond-
1338 3573 1340 3584 .

156 3606 210 3648 tom
227 3599 312 3645 hocin
328 3600 379 3644 solo
393 3599 485 3646 Victor.
504 3601 585 3648 codice
605 3599 673 3647 nobis
705 3597 775 3649 lione]
804 3599 841 3646 Ea
860 3612 916 3659 quoe
937 3611 995 3644 eoru
1017 3601 1166 3646 occurrendus
1187 3601 1222 3646 ita

154 3664 267 3712 occurrit.
302 3665 382 3710 ceteri
399 3665 485 3722 nostri,
501 3670 529 3711 ut
545 3665 673 3712 etGrono.
704 3667 839 3728 gubernare
864 3677 892 3711 oo
913 3664 1042 3717 moderari,
1064 3671 1092 3710 ut
1116 3665 1222 3711 consiliis

148 3730 237 3783 otoni,
251 3741 348 3788 ρτοηιιε
370 3730 497 3790 Ignorant:
523 3741 613 3789 rnngno
631 3730 670 3775 Id·
702 3729 950 3788 ducispromovendIs
962 3729 1103 3776 InservIrnt.

154 3795 219 3841 vinni
232 3798 360 3840 contextus
371 3796 469 3841 damno.
733 3794 767 3841 33
785 3793 902 3853 Cartlrogo
915 3792 1007 3855 potius]
1026 3793 1128 3852 Reseca,
1140 3796 1222 3842 volen-

189 3859 222 3906 :30
240 3856 553 3918 Quantomlnnrqutdqnam
564 3888 571 3903 .
583 3888 589 3903 .
601 3857 670 3904 stobi-
703 3860 767 3906 tibus
787 3859 893 3918 scriptis,
911 3855 937 3904 eb
953 3860 1041 3918 patine,
1061 3862 1126 3918 quod
1149 3861 1223 3906 inter·

153 3924 176 3970 le
196 3923 241 3986 sit]
264 3923 303 3969 sse
323 3921 379 3968 Put-
402 3930 427 3970 et
447 3923 540 3968 Victor.
563 3923 670 3970 oodiorsr
705 3925 764 3969 dum
784 3931 877 3968 veteres
898 3923 1002 3982 InteIIIgI
1017 3924 1133 3978 maluere,
1152 3932 1180 3971 ut
1197 3931 1221 3971 et

154 3989 236 4035 multo
253 3987 333 4046 aptius
353 4000 420 4042 sone,
436 4001 511 4047 quom
530 3987 610 4034 dotia
627 3991 671 4042 eet,
705 3991 761 4040 tarn,
784 3995 810 4032 et
827 3989 914 4048 aragia.
947 3987 1005 4033 vio.
1023 3995 1074 4034 not.
1091 3989 1130 4036 65.
1154 3991 1186 4036 od
1205 3991 1222 4038 1.

155 4053 279 4114 quomodo
290 4051 349 4097 odiri
361 4051 459 4100 habant.
662 4068 669 4072 ·
705 4051 889 4099 xxvl..c.31.

188 4117 216 4164 31
239 4115 504 4178 thmcgofideis'la
521 4118 619 4170 innitur,
632 4116 671 4179 ut]
735 4113 839 4162 34¹Ne
866 4115 934 4177 quid]
965 4114 1066 4178 Majoris
1099 4118 1221 4166 facilitatid

152 4183 264 4236 Quorum
287 4194 333 4240 ego
353 4181 407 4228 fidei
430 4196 487 4228 mem
510 4197 539 4228 en
560 4183 673 4229 erutione
705 4193 787 4236 euersa,
806 4186 862 4224 ante
880 4181 931 4226 haec
953 4182 1025 4227 verbe
1044 4183 1138 4242 supple,
1150 4184 1222 4238 Quod
1324 4231 1329 4242 ⁴

151 4247 253 4305 innitar,
274 4252 311 4298 ut,
330 4246 351 4290 si
371 4249 455 4308 perfidi
475 4261 527 4292 osse
545 4248 630 4301 velim,
642 4247 672 4291 ab
705 4251 797 4303 spectat
809 4245 839 4289 ad
851 4245 1039 4303 cavendum,no
1050 4255 1097 4293 etc.

151 4322 236 4360 eorum
258 4311 341 4358 fraudo
361 4313 420 4360 bene
442 4319 523 4359 tutum
547 4327 587 4360 me
611 4325 673 4371 prro·
948 4329 950 4334 ·
