3060 4960
408 181 506 246 tra.
532 165 651 253 xxtx.
678 183 786 244 can
813 181 944 246 xxxv.
1142 187 1201 255 ssa

139 345 243 416 millia
272 337 422 434 passuum
451 347 586 416 victores
613 347 724 426 atomi,
754 346 796 412 ad
824 347 890 414 duo
919 359 1076 434 praeterea
1103 346 1362 416 semiannus·
1478 395 1484 406 .

141 431 285 524 equitum
321 449 376 502 aut
411 448 572 522 ceperunt,
589 449 658 500 ‘aut
689 434 884 500 occiderunt.
920 435 1003 500 inter
1037 457 1092 502 eor
1128 424 1346 530 adelam·

140 522 316 598 constabat,
328 543 393 588 non
404 523 511 590 minus
522 521 676 588 ducentos
687 519 1004 605 Karthaginiensium
1015 522 1138 608 ,equites
1151 522 1202 588 fu·

141 610 213 682 isse,
230 623 263 674 et
277 609 394 674 divitiis
432 609 561 674 uosdam
578 621 609 674 et
623 627 739 695 genere
752 606 910 672 inlustres.
1012 605 1019 622 '

184 695 339 760 XXXV.
363 632 486 762 nalem
499 693 939 782 fortequohaeegestssunt,
949 693 1119 773 menaea,
1131 717 1204 782 quae

140 782 286 870 praedant
302 783 335 846 in
349 781 489 848 Siciliam
500 793 665 870 vexerant,
675 802 750 846 cum
765 795 942 846 commeatu
959 781 1096 858 rediere3
1120 781 1205 848 uelut

57 921 61 930 .
142 867 538 954 ominatoe,⁷⁸adprmdam
548 865 678 932 alteram
686 865 1096 954 repetendamsesevenisse.
1112 868 1205 934 Duos

141 955 254 1022 mdem
280 954 408 1020 nomine
424 953 737 1042 Karthaginiensium
752 953 850 1020 drroes
863 952 988 1018 duobus
1008 954 1206 1054 equestribus

142 1041 264 1120 proeliis
279 1040 470 1118 interfectos,
485 1061 549 1106 non
573 1061 681 1106 omnes
703 1050 845 1104 auctores
866 1051 957 1106 aunt:
980 1041 1082 1118 vmrti,
1097 1041 1204 1118 credo,

142 1127 217 1192 ⁷⁴nc
227 1126 347 1192 falleret
360 1127 408 1192 bis
417 1127 517 1194 relata
530 1126 639 1192 eadem
653 1148 712 1192 res.
744 1125 865 1192 Coelius
876 1126 1002 1211 quidem
1019 1140 1051 1192 et
1062 1127 1206 1192 Valerius

142 1214 304 1300 ⁷³capturn
320 1214 416 1280 etiam
431 1214 623 1278 Hannonem
639 1212 779 1278 tradunt.
818 1212 925 1298 Scipio
940 1212 1205 1300 prefectosequi·
1292 1215 1296 1224 '

143 1313 263 1387 terque,
279 1313 376 1384 prout
389 1300 540 1387 cujusque
554 1320 651 1386 opera
660 1299 771 1376 fuerat,
782 1312 856 1366 onte
867 1321 977 1364 omnes
988 1299 1205 1378 Masinissam,

143 1387 320 1475 insignibus
334 1386 426 1451 donis
447 1385 556 1452 donat.
579 1398 621 1463 et,
637 1384 731 1450 firmo
752 1385 901 1471 praesidio
917 1385 1035 1450 Salerae
1058 1387 1205 1471 inposito,

140 1475 212 1558 ipse
233 1495 307 1538 cum
328 1485 434 1540 cetero
449 1472 591 1540 exercitu
613 1470 784 1558 profectus,
805 1494 869 1536 uon
890 1472 976 1559 agris
999 1473 1105 1548 inodo,
1127 1495 1205 1560 qus·
1215 1499 1348 1562 sapim

144 1581 283 1645 cumque
306 1558 479 1636 incedebat,
493 1557 665 1646 populatis,
680 1557 735 1622 sed
757 1557 886 1622 urbibus
907 1559 1001 1624 etiam
1017 1558 1204 1644 quibusdam
1213 1567 1311 1646 putatur

142 1647 285 1732 vicisque
294 1646 495 1732 expugnatis,
507 1645 570 1710 late
578 1642 652 1710 fuso
662 1657 782 1710 terrore
793 1643 878 1722 belli,
891 1644 1027 1730 septimo
1037 1645 1099 1721 die,
1108 1668 1205 1733 quam
1216 1633 1329 1681 nram.

142 1731 304 1820 profectus
327 1744 404 1809 erat,
420 1753 452 1796 nr
497 1753 570 1796 nam
584 1730 648 1796 vim
671 1729 836 1796 hominum
859 1743 891 1796 et
912 1733 1036 1816 pecoris
1057 1746 1088 1797 et
1102 1733 1207 1800 omnis

142 1819 270 1899 ueneris
294 1817 413 1902 praedae
435 1755 573 1895 trahens,
599 1817 633 1880 in
655 1829 756 1883 castra
779 1817 877 1894 redit3
899 1839 1072 1904 gravesque
1093 1820 1207 1884 iterum

144 1904 359 1970 ⁷⁶bostilibus'
374 1904 481 1990 spoliis
496 1927 589 1969 naves
603 1902 745 1970 dimittit.
787 1903 877 1980 Inde,
893 1905 1017 1968 omissis
1031 1906 1208 1990 expeditio-
1224 1959 1229 1988 ,

147 1991 241 2060 nibus
262 1992 368 2077 parvis
392 1989 724 2077 populationibusque,
745 1989 787 2054 ad
808 1989 1056 2076 obpupprandam
1080 1991 1207 2059 Uticam

146 2099 258 2144 omnes
278 2077 353 2142 belli
367 2077 448 2143 vires
470 2078 642 2142 convertit:
665 2098 733 2140 earn
756 2076 880 2152 deinde,
899 2077 925 2140 si
946 2077 1087 2162 cepisset,
1103 2078 1210 2145 sedem

145 2164 189 2230 sd
205 2177 309 2230 cetera
322 2163 521 2250 exsequenda
535 2163 712 2228 habiturus.
757 2161 858 2229 Simul
869 2175 902 2228 et
914 2185 935 2227 a
945 2163 1041 2229 classe
1054 2164 1210 2232 llnauales
1218 2179 1364 2231 cremas

145 2251 234 2326 socii,
250 2273 314 2337 qua
328 2271 370 2314 ex
383 2263 474 2335 parte
488 2252 563 2314 urbs
577 2251 657 2313 mari
667 2248 819 2326 adluitur,
832 2248 926 2315 simul
939 2263 972 2319 ct
984 2252 1141 2319 terrestris
1156 2254 1327 2316 ear-estest»

145 2337 262 2403 orcitus
277 2336 318 2402 ab
329 2336 502 2402 inminente
516 2357 617 2421 prope
631 2336 705 2420 ipsis
721 2336 878 2400 moenibus
899 2335 1024 2402 tumulo
1041 2351 1089 2402 est
1102 2337 1211 2405 admo·

145 2437 210 2490 tus.
255 2423 432 2488 Tormenta
461 2422 686 2507 machinasque
714 2436 745 2486 ct
775 2424 943 2488 advexerat
967 2445 1085 2504 secum,
1112 2435 1144 2490 et
1174 2445 1214 2491 ex

149 2510 259 2576 Sicilia
273 2511 368 2574 missa
383 2531 454 2573 cum
474 2507 700 2574 commeatibus
714 2523 823 2575 erant:
845 2523 876 2575 et
891 2529 973 2575 nova
988 2510 1020 2574 in
1036 2532 1214 2576 armamen-

146 2597 241 2673 tario,
257 2596 364 2660 multis
378 2595 489 2662 talium
504 2613 637 2682 operum
656 2595 829 2660 artificibus
844 2599 882 2662 de
905 2597 1059 2664 industria
1071 2598 1213 2678 inclusis,
1302 2629 1306 2636 ·

147 2683 278 2748 fiebant
325 2682 527 2748 Uticensibus
549 2694 637 2746 tanta
661 2682 803 2782 undique
832 2682 916 2750 mole
937 2686 1151 2750 circumsessis
1181 2686 1214 2750 in

147 2767 409 2855 Karthaginiensi
439 2768 570 2854 populo,
603 2767 925 2853 Karthaginiensibus
946 2769 979 2834 in
1009 2770 1216 2838 Hasdrubale

147 2855 276 2931 ⁷⁸ita,si
298 2855 324 2918 is
338 2855 485 2920 movisset
500 2856 523 2920 S
544 2854 688 2940 phocam,
704 2877 774 2938 spes
795 2856 899 2921 omnis
919 2869 1001 2922 erat.
1023 2857 1078 2922 sed
1093 2857 1215 2922 deside·

149 2940 200 3004 rio
215 2941 423 3029 indigentium
440 2879 572 3005 auxilli*
587 2941 707 3005 tardius
723 2954 837 3005 cuncta
860 2945 1078 3008 movebantur.
1125 2943 1214 3010 Hos·
1222 2965 1363 3014 temtans

147 3025 274 3105 drubal,
297 3027 503 3090 intentissima
528 3027 758 3113 conquisitione
778 3049 876 3114 quum
900 3029 940 3093 ad
963 3031 1094 3116 triginta
1116 3029 1342 3112 millielsttsr·

148 3114 302 3200 peditum,
319 3114 380 3178 tria
394 3113 535 3200 equitum
550 3112 743 3186 coniecisset,
756 3137 820 3177 non
836 3127 940 3179 tamen
954 3133 1028 3182 ante
1042 3120 1212 3182 adventurn
1222 3099 1357 3212 Ρὴᾞῗζ

149 3200 305 3286 Syphacis
321 3212 423 3264 castra
438 3199 568 3284 propius
584 3201 703 3264 hostem
728 3223 855 3264 morere
869 3215 915 3266 est
930 3225 1034 3267 susus.
1081 3177 1274 3290 Syphaxffi

72 3309 75 3318 ’
148 3309 221 3352 cunr
233 3285 463 3374 quinquaginta
478 3285 616 3349 millibus
629 3286 781 3371 peditum,
793 3285 901 3351 decem
913 3290 1055 3372 equitum
1070 3290 1212 3358 advenit:

410 3426 537 3473 ”turim
546 3427 613 3474 Crer.
746 3429 760 3457 ¹
771 3427 866 3475 casilia
878 3429 953 3475 Gran.

149 3543 280 3592 multarum
313 3543 412 3590 aliorum
442 3543 564 3590 codicum:
595 3554 665 3602 quara
698 3545 864 3604 nequidquam
876 3549 913 3592 ert
924 3560 991 3608 opus.

149 3608 244 3667 qnidam
279 3608 454 3655 anteferendam
487 3608 581 3668 putarit
613 3609 666 3654 Jae.
732 3617 763 3658 74
780 3611 819 3656 Ne
828 3610 940 3672 falleret]
957 3612 995 3658 Na
1016 3611 1053 3657 bia
1075 3627 1146 3660 unam
1166 3627 1214 3661 raus

149 3672 286 3740 Gronorius
307 3673 329 3719 ei
350 3687 402 3733 qna
424 3673 566 3734 vulgabatur
587 3673 666 3718 hacta·
699 3677 933 3736 perimprudeutiam
946 3683 1077 3726 narrarent.

150 3751 208 3796 nas,
229 3752 274 3800 per
293 3739 344 3786 tria
362 3737 442 3786 millia
460 3753 582 3798 puruurn.
615 3737 667 3784 Nec
733 3742 981 3803 75⁸0uptumett'am
993 3740 1216 3806 Hanaouesn]Nou
1314 3773 1317 3786 ·

150 3818 207 3851 vero
228 3817 316 3864 magna
335 3803 404 3851 lande
422 3804 495 3864 digua
513 3804 607 3850 videtur
627 3803 669 3849 illa
700 3807 861 3866 inuenerem,
894 3813 923 3855 ut
957 3823 1029 3871 supra
1060 3815 1215 3856 memoratum
1290 3812 1293 3816 '
1386 3803 1390 3808 ’

152 3870 180 3914 in
201 3869 362 3929 persequendo
385 3870 532 3926 mactantis,
555 3868 668 3928 sieque·
701 3876 746 3918 ert.
810 3903 817 3916 Ι

150 3935 230 3980 victor
257 3935 387 3996 fugientem
422 3934 515 3980 bostem
545 3947 591 3996 per
618 3934 670 3979 tria
734 3940 766 3986 76
782 3937 898 3984 Hortinae
916 3935 1010 4002 spoliis]
1031 3941 1121 3987 Omnes
1141 3931 1216 3988 uo'rtri

150 3999 241 4056 ardua,
260 3999 306 4046 hoe
321 4003 359 4047 est
374 3999 445 4046 nnius
465 4001 537 4047 leuca
555 3998 670 4060 spatium,
702 4002 802 4059 codices,
814 4008 843 4048 ut
858 4009 883 4049 at
898 4004 946 4050 due
961 4019 977 4051 a
988 4006 1110 4053 Grouomo
1126 4021 1218 4055 merno-

152 4065 302 4124 inteqttatur.
334 4065 369 4111 At
380 4066 489 4125 triginta
498 4065 579 4112 millia
589 4077 670 4111 noune
702 4068 758 4124 rati,
771 4068 896 4114 hostilibus
906 4070 997 4130 spoliis.

152 4130 250 4176 solitum
288 4134 312 4176 at
348 4131 482 4178 credibilem
515 4129 669 4191 persequendi
734 4138 766 4182 77
782 4132 887 4180 Nuculae
909 4132 980 4198 socii]
1003 4135 1100 4183 classici
1122 4137 1217 4184 militer.

151 4195 251 4242 modurn
263 4193 398 4242 eradunt?
703 4196 759 4244 Vid.
772 4201 824 4243 not.
836 4203 875 4244 52.
887 4199 916 4246 ad
929 4200 943 4244 Ι.
956 4201 1050 4248 xxv1.
1062 4217 1083 4250 e.
1096 4208 1134 4248 aa.

186 4265 217 4308 73
234 4259 277 4306 Aa
282 4259 390 4321 pradum
398 4261 500 4310 cumam
507 4259 669 4326 repetendam]
735 4263 789 4310 78*
799 4263 849 4320 Ita,
864 4265 888 4309 ee·
900 4261 932 4324 ir]
957 4266 1031 4312 Modo
1045 4274 1126 4316 tamen
1139 4270 1160 4316 ie
1176 4270 1218 4330 Sy·

151 4325 270 4384 Ultimum
293 4337 375 4374 rocem
398 4326 491 4372 omittit
509 4327 620 4374 Rhenaui
643 4327 671 4374 li·
705 4327 1088 4390 phaceminrpulitsetadbellurn.

154 4391 206 4448 ber,
220 4395 246 4436 et
270 4395 350 4438 noster
367 4391 514 4441 Victoriana.
545 4391 595 4440 Nec
615 4406 672 4440 eane
