3064 4976
430 207 649 270 Littxilii.
673 208 843 269 cAP.11.
1131 215 1168 276 7³

95 373 352 450 sacrificaretur3
375 383 605 460 matronasque,
621 373 756 459 pecunia
771 371 909 450 conlata,
923 384 1080 459 quantum
1093 377 1211 441 con-¹11.
1220 395 1248 442 e.
1260 393 1316 442 sss

96 463 174 527 ferre
201 463 324 547 cuique
346 460 550 526 commodum
574 474 667 540 esset,
688 460 809 527 donum
832 459 954 525 Junoni
979 460 1114 547 Reginae
1136 457 1315 525 inA·⁰·i¹7·

15 609 17 614 ,
96 549 297 615 Aventinum
314 547 444 626 ferrent,
459 547 750 633 lectisterniumque
771 547 881 623 fieret;
905 547 983 633 quin
997 560 1030 612 et
1051 547 1172 616 liberti·

96 659 144 700 nse
170 648 207 700 ut
230 633 428 718 ipssa-unde
448 634 596 700 Feroniae
621 634 743 698 donum
763 633 905 713 daretur,
926 634 1093 718 pecuniam
1111 653 1173 717 pro

97 721 306 787 facultatibus
335 720 408 784 suis·
429 719 618 786 conferrent.
674 719 761 786 Haec
789 720 859 790 ubi,
877 719 971 798 facta,
1001 720 1173 784 decemviri

98 809 218 875 Ardeae
251 809 287 871 in
316 805 388 872 loro
413 807 587 892 maj0ribus
616 805 728 870 hostiis
753 806 983 873 sacrificarunt.
1012 819 1174 892 postremo

98 897 121 935 ¹⁸
129 894 313 962 Decembri
329 893 397 978 jam
414 915 519 958 mense
534 893 576 957 ad
590 893 693 958 sedem
710 895 837 958 Saturni
856 894 970 958 Roma
984 893 1172 959 inmolatum

98 997 151 1060 est,
172 981 473 1065 lectisterniumque
495 980 696 1064 imperatum,
713 984 759 1063 (et
779 1002 853 1048 eum
874 980 990 1044 lectum
1013 992 1175 1045 senatores

99 1069 299 1150 straverunt)
315 1078 346 1132 et
361 1065 542 1131 convivium
564 1066 729 1150 publicum
738 1089 747 1142 ;
771 1088 807 1130 ac
828 1088 887 1151 per
899 1067 1009 1138 urbam
1025 1067 1050 1104 ¹⁹
1063 1066 1174 1132 Satur-

98 1155 185 1220 nalia
209 1155 300 1219 diem
323 1174 361 1218 ac
382 1165 509 1218 noctem
527 1151 715 1230 clamatum,
737 1153 971 1239 ”populusque
992 1174 1065 1218 eum
1088 1152 1174 1216 diem

99 1243 215 1308 festum
233 1239 356 1304 babere
367 1261 404 1303 ac
415 1261 538 1304 servare
552 1239 586 1302 in
600 1252 790 1324 perpetuum
800 1241 916 1325 jussus.
1304 1277 1307 1284 »

142 1330 188 1394 11.
207 1327 304 1394 Dum
317 1325 429 1390 consul
443 1325 608 1410 placandis
622 1326 736 1390 Romae
750 1325 823 1390 Diis
837 1327 863 1365 ²¹
872 1325 1106 1412 trahendoque⁸
1120 1324 1175 1390 de·
1186 1337 1308 1414 lienum

101 1416 184 1482 lectu
200 1415 260 1480 dat
275 1434 417 1500 operam,
432 1410 609 1490 Hannibal,
626 1410 783 1498 profectus
797 1435 838 1477 ex
855 1413 1007 1490 hibernis,
1023 1412 1175 1500 quiajam
1186 1405 1309 1512 ”itm

104 1501 306 1568 Flaminium
327 1499 487 1564 consulem
504 1499 667 1564 Arretium
686 1500 865 1583 pervenisse
883 1498 969 1564 fama
983 1512 1060 1576 erat,
1076 1520 1176 1586 quum
1184 1473 1235 1527 pm

101 1589 187 1655 aliud
213 1587 355 1674 longius,
377 1599 519 1650 ceterum
541 1584 749 1665 commodius,
770 1585 990 1650 ostenderetur
1010 1587 1080 1664 iter,
1102 1607 1174 1671 pro·

99 1676 228 1764 piorem
243 1673 329 1737 viam
353 1694 412 1757 per
433 1671 584 1758 paludem
606 1672 696 1758 petit,
713 1695 775 1756 qua
793 1672 908 1736 fluvius
922 1675 1031 1738 Amus
1047 1695 1104 1758 per
1125 1693 1179 1736 eos

103 1764 174 1826 dies
189 1761 284 1826 solito
300 1759 401 1846 magis
415 1757 632 1827 inundaverat
673 1759 838 1841 Hispanos
853 1771 885 1824 et
900 1757 1006 1836 Afros,
1024 1760 1068 1844 (id
1083 1781 1180 1824 omne

103 1847 249 1914 veterani
269 1859 339 1910 erat
362 1844 461 1910 robur
476 1847 646 1926 exercitus)
662 1845 811 1910 admixtis
826 1848 966 1931 ipsorum
982 1846 1181 1931 inpedimen-

104 1937 155 2016 tis,
179 1932 300 2000 necubi
322 1931 496 1996 consistere
518 1933 635 1996 coactis
662 1932 838 1998 necessaria
858 1931 900 1998 ad
928 1955 1004 1998 usus
1023 1932 1179 2009 deessent,

102 2023 227 2110 primos
240 2021 291 2084 ire
300 2019 412 2105 jussit:
436 2018 524 2105 sequi
540 2017 662 2095 Gallos,
675 2031 714 2090 ‚ut
727 2019 760 2084 id
819 2018 912 2082 minis
928 2019 1067 2094 medium
1082 2033 1179 2095 esset3

101 2108 298 2178 novissimos
321 2103 368 2168 iro
389 2105 528 2191 equites:
553 2104 729 2192 Magonem
752 2106 785 2169 in
809 2126 914 2170 ecum
937 2106 1095 2190 expeditis
1109 2107 1181 2170 Nu-

103 2195 201 2261 midis
224 2213 343 2280 cogere
364 2213 489 2280 agmen,
506 2195 645 2256 maxime
665 2191 825 2269 Gallos,si
848 2191 946 2256 taedio
971 2192 1089 2258 laboris
1110 2191 1182 2254 lon-

104 2305 222 2372 goeque
232 2281 298 2344 vise
314 2283 365 2363 (ut
378 2293 426 2342 est
438 2274 544 2342 mollis
559 2278 601 2345 ad
616 2276 691 2342 talia
704 2281 796 2364 gens)
808 2278 1026 2344 dilaberentur
1036 2293 1091 2342 aut
1105 2276 1183 2342 sub·

105 2371 267 2444 sisterent,
295 2363 508 2430 cohibentem.
554 2365 667 2444 Primi,
695 2386 758 2450 qua
785 2366 883 2430 modo
910 2363 1062 2449 praeirent
1085 2362 1182 2428 duces
1192 2371 1325 2450 molestum

105 2478 162 2542 per
176 2452 333 2541 praealtas
347 2449 436 2516 iiuvii
450 2474 488 2516 ac
509 2449 684 2536 profundas
699 2451 874 2536 voragines,
890 2449 994 2516 hausti
1008 2473 1090 2537 pene
1104 2450 1182 2522 limo
1191 2444 1291 2549 {tw
1301 2449 1345 2497 ¹²²·

105 2543 386 2630 inmergentesque
401 2560 445 2620 se,
460 2550 566 2603 tamen
588 2538 678 2625 signa
700 2538 923 2623 sequebantur.
970 2536 1077 2604 Gallid
1091 2537 1182 2604 ”ne-
1261 2533 1269 2548 ⁶

355 2741 518 2806 ‘miramque
529 2745 600 2792 Crev.
730 2740 808 2790 dada
819 2745 861 2805 qui
871 2744 945 2792 Gron.

143 2931 175 2982 te
191 2931 321 2980 nemore
335 2933 391 2993 jam
410 2931 498 2994 mse]
523 2930 636 2994 intellige
669 2934 735 2975 tatur
748 2927 894 2990 prodactam
910 2927 1004 2981 debota,
1018 2925 1129 2974 mornado
1142 2925 1187 2987 per'

111 3011 223 3046 mensem
241 2997 405 3042 Decembrem
421 2993 636 3056 bu'usipsiusan·
669 2992 786 3041 deiram
820 2992 868 3040 Sed
886 3007 931 3040 cur
949 2993 1070 3040 delectum
1090 2991 1116 3038 in
1134 2993 1189 3040 loo·

111 3063 145 3118 ni,
156 3063 201 3122 qui
215 3061 330 3108 consules
347 3060 433 3107 habuit
448 3012 598 3108 illuminium
611 3065 637 3106 et
669 3071 729 3120 gum
742 3059 878 3106 anahem
896 3060 992 3118 consul,
1003 3070 1047 3106 cur
1063 3059 1148 3106 sedulo
1163 3063 1189 3102 et

113 3127 253 3173 Servilium.
286 3123 414 3170 Nimirum
437 3124 477 3171 hic
501 3124 587 3171 Livius
610 3124 635 3170 in
669 3123 726 3168 duta
742 3135 816 3182 opera
831 3123 953 3170 delectum
971 3126 1113 3184 produceret
1125 3129 1150 3169 et
1166 3121 1189 3167 ei

112 3205 190 3238 unum
201 3189 298 3249 colligit
309 3189 428 3250 quidquid
444 3189 490 3236 hoc
501 3203 565 3236 anno
582 3201 637 3248 pro·
669 3199 764 3233 moram
775 3193 906 3247 quareret,
917 3201 991 3235 causa
1007 3189 1074 3236 nulla
1088 3188 1191 3234 afferam

112 3256 227 3302 curandis
238 3255 308 3300 hisce
318 3253 434 3314 prodigiis
445 3253 538 3302 iactum
549 3259 593 3300 est.
669 3264 685 3297 a
701 3249 788 3298 Livio:
805 3258 831 3300 et
850 3253 943 3300 nullam
959 3265 1012 3303 esse
1028 3253 1135 3312 potuisse
1150 3263 1192 3297 res

145 3319 177 3366 19
193 3315 636 3381 Salumiia..clamatum]1moria-
669 3316 722 3376 ipsa
743 3317 840 3364 clamat.
874 3317 952 3364 Nobis
970 3331 1019 3364 non
1038 3325 1090 3364 tam
1107 3320 1192 3362 sancta

112 3384 266 3444 maquod
284 3383 361 3430 voluit
377 3383 521 3430 Gronovius.
554 3382 637 3428 Codex
669 3385 707 3426 est
737 3381 882 3441 scriptorum
913 3383 1054 3440 auctoritas,
1082 3385 1110 3426 ut
1136 3391 1189 3424 eam

113 3447 264 3495 Puteanasus
289 3447 362 3497 habet
383 3446 524 3493 clamatam:
548 3448 590 3493 sed
610 3447 637 3491 in
670 3457 766 3504 semper
785 3446 856 3492 editis
873 3447 1047 3504 anteferamus,
1060 3457 1137 3506 quum
1160 3445 1191 3488 ab

115 3525 141 3558 eo
156 3525 269 3573 persaepe
284 3510 429 3558 litteramm
442 3511 468 3556 in
484 3512 532 3558 line
548 3524 638 3558 vocum
670 3509 709 3556 his
721 3515 785 3556 stare
801 3510 863 3556 ratio
879 3512 949 3558 nobis
964 3510 1068 3557 videtur.
1103 3509 1191 3556 Possu-

113 3578 251 3624 redundare
262 3575 453 3623 observavimus.
670 3583 727 3619 mus
738 3574 828 3636 quippe
839 3576 956 3636 suspicari
974 3575 1078 3621 editores
1095 3573 1191 3633 copiam

145 3641 179 3689 20
196 3640 349 3702 Popularque
380 3653 433 3685 eam
462 3639 523 3686 diem
547 3638 639 3702 serim
670 3638 783 3685 babuisse
800 3641 927 3692 hbrorum,
939 3641 981 3701 qui
996 3639 1085 3686 diversi
1100 3639 1150 3684 sint
1161 3639 1192 3683 ab

114 3704 207 3769 latere]
239 3705 288 3752 llic
311 3704 448 3752 Saturnalia
474 3717 537 3751 novo
559 3705 639 3752 edicto
670 3702 719 3750 illis
737 3704 781 3764 qui
799 3705 825 3750 in
843 3719 932 3752 manus
951 3711 1045 3752 nostras
1065 3710 1192 3752 venerunt.

116 3771 217 3824 sancita,
242 3783 292 3815 non
315 3774 370 3815 tum
396 3769 505 3828 primum
526 3769 639 3815 instituta
671 3769 788 3816 Praterea
806 3769 915 3816 maxima
931 3775 968 3816 est
986 3770 1122 3816 litteramm
1141 3770 1192 3816 affl·

116 3831 219 3895 intelligi
239 3833 337 3881 debent.
370 3833 495 3893 Siquidem
514 3847 587 3894 supra
604 3834 638 3881 11.
671 3834 735 3879 nitas
752 3841 777 3880 et
793 3833 928 3880 similitudo
943 3835 969 3879 in
985 3835 1083 3881 vocibus
1091 3833 1193 3894 ,minio

118 3897 156 3946 21.
173 3905 297 3945 trecentos
308 3899 359 3944 iere
375 3904 433 3944 ante
449 3911 525 3944 annos
541 3899 640 3944 institu·
672 3902 696 3943 et
715 3897 831 3945 trahendo.
864 3899 897 3944 lit
913 3912 942 3944 eo
958 3899 1051 3944 facilior
1067 3892 1149 3960 lapsus
1165 3899 1193 3944 li-

118 3969 169 4009 tum
187 3976 241 4009 esse
256 3964 323 4009 diem
339 3963 430 4008 festum
448 3961 585 4009 Saturnalia
597 3963 640 4010 Li·
674 3963 758 4008 brasiis
774 3961 831 4018 fuit,
846 3963 912 4022 quod
931 3962 985 4010 brec
1004 3977 1052 4009 vox
1071 3965 1193 4010 coaluerat

119 4027 171 4074 vius
181 4023 238 4089 jam
249 4027 404 4074 memoravit.
438 4025 504 4072 Vide
516 4028 640 4075 haedere
672 4039 729 4072 eum
744 4029 904 4087 praecedente.
938 4027 1027 4088 Scripti
1044 4029 1110 4074 enim
1125 4028 1192 4073 erhi-

121 4091 185 4152 lips.
198 4092 320 4138 Satur-nal.
332 4092 350 4138 l.
362 4090 384 4137 1.
395 4105 417 4137 c.
429 4091 452 4137 2.
673 4091 740 4150 bant,
753 4097 869 4151 tanquam
886 4105 965 4138 unum
979 4094 1135 4145 vocabulum,
1146 4091 1194 4136 dis-

151 4155 181 4204 21
198 4155 358 4216 Haunianae
373 4153 472 4218 muria]
497 4155 536 4202 Sic
556 4159 640 4217 plera·
673 4155 800 4202 trahendo.-
832 4157 897 4202 male
927 4164 1014 4203 natum
1045 4158 1145 4215 scilicet,
1172 4155 1193 4201 si

122 4234 166 4280 que
188 4221 323 4268 editioness
346 4226 372 4267 at
392 4233 440 4266 non
461 4221 642 4278 vetustissima,
675 4222 734 4280 quid
746 4220 867 4280 videmus,
877 4234 908 4270 ex
919 4220 1063 4269 dirimendo.

123 4297 165 4332 nec
182 4285 275 4344 scripti,
290 4286 316 4331 in
336 4284 425 4345 quibus
443 4285 531 4344 legitur
550 4285 643 4331 traian-
708 4286 739 4333 22
756 4285 840 4346 Neque
857 4289 970 4334 anitum
981 4289 1014 4333 'se
1025 4287 1138 4346 prolapsi,
1156 4297 1194 4330 nr·

124 4347 190 4408 doqroe
205 4349 301 4397 delectu.
337 4349 408 4396 Hanc
428 4349 541 4396 ultimam
560 4351 644 4397 lectio-
675 4363 718 4410 qne
733 4365 871 4411 rsmrgere.
884 4382 890 4397 .
904 4386 910 4399 .
923 4385 930 4400 .
938 4352 1057 4414 pmmal]
1074 4351 1122 4404 Qui
1139 4361 1193 4410 pro·

126 4426 179 4459 nem
192 4415 330 4463 Gronovius
347 4414 475 4474 expressit,
486 4420 510 4460 et
527 4415 643 4474 interpre-
676 4415 736 4476 lapsi
755 4421 822 4470 sunt,
841 4418 871 4462 lis
889 4413 942 4478 jam
963 4421 1011 4463 non
1031 4415 1069 4462 ‘est
1087 4427 1148 4474 opus
1167 4418 1194 4458 ut
