<?xml version="1.0" encoding="UTF-8"?>
<!DOCTYPE html PUBLIC "-//W3C//DTD XHTML 1.0 Transitional//EN"
    "http://www.w3.org/TR/xhtml1/DTD/xhtml1-transitional.dtd">
<html xmlns="http://www.w3.org/1999/xhtml" xml:lang="en" lang="en">
 <head>
  <title>
</title>
<meta http-equiv="Content-Type" content="text/html;charset=utf-8" />
  <meta name='ocr-system' content='tesseract 3.04.00' />
  <meta name='ocr-capabilities' content='ocr_page ocr_carea ocr_par ocr_line ocrx_word'/>
</head>
<body>
  <div class='ocr_page' id='page_1' title='image "./tliviipatavinih00crevgoog/tliviipatavinih00crevgoog_0221.png"; bbox 0 0 3140 4972; ppageno 0'>
   <div class='ocr_carea' id='block_1_1' title="bbox 332 153 1003 274">
    <p class='ocr_par' dir='ltr' id='par_1_1' title="bbox 332 153 1003 274">
     <span class='ocr_line' id='line_1_1' title="bbox 332 153 1003 274; baseline 0.009 -6"><span class='ocrx_word' id='word_1_1' title='bbox 332 213 393 270; x_wconf 77' lang='lat' dir='ltr'>art</span> <span class='ocrx_word' id='word_1_2' title='bbox 661 224 676 262; x_wconf 95' lang='grc'>.·</span> <span class='ocrx_word' id='word_1_3' title='bbox 723 199 839 272; x_wconf 77' lang='grc' dir='ltr'>ΤΙΉ</span> <span class='ocrx_word' id='word_1_4' title='bbox 867 153 1003 274; x_wconf 77' lang='lat' dir='ltr'>Livii</span> 
     </span>
    </p>
   </div>
   <div class='ocr_carea' id='block_1_2' title="bbox 170 365 1479 552">
    <p class='ocr_par' dir='ltr' id='par_1_2' title="bbox 170 365 1479 552">
     <span class='ocr_line' id='line_1_2' title="bbox 172 365 1479 466; baseline 0.006 -26"><span class='ocrx_word' id='word_1_5' title='bbox 172 393 308 442; x_wconf 70' lang='lat' dir='ltr'>uuus.</span> <span class='ocrx_word' id='word_1_6' title='bbox 333 373 422 462; x_wconf 83' lang='lat' dir='ltr'>sequi</span> <span class='ocrx_word' id='word_1_7' title='bbox 444 393 509 440; x_wconf 94' lang='lat' dir='ltr'>non</span> <span class='ocrx_word' id='word_1_8' title='bbox 531 374 681 460; x_wconf 88' lang='lat' dir='ltr'>potuerit,</span> <span class='ocrx_word' id='word_1_9' title='bbox 697 373 853 442; x_wconf 89' lang='lat' dir='ltr'>incertum</span> <span class='ocrx_word' id='word_1_10' title='bbox 875 389 931 442; x_wconf 88' lang='lat' dir='ltr'>est.</span> <span class='ocrx_word' id='word_1_11' title='bbox 975 378 1114 444; x_wconf 83' lang='lat' dir='ltr'>Absente</span> <span class='ocrx_word' id='word_1_12' title='bbox 1135 397 1289 466; x_wconf 84' lang='lat' dir='ltr'>coquum</span> <span class='ocrx_word' id='word_1_13' title='bbox 1311 383 1397 466; x_wconf 83' lang='lat' dir='ltr'>pro&#39;e·</span> <span class='ocrx_word' id='word_1_14' title='bbox 1467 365 1479 387; x_wconf 63' lang='grc'>’</span> 
     </span>
     <span class='ocr_line' id='line_1_3' title="bbox 170 458 1397 552; baseline 0.007 -30"><span class='ocrx_word' id='word_1_15' title='bbox 170 460 202 504; x_wconf 70' lang='grc' dir='ltr'>Α·</span> <span class='ocrx_word' id='word_1_16' title='bbox 214 459 241 506; x_wconf 79' lang='lat'>⁰·</span> <span class='ocrx_word' id='word_1_17' title='bbox 252 458 307 506; x_wconf 67' lang='lat'>²¹⁴</span> <span class='ocrx_word' id='word_1_18' title='bbox 332 461 411 526; x_wconf 88' lang='lat' dir='ltr'>lium</span> <span class='ocrx_word' id='word_1_19' title='bbox 427 461 629 526; x_wconf 87' lang='lat' dir='ltr'>commissum</span> <span class='ocrx_word' id='word_1_20' title='bbox 645 475 735 541; x_wconf 88' lang='lat' dir='ltr'>esset,</span> <span class='ocrx_word' id='word_1_21' title='bbox 751 463 894 549; x_wconf 73' lang='lat' dir='ltr'>superior</span> <span class='ocrx_word' id='word_1_22' title='bbox 907 463 1036 552; x_wconf 81' lang='lat' dir='ltr'>quidem</span> <span class='ocrx_word' id='word_1_23' title='bbox 1058 465 1145 530; x_wconf 91' lang='lat' dir='ltr'>haud</span> <span class='ocrx_word' id='word_1_24' title='bbox 1162 465 1259 532; x_wconf 86' lang='lat' dir='ltr'>dubie</span> <span class='ocrx_word' id='word_1_25' title='bbox 1276 467 1397 532; x_wconf 84' lang='lat' dir='ltr'>Romu-</span> 
     </span>
    </p>
   </div>
   <div class='ocr_carea' id='block_1_3' title="bbox 170 523 280 637">
    <p class='ocr_par' dir='ltr' id='par_1_3' title="bbox 170 523 280 637">
     <span class='ocr_line' id='line_1_4' title="bbox 171 523 277 598; baseline 0 -28"><span class='ocrx_word' id='word_1_26' title='bbox 171 523 277 598; x_wconf 54' lang='lat' dir='ltr'>domani</span> 
     </span>
     <span class='ocr_line' id='line_1_5' title="bbox 170 597 280 637; baseline 0.018 -3"><span class='ocrx_word' id='word_1_27' title='bbox 170 597 280 637; x_wconf 80' lang='lat' dir='ltr'>vincunt.</span> 
     </span>
    </p>
   </div>
   <div class='ocr_carea' id='block_1_4' title="bbox 151 1671 279 1741">
    <p class='ocr_par' dir='ltr' id='par_1_4' title="bbox 151 1671 279 1741">
     <span class='ocr_line' id='line_1_6' title="bbox 151 1671 279 1741; baseline 0 -1"><span class='ocrx_word' id='word_1_28' title='bbox 151 1671 154 1678; x_wconf 37' lang='grc' dir='ltr'>Ι</span> <span class='ocrx_word' id='word_1_29' title='bbox 170 1696 279 1741; x_wconf 75' lang='lat' dir='ltr'>Censura</span> 
     </span>
    </p>
   </div>
   <div class='ocr_carea' id='block_1_5' title="bbox 331 547 1442 1765">
    <p class='ocr_par' dir='ltr' id='par_1_5' title="bbox 331 547 1442 1675">
     <span class='ocr_line' id='line_1_7' title="bbox 332 547 1397 639; baseline 0.006 -27"><span class='ocrx_word' id='word_1_30' title='bbox 332 569 394 614; x_wconf 88' lang='lat' dir='ltr'>nus</span> <span class='ocrx_word' id='word_1_31' title='bbox 415 559 500 616; x_wconf 81' lang='lat' dir='ltr'>erat:</span> <span class='ocrx_word' id='word_1_32' title='bbox 523 547 590 626; x_wconf 84' lang='lat' dir='ltr'>sod,</span> <span class='ocrx_word' id='word_1_33' title='bbox 608 550 684 634; x_wconf 90' lang='lat' dir='ltr'>quia</span> <span class='ocrx_word' id='word_1_34' title='bbox 705 550 826 634; x_wconf 83' lang='lat' dir='ltr'>equites</span> <span class='ocrx_word' id='word_1_35' title='bbox 849 569 914 616; x_wconf 90' lang='lat' dir='ltr'>non</span> <span class='ocrx_word' id='word_1_36' title='bbox 936 550 1066 616; x_wconf 87' lang='lat' dir='ltr'>adfuere</span> <span class='ocrx_word' id='word_1_37' title='bbox 1084 552 1118 616; x_wconf 92' lang='lat' dir='ltr'>in</span> <span class='ocrx_word' id='word_1_38' title='bbox 1141 564 1293 639; x_wconf 82' lang='lat' dir='ltr'>tempore,</span> <span class='ocrx_word' id='word_1_39' title='bbox 1314 555 1397 618; x_wconf 84' lang='lat' dir='ltr'>ratio</span> 
     </span>
     <span class='ocr_line' id='line_1_8' title="bbox 333 635 1398 725; baseline 0.004 -25"><span class='ocrx_word' id='word_1_40' title='bbox 333 635 518 722; x_wconf 74' lang='lat' dir='ltr'>composita</span> <span class='ocrx_word' id='word_1_41' title='bbox 531 635 579 700; x_wconf 90' lang='lat' dir='ltr'>rei</span> <span class='ocrx_word' id='word_1_42' title='bbox 594 635 722 700; x_wconf 88' lang='lat' dir='ltr'>turbata</span> <span class='ocrx_word' id='word_1_43' title='bbox 735 649 793 702; x_wconf 89' lang='lat' dir='ltr'>est.</span> <span class='ocrx_word' id='word_1_44' title='bbox 815 657 880 700; x_wconf 90' lang='lat' dir='ltr'>non</span> <span class='ocrx_word' id='word_1_45' title='bbox 896 657 991 702; x_wconf 89' lang='lat' dir='ltr'>ausus</span> <span class='ocrx_word' id='word_1_46' title='bbox 1006 638 1129 725; x_wconf 80' lang='lat' dir='ltr'>insequi</span> <span class='ocrx_word' id='word_1_47' title='bbox 1144 641 1290 704; x_wconf 88' lang='lat' dir='ltr'>cedentes</span> <span class='ocrx_word' id='word_1_48' title='bbox 1305 638 1398 704; x_wconf 89' lang='lat' dir='ltr'>Mar-</span> 
     </span>
     <span class='ocr_line' id='line_1_9' title="bbox 332 719 1397 811; baseline 0.004 -24"><span class='ocrx_word' id='word_1_49' title='bbox 332 721 441 798; x_wconf 87' lang='lat' dir='ltr'>cellus,</span> <span class='ocrx_word' id='word_1_50' title='bbox 456 719 654 788; x_wconf 87' lang='lat' dir='ltr'>vincentibus</span> <span class='ocrx_word' id='word_1_51' title='bbox 666 723 731 787; x_wconf 88' lang='lat' dir='ltr'>suis</span> <span class='ocrx_word' id='word_1_52' title='bbox 746 723 874 810; x_wconf 87' lang='lat' dir='ltr'>signum</span> <span class='ocrx_word' id='word_1_53' title='bbox 896 725 1037 811; x_wconf 88' lang='lat' dir='ltr'>receptui</span> <span class='ocrx_word' id='word_1_54' title='bbox 1051 723 1149 790; x_wconf 84' lang='lat' dir='ltr'>dedit.</span> <span class='ocrx_word' id='word_1_55' title='bbox 1194 725 1272 790; x_wconf 88' lang='lat' dir='ltr'>Plus</span> <span class='ocrx_word' id='word_1_56' title='bbox 1289 737 1397 791; x_wconf 85' lang='lat' dir='ltr'>tamen</span> 
     </span>
     <span class='ocr_line' id='line_1_10' title="bbox 332 799 1442 878; baseline 0.005 -6"><span class='ocrx_word' id='word_1_57' title='bbox 332 808 399 873; x_wconf 91' lang='lat' dir='ltr'>duo</span> <span class='ocrx_word' id='word_1_58' title='bbox 415 808 514 873; x_wconf 89' lang='lat' dir='ltr'>millia</span> <span class='ocrx_word' id='word_1_59' title='bbox 526 808 667 874; x_wconf 86' lang='lat' dir='ltr'>hostium</span> <span class='ocrx_word' id='word_1_60' title='bbox 688 831 727 872; x_wconf 88' lang='lat' dir='ltr'>eo</span> <span class='ocrx_word' id='word_1_61' title='bbox 747 809 800 874; x_wconf 92' lang='lat' dir='ltr'>die</span> <span class='ocrx_word' id='word_1_62' title='bbox 819 829 900 874; x_wconf 76' lang='lat' dir='ltr'>casse</span> <span class='ocrx_word' id='word_1_63' title='bbox 922 810 1110 876; x_wconf 83' lang='lat' dir='ltr'>traduntur:</span> <span class='ocrx_word' id='word_1_64' title='bbox 1133 812 1269 877; x_wconf 80' lang='lat' dir='ltr'>Romani</span> <span class='ocrx_word' id='word_1_65' title='bbox 1291 799 1398 878; x_wconf 81' lang='lat' dir='ltr'>misius</span> <span class='ocrx_word' id='word_1_66' title='bbox 1431 849 1442 862; x_wconf 88' lang='lat'><em>-</em></span> 
     </span>
     <span class='ocr_line' id='line_1_11' title="bbox 333 894 1396 985; baseline 0.004 -25"><span class='ocrx_word' id='word_1_67' title='bbox 333 895 583 983; x_wconf 76' lang='lat' dir='ltr'>quadringentis.</span> <span class='ocrx_word' id='word_1_68' title='bbox 628 894 712 962; x_wconf 86' lang='lat' dir='ltr'>Solis</span> <span class='ocrx_word' id='word_1_69' title='bbox 736 895 801 960; x_wconf 88' lang='lat' dir='ltr'>fere</span> <span class='ocrx_word' id='word_1_70' title='bbox 825 895 942 961; x_wconf 85' lang='lat' dir='ltr'>obcasu</span> <span class='ocrx_word' id='word_1_71' title='bbox 967 895 1067 978; x_wconf 88' lang='lat' dir='ltr'>Nero,</span> <span class='ocrx_word' id='word_1_72' title='bbox 1094 898 1176 963; x_wconf 90' lang='lat' dir='ltr'>diem</span> <span class='ocrx_word' id='word_1_73' title='bbox 1206 917 1396 985; x_wconf 84' lang='lat' dir='ltr'>noctemque</span> 
     </span>
     <span class='ocr_line' id='line_1_12' title="bbox 332 981 1395 1134; baseline 0.004 -88"><span class='ocrx_word' id='word_1_74' title='bbox 332 981 549 1070; x_wconf 73' lang='lat' dir='ltr'>nequidquam</span> <span class='ocrx_word' id='word_1_75' title='bbox 571 981 709 1134; x_wconf 55' lang='lat' dir='ltr'>fatiffls</span> <span class='ocrx_word' id='word_1_76' title='bbox 730 983 819 1069; x_wconf 87' lang='lat' dir='ltr'>equis</span> <span class='ocrx_word' id='word_1_77' title='bbox 839 981 1093 1071; x_wconf 76' lang='lat' dir='ltr'>hominibusque,</span> <span class='ocrx_word' id='word_1_78' title='bbox 1117 1007 1158 1050; x_wconf 90' lang='lat' dir='ltr'>ne</span> <span class='ocrx_word' id='word_1_79' title='bbox 1176 983 1244 1050; x_wconf 83' lang='lat' dir='ltr'>riso</span> <span class='ocrx_word' id='word_1_80' title='bbox 1265 985 1395 1074; x_wconf 88' lang='lat' dir='ltr'>quidem</span> 
     </span>
     <span class='ocr_line' id='line_1_13' title="bbox 332 1068 1396 1158; baseline 0.004 -25"><span class='ocrx_word' id='word_1_81' title='bbox 332 1068 426 1134; x_wconf 87' lang='lat' dir='ltr'>hoste</span> <span class='ocrx_word' id='word_1_82' title='bbox 439 1069 642 1150; x_wconf 47' lang='lat' dir='ltr'>&#39;rediens,a,</span> <span class='ocrx_word' id='word_1_83' title='bbox 705 1071 845 1158; x_wconf 83' lang='lat' dir='ltr'>graviter</span> <span class='ocrx_word' id='word_1_84' title='bbox 866 1082 913 1134; x_wconf 88' lang='lat' dir='ltr'>est</span> <span class='ocrx_word' id='word_1_85' title='bbox 934 1069 975 1134; x_wconf 88' lang='lat' dir='ltr'>ab</span> <span class='ocrx_word' id='word_1_86' title='bbox 998 1070 1127 1135; x_wconf 87' lang='lat' dir='ltr'>consule</span> <span class='ocrx_word' id='word_1_87' title='bbox 1150 1071 1333 1157; x_wconf 85' lang='lat' dir='ltr'>increpitus,</span> <span class='ocrx_word' id='word_1_88' title='bbox 1359 1083 1396 1138; x_wconf 92' lang='lat' dir='ltr'>ut</span> 
     </span>
     <span class='ocr_line' id='line_1_14' title="bbox 332 1154 1397 1242; baseline 0.003 -22"><span class='ocrx_word' id='word_1_89' title='bbox 332 1177 392 1240; x_wconf 88' lang='lat' dir='ltr'>per</span> <span class='ocrx_word' id='word_1_90' title='bbox 405 1177 479 1222; x_wconf 89' lang='lat' dir='ltr'>eum</span> <span class='ocrx_word' id='word_1_91' title='bbox 493 1155 613 1220; x_wconf 81' lang='lat' dir='ltr'>stetisse</span> <span class='ocrx_word' id='word_1_92' title='bbox 627 1154 756 1232; x_wconf 86' lang='lat' dir='ltr'>diceret,</span> <span class='ocrx_word' id='word_1_93' title='bbox 772 1177 836 1242; x_wconf 89' lang='lat' dir='ltr'>quo</span> <span class='ocrx_word' id='word_1_94' title='bbox 851 1157 955 1221; x_wconf 90' lang='lat' dir='ltr'>minus</span> <span class='ocrx_word' id='word_1_95' title='bbox 976 1175 1104 1242; x_wconf 87' lang='lat' dir='ltr'>accepta</span> <span class='ocrx_word' id='word_1_96' title='bbox 1119 1158 1160 1222; x_wconf 88' lang='lat' dir='ltr'>ad</span> <span class='ocrx_word' id='word_1_97' title='bbox 1177 1157 1304 1222; x_wconf 91' lang='lat' dir='ltr'>Cannas</span> <span class='ocrx_word' id='word_1_98' title='bbox 1323 1157 1397 1223; x_wconf 87' lang='lat' dir='ltr'>red-</span> 
     </span>
     <span class='ocr_line' id='line_1_15' title="bbox 332 1239 1397 1310; baseline 0.003 -3"><span class='ocrx_word' id='word_1_99' title='bbox 332 1243 462 1308; x_wconf 83' lang='lat' dir='ltr'>deretur</span> <span class='ocrx_word' id='word_1_100' title='bbox 482 1241 565 1306; x_wconf 89' lang='lat' dir='ltr'>hosti</span> <span class='ocrx_word' id='word_1_101' title='bbox 586 1241 701 1306; x_wconf 89' lang='lat' dir='ltr'>clades.</span> <span class='ocrx_word' id='word_1_102' title='bbox 745 1239 879 1307; x_wconf 87' lang='lat' dir='ltr'>Postero</span> <span class='ocrx_word' id='word_1_103' title='bbox 898 1243 950 1307; x_wconf 87' lang='lat' dir='ltr'>die</span> <span class='ocrx_word' id='word_1_104' title='bbox 976 1243 1139 1309; x_wconf 84' lang='lat' dir='ltr'>Romanus</span> <span class='ocrx_word' id='word_1_105' title='bbox 1162 1246 1195 1308; x_wconf 91' lang='lat' dir='ltr'>in</span> <span class='ocrx_word' id='word_1_106' title='bbox 1218 1244 1317 1310; x_wconf 90' lang='lat' dir='ltr'>aciem</span> <span class='ocrx_word' id='word_1_107' title='bbox 1339 1245 1397 1310; x_wconf 86' lang='lat' dir='ltr'>de·</span> 
     </span>
     <span class='ocr_line' id='line_1_16' title="bbox 333 1327 1398 1408; baseline 0.002 -14"><span class='ocrx_word' id='word_1_108' title='bbox 333 1329 472 1394; x_wconf 82' lang='lat' dir='ltr'>scandit:</span> <span class='ocrx_word' id='word_1_109' title='bbox 498 1327 630 1406; x_wconf 89' lang='lat' dir='ltr'>Poenus,</span> <span class='ocrx_word' id='word_1_110' title='bbox 653 1327 751 1395; x_wconf 88' lang='lat' dir='ltr'>tacita</span> <span class='ocrx_word' id='word_1_111' title='bbox 771 1329 866 1394; x_wconf 89' lang='lat' dir='ltr'>etiam</span> <span class='ocrx_word' id='word_1_112' title='bbox 889 1328 1084 1394; x_wconf 85' lang='lat' dir='ltr'>confessione</span> <span class='ocrx_word' id='word_1_113' title='bbox 1097 1332 1209 1408; x_wconf 82' lang='lat' dir='ltr'>victus,</span> <span class='ocrx_word' id='word_1_114' title='bbox 1231 1331 1341 1396; x_wconf 87' lang='lat' dir='ltr'>eastris</span> <span class='ocrx_word' id='word_1_115' title='bbox 1364 1353 1398 1396; x_wconf 87' lang='lat' dir='ltr'>se</span> 
     </span>
     <span class='ocr_line' id='line_1_17' title="bbox 333 1413 1397 1503; baseline 0 -21"><span class='ocrx_word' id='word_1_116' title='bbox 333 1416 444 1482; x_wconf 85' lang='lat' dir='ltr'>tenuit.</span> <span class='ocrx_word' id='word_1_117' title='bbox 489 1413 602 1480; x_wconf 88' lang='lat' dir='ltr'>Tertio</span> <span class='ocrx_word' id='word_1_118' title='bbox 615 1414 667 1480; x_wconf 84' lang='lat' dir='ltr'>die</span> <span class='ocrx_word' id='word_1_119' title='bbox 681 1413 807 1480; x_wconf 84' lang='lat' dir='ltr'>silentio</span> <span class='ocrx_word' id='word_1_120' title='bbox 824 1417 936 1494; x_wconf 85' lang='lat' dir='ltr'>noctis,</span> <span class='ocrx_word' id='word_1_121' title='bbox 953 1417 1068 1482; x_wconf 90' lang='lat' dir='ltr'>omissa</span> <span class='ocrx_word' id='word_1_122' title='bbox 1089 1439 1145 1503; x_wconf 88' lang='lat' dir='ltr'>spe</span> <span class='ocrx_word' id='word_1_123' title='bbox 1161 1415 1253 1486; x_wconf 77' lang='lat' dir='ltr'>Nola</span> <span class='ocrx_word' id='word_1_124' title='bbox 1267 1417 1397 1502; x_wconf 89' lang='lat' dir='ltr'>potiun-</span> 
     </span>
     <span class='ocr_line' id='line_1_18' title="bbox 331 1501 1425 1588; baseline 0.003 -22"><span class='ocrx_word' id='word_1_125' title='bbox 331 1503 392 1579; x_wconf 85' lang='lat' dir='ltr'>dae,</span> <span class='ocrx_word' id='word_1_126' title='bbox 408 1501 454 1580; x_wconf 88' lang='lat' dir='ltr'>rei</span> <span class='ocrx_word' id='word_1_127' title='bbox 470 1521 643 1588; x_wconf 75' lang='lat' dir='ltr'>numquam</span> <span class='ocrx_word' id='word_1_128' title='bbox 658 1523 810 1588; x_wconf 81' lang='lat' dir='ltr'>prospere</span> <span class='ocrx_word' id='word_1_129' title='bbox 824 1516 964 1582; x_wconf 70' lang='lat' dir='ltr'>tentatae,</span> <span class='ocrx_word' id='word_1_130' title='bbox 980 1503 1157 1570; x_wconf 73' lang='lat' dir='ltr'>Tarentum</span> <span class='ocrx_word' id='word_1_131' title='bbox 1173 1505 1214 1569; x_wconf 89' lang='lat' dir='ltr'>ad</span> <span class='ocrx_word' id='word_1_132' title='bbox 1228 1503 1395 1569; x_wconf 74' lang='lat' dir='ltr'>seniorem</span> <span class='ocrx_word' id='word_1_133' title='bbox 1422 1524 1425 1530; x_wconf 89' lang='lat'>·</span> 
     </span>
     <span class='ocr_line' id='line_1_19' title="bbox 332 1587 856 1675; baseline 0 -21"><span class='ocrx_word' id='word_1_134' title='bbox 332 1611 419 1675; x_wconf 91' lang='lat' dir='ltr'>spem</span> <span class='ocrx_word' id='word_1_135' title='bbox 434 1587 624 1674; x_wconf 85' lang='lat' dir='ltr'>proditionis</span> <span class='ocrx_word' id='word_1_136' title='bbox 638 1589 856 1674; x_wconf 85' lang='lat' dir='ltr'>proficiscitur.</span> 
     </span>
    </p>

    <p class='ocr_par' dir='ltr' id='par_1_6' title="bbox 332 1674 1395 1765">
     <span class='ocr_line' id='line_1_20' title="bbox 332 1674 1395 1765; baseline 0.001 -26"><span class='ocrx_word' id='word_1_137' title='bbox 332 1715 336 1722; x_wconf 89' lang='lat'><em>-</em></span> <span class='ocrx_word' id='word_1_138' title='bbox 378 1674 511 1740; x_wconf 89' lang='lat' dir='ltr'><strong>XVIII.</strong></span> <span class='ocrx_word' id='word_1_139' title='bbox 535 1675 604 1740; x_wconf 89' lang='lat' dir='ltr'>Neo</span> <span class='ocrx_word' id='word_1_140' title='bbox 615 1676 742 1760; x_wconf 48' lang='lat' dir='ltr'>¹minore</span> <span class='ocrx_word' id='word_1_141' title='bbox 763 1677 933 1741; x_wconf 79' lang='lat' dir='ltr'>unimores</span> <span class='ocrx_word' id='word_1_142' title='bbox 951 1675 1098 1743; x_wconf 54' lang='lat' dir='ltr'>&amp;mana</span> <span class='ocrx_word' id='word_1_143' title='bbox 1111 1677 1209 1756; x_wconf 90' lang='lat' dir='ltr'>domi,</span> <span class='ocrx_word' id='word_1_144' title='bbox 1225 1697 1319 1765; x_wconf 90' lang='lat' dir='ltr'>quam</span> <span class='ocrx_word' id='word_1_145' title='bbox 1333 1675 1395 1740; x_wconf 90' lang='lat' dir='ltr'>mi-</span> 
     </span>
    </p>
   </div>
   <div class='ocr_carea' id='block_1_6' title="bbox 167 1760 1396 1850">
    <p class='ocr_par' dir='ltr' id='par_1_7' title="bbox 167 1760 1396 1850">
     <span class='ocr_line' id='line_1_21' title="bbox 167 1760 1396 1850; baseline 0.002 -23"><span class='ocrx_word' id='word_1_146' title='bbox 167 1760 420 1844; x_wconf 59' lang='lat' dir='ltr'>nomaeavc-qffiae,</span> <span class='ocrx_word' id='word_1_147' title='bbox 443 1761 624 1850; x_wconf 82' lang='lat' dir='ltr'>gerebatur.</span> <span class='ocrx_word' id='word_1_148' title='bbox 669 1763 832 1838; x_wconf 80' lang='lat' dir='ltr'>Censores,</span> <span class='ocrx_word' id='word_1_149' title='bbox 856 1764 947 1828; x_wconf 87' lang='lat' dir='ltr'>vacui</span> <span class='ocrx_word' id='word_1_150' title='bbox 970 1763 1011 1828; x_wconf 86' lang='lat' dir='ltr'>ab</span> <span class='ocrx_word' id='word_1_151' title='bbox 1034 1787 1054 1828; x_wconf 96' lang='lat' dir='ltr'>o</span> <span class='ocrx_word' id='word_1_152' title='bbox 1095 1787 1167 1829; x_wconf 88' lang='lat' dir='ltr'>rum</span> <span class='ocrx_word' id='word_1_153' title='bbox 1187 1764 1396 1830; x_wconf 80' lang='lat' dir='ltr'>locandorum</span> 
     </span>
    </p>
   </div>
   <div class='ocr_carea' id='block_1_7' title="bbox 168 1831 317 1873">
    <p class='ocr_par' dir='ltr' id='par_1_8' title="bbox 168 1831 317 1873">
     <span class='ocr_line' id='line_1_22' title="bbox 168 1831 317 1873; baseline 0.013 -3"><span class='ocrx_word' id='word_1_154' title='bbox 168 1837 195 1870; x_wconf 69' lang='lat' dir='ltr'>te</span> <span class='ocrx_word' id='word_1_155' title='bbox 204 1831 317 1873; x_wconf 64' lang='lat' dir='ltr'>emelia·</span> 
     </span>
    </p>
   </div>
   <div class='ocr_carea' id='block_1_8' title="bbox 331 1849 1397 2025">
    <p class='ocr_par' dir='ltr' id='par_1_9' title="bbox 331 1849 1397 2025">
     <span class='ocr_line' id='line_1_23' title="bbox 331 1849 1397 1938; baseline 0 -22"><span class='ocrx_word' id='word_1_156' title='bbox 331 1872 417 1932; x_wconf 88' lang='lat' dir='ltr'>cura,</span> <span class='ocrx_word' id='word_1_157' title='bbox 433 1862 563 1937; x_wconf 88' lang='lat' dir='ltr'>propter</span> <span class='ocrx_word' id='word_1_158' title='bbox 578 1849 718 1935; x_wconf 89' lang='lat' dir='ltr'>inopiam</span> <span class='ocrx_word' id='word_1_159' title='bbox 732 1850 847 1927; x_wconf 74' lang='lat' dir='ltr'>aerarii,</span> <span class='ocrx_word' id='word_1_160' title='bbox 864 1850 903 1914; x_wconf 86' lang='lat' dir='ltr'>ad</span> <span class='ocrx_word' id='word_1_161' title='bbox 928 1871 1030 1915; x_wconf 85' lang='lat' dir='ltr'>mores</span> <span class='ocrx_word' id='word_1_162' title='bbox 1074 1852 1215 1916; x_wconf 86' lang='lat' dir='ltr'>ominum</span> <span class='ocrx_word' id='word_1_163' title='bbox 1239 1851 1397 1938; x_wconf 88' lang='lat' dir='ltr'>regendos</span> 
     </span>
     <span class='ocr_line' id='line_1_24' title="bbox 331 1935 1397 2025; baseline 0 -23"><span class='ocrx_word' id='word_1_164' title='bbox 331 1937 473 2002; x_wconf 86' lang='lat' dir='ltr'>animum</span> <span class='ocrx_word' id='word_1_165' title='bbox 511 1935 724 2014; x_wconf 88' lang='lat' dir='ltr'>adverterunt,</span> <span class='ocrx_word' id='word_1_166' title='bbox 759 1937 1005 2024; x_wconf 86' lang='lat' dir='ltr'>castigandaque</span> <span class='ocrx_word' id='word_1_167' title='bbox 1033 1938 1126 2014; x_wconf 80' lang='lat' dir='ltr'>ritia3</span> <span class='ocrx_word' id='word_1_168' title='bbox 1163 1937 1280 2025; x_wconf 64' lang='lat' dir='ltr'>”quaa</span> <span class='ocrx_word' id='word_1_169' title='bbox 1311 1936 1397 2002; x_wconf 87' lang='lat' dir='ltr'>velut</span> 
     </span>
    </p>
   </div>
   <div class='ocr_carea' id='block_1_9' title="bbox 243 2023 1397 2114">
    <p class='ocr_par' dir='ltr' id='par_1_10' title="bbox 243 2023 1397 2114">
     <span class='ocr_line' id='line_1_25' title="bbox 243 2023 1397 2114; baseline -0.002 -26"><span class='ocrx_word' id='word_1_170' title='bbox 243 2033 244 2037; x_wconf 77' lang='grc'>’</span> <span class='ocrx_word' id='word_1_171' title='bbox 330 2024 463 2089; x_wconf 91' lang='lat' dir='ltr'>diutinis</span> <span class='ocrx_word' id='word_1_172' title='bbox 491 2023 611 2088; x_wconf 89' lang='lat' dir='ltr'>morbis</span> <span class='ocrx_word' id='word_1_173' title='bbox 639 2043 726 2112; x_wconf 77' lang='lat' dir='ltr'>segra</span> <span class='ocrx_word' id='word_1_174' title='bbox 754 2044 889 2109; x_wconf 90' lang='lat' dir='ltr'>corpora</span> <span class='ocrx_word' id='word_1_175' title='bbox 913 2044 955 2088; x_wconf 90' lang='lat' dir='ltr'>ex</span> <span class='ocrx_word' id='word_1_176' title='bbox 984 2045 1017 2089; x_wconf 87' lang='lat' dir='ltr'>se</span> <span class='ocrx_word' id='word_1_177' title='bbox 1039 2023 1186 2114; x_wconf 86' lang='lat' dir='ltr'>gignunt,</span> <span class='ocrx_word' id='word_1_178' title='bbox 1212 2037 1287 2089; x_wconf 86' lang='lat' dir='ltr'>nata</span> <span class='ocrx_word' id='word_1_179' title='bbox 1311 2023 1397 2088; x_wconf 87' lang='lat' dir='ltr'>bello</span> 
     </span>
    </p>
   </div>
   <div class='ocr_carea' id='block_1_10' title="bbox 330 2109 1401 3674">
    <p class='ocr_par' dir='ltr' id='par_1_11' title="bbox 330 2109 1401 3674">
     <span class='ocr_line' id='line_1_26' title="bbox 331 2109 1398 2212; baseline -0.004 -35"><span class='ocrx_word' id='word_1_180' title='bbox 331 2121 432 2177; x_wconf 70' lang='lat' dir='ltr'>mant.</span> <span class='ocrx_word' id='word_1_181' title='bbox 478 2109 622 2176; x_wconf 88' lang='lat' dir='ltr'>Primum</span> <span class='ocrx_word' id='word_1_182' title='bbox 646 2131 699 2174; x_wconf 89' lang='lat' dir='ltr'>eos</span> <span class='ocrx_word' id='word_1_183' title='bbox 723 2110 908 2190; x_wconf 63' lang='lat' dir='ltr'>citauerunt,</span> <span class='ocrx_word' id='word_1_184' title='bbox 924 2110 978 2196; x_wconf 90' lang='lat' dir='ltr'>qui</span> <span class='ocrx_word' id='word_1_185' title='bbox 1000 2125 1074 2196; x_wconf 88' lang='lat' dir='ltr'>post</span> <span class='ocrx_word' id='word_1_186' title='bbox 1095 2111 1292 2176; x_wconf 82' lang='lat' dir='ltr'>Cannensem</span> <span class='ocrx_word' id='word_1_187' title='bbox 1315 2131 1398 2212; x_wconf 82' lang='lat' dir='ltr'>pug-</span> 
     </span>
     <span class='ocr_line' id='line_1_27' title="bbox 331 2195 1397 2284; baseline -0.003 -21"><span class='ocrx_word' id='word_1_188' title='bbox 331 2219 406 2263; x_wconf 91' lang='lat' dir='ltr'>nam</span> <span class='ocrx_word' id='word_1_189' title='bbox 428 2196 658 2284; x_wconf 85' lang='lat' dir='ltr'>rempublicam</span> <span class='ocrx_word' id='word_1_190' title='bbox 681 2195 863 2274; x_wconf 89' lang='lat' dir='ltr'>deseruisse,</span> <span class='ocrx_word' id='word_1_191' title='bbox 887 2197 980 2262; x_wconf 88' lang='lat' dir='ltr'>Italia</span> <span class='ocrx_word' id='word_1_192' title='bbox 1002 2219 1042 2263; x_wconf 90' lang='lat' dir='ltr'>ue</span> <span class='ocrx_word' id='word_1_193' title='bbox 1063 2198 1230 2262; x_wconf 82' lang='lat' dir='ltr'>excessisse</span> <span class='ocrx_word' id='word_1_194' title='bbox 1245 2195 1325 2261; x_wconf 88' lang='lat' dir='ltr'>velle</span> <span class='ocrx_word' id='word_1_195' title='bbox 1339 2195 1397 2262; x_wconf 85' lang='lat' dir='ltr'>&#39;dr-</span> 
     </span>
     <span class='ocr_line' id='line_1_28' title="bbox 332 2282 1398 2370; baseline -0.005 -19"><span class='ocrx_word' id='word_1_196' title='bbox 332 2287 496 2351; x_wconf 87' lang='lat' dir='ltr'>cebantur.</span> <span class='ocrx_word' id='word_1_197' title='bbox 518 2284 699 2370; x_wconf 85' lang='lat' dir='ltr'>⁸⁰prinoeps</span> <span class='ocrx_word' id='word_1_198' title='bbox 721 2305 830 2354; x_wconf 90' lang='lat' dir='ltr'>eorum</span> <span class='ocrx_word' id='word_1_199' title='bbox 847 2283 886 2348; x_wconf 89' lang='lat' dir='ltr'>L.</span> <span class='ocrx_word' id='word_1_200' title='bbox 903 2283 991 2349; x_wconf 81' lang='lat' dir='ltr'>Csaei</span> <span class='ocrx_word' id='word_1_201' title='bbox 1006 2286 1053 2350; x_wconf 87' lang='lat' dir='ltr'>&#39;us</span> <span class='ocrx_word' id='word_1_202' title='bbox 1076 2282 1241 2349; x_wconf 70' lang='lat' dir='ltr'>Metellusl</span> <span class='ocrx_word' id='word_1_203' title='bbox 1255 2296 1398 2368; x_wconf 84' lang='lat' dir='ltr'>quaestor</span> 
     </span>
     <span class='ocr_line' id='line_1_29' title="bbox 330 2369 1397 2457; baseline -0.003 -20"><span class='ocrx_word' id='word_1_204' title='bbox 330 2387 400 2438; x_wconf 92' lang='lat' dir='ltr'>tum</span> <span class='ocrx_word' id='word_1_205' title='bbox 414 2371 496 2437; x_wconf 85' lang='lat' dir='ltr'>forte</span> <span class='ocrx_word' id='word_1_206' title='bbox 512 2383 590 2436; x_wconf 89' lang='lat' dir='ltr'>erat.</span> <span class='ocrx_word' id='word_1_207' title='bbox 633 2370 728 2435; x_wconf 88' lang='lat' dir='ltr'>Jusso</span> <span class='ocrx_word' id='word_1_208' title='bbox 749 2369 865 2436; x_wconf 90' lang='lat' dir='ltr'>deinde</span> <span class='ocrx_word' id='word_1_209' title='bbox 885 2393 924 2434; x_wconf 89' lang='lat' dir='ltr'>eo</span> <span class='ocrx_word' id='word_1_210' title='bbox 946 2371 1119 2457; x_wconf 87' lang='lat' dir='ltr'>ceterisque</span> <span class='ocrx_word' id='word_1_211' title='bbox 1141 2369 1279 2457; x_wconf 86' lang='lat' dir='ltr'>ejusdem</span> <span class='ocrx_word' id='word_1_212' title='bbox 1299 2390 1397 2434; x_wconf 83' lang='lat' dir='ltr'>noxoe</span> 
     </span>
     <span class='ocr_line' id='line_1_30' title="bbox 330 2455 1397 2546; baseline -0.001 -23"><span class='ocrx_word' id='word_1_213' title='bbox 330 2459 392 2524; x_wconf 89' lang='lat' dir='ltr'>reis</span> <span class='ocrx_word' id='word_1_214' title='bbox 415 2479 556 2523; x_wconf 81' lang='lat' dir='ltr'>caussam</span> <span class='ocrx_word' id='word_1_215' title='bbox 580 2455 695 2536; x_wconf 90' lang='lat' dir='ltr'>dicere,</span> <span class='ocrx_word' id='word_1_216' title='bbox 716 2479 813 2542; x_wconf 89' lang='lat' dir='ltr'>quum</span> <span class='ocrx_word' id='word_1_217' title='bbox 837 2458 968 2546; x_wconf 85' lang='lat' dir='ltr'>purgari</span> <span class='ocrx_word' id='word_1_218' title='bbox 988 2459 1178 2544; x_wconf 88' lang='lat' dir='ltr'>nequissent,</span> <span class='ocrx_word' id='word_1_219' title='bbox 1202 2457 1397 2542; x_wconf 87' lang='lat' dir='ltr'>pronuncia-</span> 
     </span>
     <span class='ocr_line' id='line_1_31' title="bbox 330 2542 1397 2630; baseline -0.001 -22"><span class='ocrx_word' id='word_1_220' title='bbox 330 2549 416 2622; x_wconf 85' lang='lat' dir='ltr'>r&#39;unt,</span> <span class='ocrx_word' id='word_1_221' title='bbox 433 2544 530 2608; x_wconf 90' lang='lat' dir='ltr'>verba</span> <span class='ocrx_word' id='word_1_222' title='bbox 543 2545 783 2630; x_wconf 83' lang='lat' dir='ltr'>orationemque</span> <span class='ocrx_word' id='word_1_223' title='bbox 797 2566 851 2610; x_wconf 84' lang='lat' dir='ltr'>eos</span> <span class='ocrx_word' id='word_1_224' title='bbox 874 2547 1027 2610; x_wconf 77' lang='lat' dir='ltr'>adversus</span> <span class='ocrx_word' id='word_1_225' title='bbox 1044 2543 1271 2630; x_wconf 73' lang='lat' dir='ltr'>rempublicam</span> <span class='ocrx_word' id='word_1_226' title='bbox 1293 2542 1397 2608; x_wconf 89' lang='lat' dir='ltr'>habu-</span> 
     </span>
     <span class='ocr_line' id='line_1_32' title="bbox 330 2629 1398 2718; baseline -0.002 -22"><span class='ocrx_word' id='word_1_227' title='bbox 330 2633 401 2710; x_wconf 90' lang='lat' dir='ltr'>isse,</span> <span class='ocrx_word' id='word_1_228' title='bbox 417 2654 482 2718; x_wconf 91' lang='lat' dir='ltr'>quo</span> <span class='ocrx_word' id='word_1_229' title='bbox 497 2631 674 2718; x_wconf 86' lang='lat' dir='ltr'>conjuratio</span> <span class='ocrx_word' id='word_1_230' title='bbox 688 2629 871 2694; x_wconf 71' lang='lat' dir='ltr'>deserendae</span> <span class='ocrx_word' id='word_1_231' title='bbox 891 2630 992 2694; x_wconf 85' lang='lat' dir='ltr'>Italioe</span> <span class='ocrx_word' id='word_1_232' title='bbox 1007 2653 1116 2694; x_wconf 82' lang='lat' dir='ltr'>caussa</span> <span class='ocrx_word' id='word_1_233' title='bbox 1129 2630 1228 2694; x_wconf 84' lang='lat' dir='ltr'>lieret.</span> <span class='ocrx_word' id='word_1_234' title='bbox 1275 2631 1398 2694; x_wconf 81' lang='lat' dir='ltr'>Secun-</span> 
     </span>
     <span class='ocr_line' id='line_1_33' title="bbox 331 2713 1398 2803; baseline -0.004 -19"><span class='ocrx_word' id='word_1_235' title='bbox 331 2719 408 2784; x_wconf 91' lang='lat' dir='ltr'>dum</span> <span class='ocrx_word' id='word_1_236' title='bbox 435 2741 489 2782; x_wconf 90' lang='lat' dir='ltr'>eos</span> <span class='ocrx_word' id='word_1_237' title='bbox 511 2717 599 2782; x_wconf 87' lang='lat' dir='ltr'>citati</span> <span class='ocrx_word' id='word_1_238' title='bbox 620 2717 714 2780; x_wconf 88' lang='lat' dir='ltr'>nimis</span> <span class='ocrx_word' id='word_1_239' title='bbox 736 2715 840 2781; x_wconf 85' lang='lat' dir='ltr'>callidi</span> <span class='ocrx_word' id='word_1_240' title='bbox 860 2715 1045 2782; x_wconf 78' lang='lat' dir='ltr'>exsolvendi</span> <span class='ocrx_word' id='word_1_241' title='bbox 1065 2713 1273 2803; x_wconf 87' lang='lat' dir='ltr'>jurisjurandi</span> <span class='ocrx_word' id='word_1_242' title='bbox 1298 2716 1398 2781; x_wconf 90' lang='lat' dir='ltr'>inter-</span> 
     </span>
     <span class='ocr_line' id='line_1_34' title="bbox 330 2802 1399 2891; baseline -0.002 -21"><span class='ocrx_word' id='word_1_243' title='bbox 330 2805 533 2891; x_wconf 78' lang='lat' dir='ltr'>pretesz&#39;qui</span> <span class='ocrx_word' id='word_1_244' title='bbox 554 2803 765 2888; x_wconf 86' lang='lat' dir='ltr'>captivorum,</span> <span class='ocrx_word' id='word_1_245' title='bbox 780 2826 819 2868; x_wconf 85' lang='lat' dir='ltr'>ex</span> <span class='ocrx_word' id='word_1_246' title='bbox 838 2805 951 2868; x_wconf 88' lang='lat' dir='ltr'>itinere</span> <span class='ocrx_word' id='word_1_247' title='bbox 975 2805 1106 2891; x_wconf 84' lang='lat' dir='ltr'>regressi</span> <span class='ocrx_word' id='word_1_248' title='bbox 1131 2804 1212 2868; x_wconf 87' lang='lat' dir='ltr'>clam</span> <span class='ocrx_word' id='word_1_249' title='bbox 1237 2802 1271 2866; x_wconf 91' lang='lat' dir='ltr'>in</span> <span class='ocrx_word' id='word_1_250' title='bbox 1293 2815 1399 2868; x_wconf 89' lang='lat' dir='ltr'>castra</span> 
     </span>
     <span class='ocr_line' id='line_1_35' title="bbox 333 2888 1396 2978; baseline -0.002 -21"><span class='ocrx_word' id='word_1_251' title='bbox 333 2891 538 2969; x_wconf 76' lang='lat' dir='ltr'>Hannibalis,</span> <span class='ocrx_word' id='word_1_252' title='bbox 562 2889 711 2968; x_wconf 91' lang='lat' dir='ltr'>solutum,</span> <span class='ocrx_word' id='word_1_253' title='bbox 729 2889 814 2975; x_wconf 92' lang='lat' dir='ltr'>quod</span> <span class='ocrx_word' id='word_1_254' title='bbox 834 2892 1018 2978; x_wconf 84' lang='lat' dir='ltr'>juraverant</span> <span class='ocrx_word' id='word_1_255' title='bbox 1037 2891 1204 2969; x_wconf 85' lang='lat' dir='ltr'>redituros,</span> <span class='ocrx_word' id='word_1_256' title='bbox 1226 2888 1396 2956; x_wconf 79' lang='lat' dir='ltr'>rebantur.</span> 
     </span>
     <span class='ocr_line' id='line_1_36' title="bbox 331 2975 1398 3064; baseline -0.003 -21"><span class='ocrx_word' id='word_1_257' title='bbox 331 2978 356 3020; x_wconf 80' lang='lat'>⁸¹</span> <span class='ocrx_word' id='word_1_258' title='bbox 364 2978 428 3043; x_wconf 91' lang='lat' dir='ltr'>His</span> <span class='ocrx_word' id='word_1_259' title='bbox 443 2977 722 3064; x_wconf 88' lang='lat' dir='ltr'>superioribusque</span> <span class='ocrx_word' id='word_1_260' title='bbox 735 2977 797 3041; x_wconf 89' lang='lat' dir='ltr'>illis</span> <span class='ocrx_word' id='word_1_261' title='bbox 812 2978 884 3064; x_wconf 92' lang='lat' dir='ltr'>equi</span> <span class='ocrx_word' id='word_1_262' title='bbox 896 2975 1024 3055; x_wconf 84' lang='lat' dir='ltr'>ademti,</span> <span class='ocrx_word' id='word_1_263' title='bbox 1034 2977 1089 3063; x_wconf 90' lang='lat' dir='ltr'>qui</span> <span class='ocrx_word' id='word_1_264' title='bbox 1104 2975 1266 3062; x_wconf 88' lang='lat' dir='ltr'>publicum</span> <span class='ocrx_word' id='word_1_265' title='bbox 1278 2997 1398 3062; x_wconf 93' lang='lat' dir='ltr'>equum</span> 
     </span>
     <span class='ocr_line' id='line_1_37' title="bbox 331 3061 1399 3150; baseline -0.004 -20"><span class='ocrx_word' id='word_1_266' title='bbox 331 3065 510 3130; x_wconf 88' lang='lat' dir='ltr'>habebant:</span> <span class='ocrx_word' id='word_1_267' title='bbox 533 3064 714 3150; x_wconf 75' lang='lat' dir='ltr'>8²tribuque</span> <span class='ocrx_word' id='word_1_268' title='bbox 729 3065 817 3140; x_wconf 89' lang='lat' dir='ltr'>moti,</span> <span class='ocrx_word' id='word_1_269' title='bbox 835 3065 939 3129; x_wconf 71' lang='lat' dir='ltr'>aerarii</span> <span class='ocrx_word' id='word_1_270' title='bbox 961 3085 1070 3134; x_wconf 87' lang='lat' dir='ltr'>ornnes</span> <span class='ocrx_word' id='word_1_271' title='bbox 1089 3061 1174 3129; x_wconf 88' lang='lat' dir='ltr'>facti.</span> <span class='ocrx_word' id='word_1_272' title='bbox 1219 3061 1334 3148; x_wconf 89' lang='lat' dir='ltr'>Neque</span> <span class='ocrx_word' id='word_1_273' title='bbox 1349 3085 1399 3127; x_wconf 90' lang='lat' dir='ltr'>se-</span> 
     </span>
     <span class='ocr_line' id='line_1_38' title="bbox 330 3151 1399 3238; baseline -0.006 -20"><span class='ocrx_word' id='word_1_274' title='bbox 330 3157 410 3218; x_wconf 86' lang='lat' dir='ltr'>u&#39;atu</span> <span class='ocrx_word' id='word_1_275' title='bbox 435 3151 531 3217; x_wconf 89' lang='lat' dir='ltr'>modo</span> <span class='ocrx_word' id='word_1_276' title='bbox 557 3165 610 3220; x_wconf 87' lang='lat' dir='ltr'>aut</span> <span class='ocrx_word' id='word_1_277' title='bbox 633 3153 769 3237; x_wconf 84' lang='lat' dir='ltr'>equestri</span> <span class='ocrx_word' id='word_1_278' title='bbox 788 3152 901 3216; x_wconf 88' lang='lat' dir='ltr'>ordine</span> <span class='ocrx_word' id='word_1_279' title='bbox 919 3151 1059 3238; x_wconf 88' lang='lat' dir='ltr'>regendo</span> <span class='ocrx_word' id='word_1_280' title='bbox 1080 3171 1157 3215; x_wconf 89' lang='lat' dir='ltr'>cura</span> <span class='ocrx_word' id='word_1_281' title='bbox 1177 3171 1210 3214; x_wconf 93' lang='lat' dir='ltr'>se</span> <span class='ocrx_word' id='word_1_282' title='bbox 1229 3169 1399 3214; x_wconf 88' lang='lat' dir='ltr'>censorum</span> 
     </span>
     <span class='ocr_line' id='line_1_39' title="bbox 331 3235 1398 3323; baseline -0.005 -19"><span class='ocrx_word' id='word_1_283' title='bbox 331 3239 444 3310; x_wconf 86' lang='lat' dir='ltr'>tenuit.</span> <span class='ocrx_word' id='word_1_284' title='bbox 467 3238 598 3304; x_wconf 88' lang='lat' dir='ltr'>nomina</span> <span class='ocrx_word' id='word_1_285' title='bbox 616 3238 759 3303; x_wconf 89' lang='lat' dir='ltr'>omnium</span> <span class='ocrx_word' id='word_1_286' title='bbox 782 3259 821 3302; x_wconf 84' lang='lat' dir='ltr'>ex</span> <span class='ocrx_word' id='word_1_287' title='bbox 839 3237 1002 3323; x_wconf 90' lang='lat' dir='ltr'>juniorum</span> <span class='ocrx_word' id='word_1_288' title='bbox 1023 3235 1139 3302; x_wconf 86' lang='lat' dir='ltr'>tabulis</span> <span class='ocrx_word' id='word_1_289' title='bbox 1160 3247 1398 3322; x_wconf 88' lang='lat' dir='ltr'>excerpserunt,</span> 
     </span>
     <span class='ocr_line' id='line_1_40' title="bbox 331 3323 1400 3474; baseline -0.004 -82"><span class='ocrx_word' id='word_1_290' title='bbox 331 3328 386 3414; x_wconf 79' lang='lat' dir='ltr'>qui</span> <span class='ocrx_word' id='word_1_291' title='bbox 402 3327 612 3413; x_wconf 86' lang='lat' dir='ltr'>quadriennio</span> <span class='ocrx_word' id='word_1_292' title='bbox 625 3346 691 3390; x_wconf 91' lang='lat' dir='ltr'>non</span> <span class='ocrx_word' id='word_1_293' title='bbox 707 3325 899 3402; x_wconf 85' lang='lat' dir='ltr'>militassent,</span> <span class='ocrx_word' id='word_1_294' title='bbox 914 3323 1031 3474; x_wconf 71' lang='lat' dir='ltr'>qpibus</span> <span class='ocrx_word' id='word_1_295' title='bbox 1052 3342 1156 3409; x_wconf 82' lang='lat' dir='ltr'>neque</span> <span class='ocrx_word' id='word_1_296' title='bbox 1170 3324 1295 3388; x_wconf 88' lang='lat' dir='ltr'>vacatio</span> <span class='ocrx_word' id='word_1_297' title='bbox 1309 3323 1400 3409; x_wconf 88' lang='lat' dir='ltr'>justa</span> 
     </span>
     <span class='ocr_line' id='line_1_41' title="bbox 333 3407 1400 3500; baseline -0.007 -20"><span class='ocrx_word' id='word_1_298' title='bbox 333 3413 466 3493; x_wconf 79' lang='lat' dir='ltr'>militias,</span> <span class='ocrx_word' id='word_1_299' title='bbox 490 3434 595 3500; x_wconf 87' lang='lat' dir='ltr'>neque</span> <span class='ocrx_word' id='word_1_300' title='bbox 624 3411 755 3478; x_wconf 89' lang='lat' dir='ltr'>morbus</span> <span class='ocrx_word' id='word_1_301' title='bbox 779 3432 889 3494; x_wconf 84' lang='lat' dir='ltr'>caussa</span> <span class='ocrx_word' id='word_1_302' title='bbox 950 3412 1035 3476; x_wconf 90' lang='lat' dir='ltr'>isset.</span> <span class='ocrx_word' id='word_1_303' title='bbox 1080 3409 1124 3476; x_wconf 80' lang='lat' dir='ltr'>Et</span> <span class='ocrx_word' id='word_1_304' title='bbox 1147 3431 1186 3474; x_wconf 87' lang='lat' dir='ltr'>ea</span> <span class='ocrx_word' id='word_1_305' title='bbox 1210 3429 1307 3494; x_wconf 88' lang='lat' dir='ltr'>supra</span> <span class='ocrx_word' id='word_1_306' title='bbox 1330 3407 1400 3472; x_wconf 88' lang='lat' dir='ltr'>duo</span> 
     </span>
     <span class='ocr_line' id='line_1_42' title="bbox 332 3495 1401 3584; baseline -0.007 -19"><span class='ocrx_word' id='word_1_307' title='bbox 332 3501 430 3565; x_wconf 86' lang='lat' dir='ltr'>millia</span> <span class='ocrx_word' id='word_1_308' title='bbox 454 3501 623 3566; x_wconf 88' lang='lat' dir='ltr'>nominum</span> <span class='ocrx_word' id='word_1_309' title='bbox 646 3499 679 3564; x_wconf 91' lang='lat' dir='ltr'>in</span> <span class='ocrx_word' id='word_1_310' title='bbox 706 3498 836 3564; x_wconf 84' lang='lat' dir='ltr'>aerarios</span> <span class='ocrx_word' id='word_1_311' title='bbox 861 3497 972 3576; x_wconf 82' lang='lat' dir='ltr'>relata,</span> <span class='ocrx_word' id='word_1_312' title='bbox 996 3495 1145 3584; x_wconf 84' lang='lat' dir='ltr'>tribuque</span> <span class='ocrx_word' id='word_1_313' title='bbox 1172 3515 1284 3560; x_wconf 89' lang='lat' dir='ltr'>omnes</span> <span class='ocrx_word' id='word_1_314' title='bbox 1307 3495 1401 3560; x_wconf 87' lang='lat' dir='ltr'>moti.</span> 
     </span>
     <span class='ocr_line' id='line_1_43' title="bbox 332 3580 1401 3674; baseline -0.008 -20"><span class='ocrx_word' id='word_1_315' title='bbox 332 3588 585 3674; x_wconf 66' lang='lat' dir='ltr'>“Additamque</span> <span class='ocrx_word' id='word_1_316' title='bbox 613 3586 706 3652; x_wconf 91' lang='lat' dir='ltr'>inerti</span> <span class='ocrx_word' id='word_1_317' title='bbox 735 3584 888 3652; x_wconf 87' lang='lat' dir='ltr'>censorias</span> <span class='ocrx_word' id='word_1_318' title='bbox 916 3599 1002 3652; x_wconf 80' lang='lat' dir='ltr'>notre</span> <span class='ocrx_word' id='word_1_319' title='bbox 1027 3585 1116 3650; x_wconf 86' lang='lat' dir='ltr'>triste</span> <span class='ocrx_word' id='word_1_320' title='bbox 1144 3580 1401 3649; x_wconf 86' lang='lat' dir='ltr'>senatusconsul-</span> 
     </span>
    </p>
   </div>
   <div class='ocr_carea' id='block_1_11' title="bbox 721 3739 1018 3804">
    <p class='ocr_par' dir='ltr' id='par_1_12' title="bbox 721 3739 1018 3804">
     <span class='ocr_line' id='line_1_44' title="bbox 721 3739 1018 3804; baseline 0 -14"><span class='ocrx_word' id='word_1_321' title='bbox 721 3739 734 3779; x_wconf 79' lang='lat' dir='ltr'>i</span> <span class='ocrx_word' id='word_1_322' title='bbox 744 3743 799 3790; x_wconf 88' lang='lat' dir='ltr'>add.</span> <span class='ocrx_word' id='word_1_323' title='bbox 811 3741 851 3804; x_wconf 81' lang='lat' dir='ltr'>qui</span> <span class='ocrx_word' id='word_1_324' title='bbox 862 3744 936 3790; x_wconf 87' lang='lat' dir='ltr'>Gron.</span> <span class='ocrx_word' id='word_1_325' title='bbox 948 3741 1018 3790; x_wconf 83' lang='lat' dir='ltr'>crev.</span> 
     </span>
    </p>
   </div>
   <div class='ocr_carea' id='block_1_12' title="bbox 369 3883 1402 3957">
    <p class='ocr_par' dir='ltr' id='par_1_13' title="bbox 369 3883 1402 3957">
     <span class='ocr_line' id='line_1_45' title="bbox 369 3883 1402 3957; baseline -0.011 -12"><span class='ocrx_word' id='word_1_326' title='bbox 369 3897 400 3945; x_wconf 78' lang='lat' dir='ltr'>ra</span> <span class='ocrx_word' id='word_1_327' title='bbox 418 3894 477 3951; x_wconf 69' lang='grc' dir='ltr'>ΟΜ</span> <span class='ocrx_word' id='word_1_328' title='bbox 492 3895 555 3942; x_wconf 70' lang='lat' dir='ltr'>mist</span> <span class='ocrx_word' id='word_1_329' title='bbox 570 3895 681 3957; x_wconf 70' lang='lat' dir='ltr'>diutinis]</span> <span class='ocrx_word' id='word_1_330' title='bbox 697 3894 759 3949; x_wconf 82' lang='lat' dir='ltr'>Quae</span> <span class='ocrx_word' id='word_1_331' title='bbox 777 3893 852 3941; x_wconf 85' lang='lat' dir='ltr'>veluti</span> <span class='ocrx_word' id='word_1_332' title='bbox 883 3892 958 3947; x_wconf 68' lang='lat' dir='ltr'>tellau</span> <span class='ocrx_word' id='word_1_333' title='bbox 975 3887 1027 3954; x_wconf 78' lang='lat' dir='ltr'>qai]</span> <span class='ocrx_word' id='word_1_334' title='bbox 1053 3891 1106 3938; x_wconf 81' lang='lat' dir='ltr'>Jac.</span> <span class='ocrx_word' id='word_1_335' title='bbox 1126 3889 1263 3936; x_wconf 79' lang='lat' dir='ltr'>Gronovius</span> <span class='ocrx_word' id='word_1_336' title='bbox 1285 3887 1351 3934; x_wconf 82' lang='lat' dir='ltr'>delet</span> <span class='ocrx_word' id='word_1_337' title='bbox 1365 3883 1402 3934; x_wconf 49' lang='grc' dir='ltr'>’νδ</span> 
     </span>
    </p>
   </div>
   <div class='ocr_carea' id='block_1_13' title="bbox 285 3951 1277 4022">
    <p class='ocr_par' dir='ltr' id='par_1_14' title="bbox 285 3951 1277 4022">
     <span class='ocr_line' id='line_1_46' title="bbox 285 3951 1277 4022; baseline -0.013 -11"><span class='ocrx_word' id='word_1_338' title='bbox 285 3979 289 3990; x_wconf 82' lang='grc'>’</span> <span class='ocrx_word' id='word_1_339' title='bbox 335 3962 438 4010; x_wconf 80' lang='lat' dir='ltr'>diutinis</span> <span class='ocrx_word' id='word_1_340' title='bbox 455 3962 546 4008; x_wconf 81' lang='lat' dir='ltr'>morbis</span> <span class='ocrx_word' id='word_1_341' title='bbox 568 3975 634 4022; x_wconf 75' lang='lat' dir='ltr'>agra</span> <span class='ocrx_word' id='word_1_342' title='bbox 652 3973 753 4020; x_wconf 87' lang='lat' dir='ltr'>corpora</span> <span class='ocrx_word' id='word_1_343' title='bbox 773 3972 804 4005; x_wconf 87' lang='lat' dir='ltr'>ex</span> <span class='ocrx_word' id='word_1_344' title='bbox 826 3973 852 4007; x_wconf 84' lang='lat' dir='ltr'>ae</span> <span class='ocrx_word' id='word_1_345' title='bbox 884 3960 933 4020; x_wconf 80' lang='lat' dir='ltr'>qui,</span> <span class='ocrx_word' id='word_1_346' title='bbox 946 3956 1084 4004; x_wconf 86' lang='lat' dir='ltr'>auctoribus</span> <span class='ocrx_word' id='word_1_347' title='bbox 1094 3953 1194 4016; x_wconf 87' lang='lat' dir='ltr'>optimis</span> <span class='ocrx_word' id='word_1_348' title='bbox 1206 3951 1277 4000; x_wconf 87' lang='lat' dir='ltr'>MSS.</span> 
     </span>
    </p>
   </div>
   <div class='ocr_carea' id='block_1_14' title="bbox 336 4015 1403 4412">
    <p class='ocr_par' dir='ltr' id='par_1_15' title="bbox 336 4015 1403 4412">
     <span class='ocr_line' id='line_1_47' title="bbox 336 4015 1402 4089; baseline -0.01 -17"><span class='ocrx_word' id='word_1_349' title='bbox 336 4028 451 4089; x_wconf 82' lang='lat' dir='ltr'>gignunt,</span> <span class='ocrx_word' id='word_1_350' title='bbox 470 4025 505 4071; x_wconf 87' lang='lat' dir='ltr'>ita</span> <span class='ocrx_word' id='word_1_351' title='bbox 523 4025 593 4071; x_wconf 83' lang='lat' dir='ltr'>baliis</span> <span class='ocrx_word' id='word_1_352' title='bbox 611 4025 696 4072; x_wconf 82' lang='lat' dir='ltr'>affecta</span> <span class='ocrx_word' id='word_1_353' title='bbox 715 4024 853 4084; x_wconf 84' lang='lat' dir='ltr'>respublica</span> <span class='ocrx_word' id='word_1_354' title='bbox 916 4021 1030 4069; x_wconf 76' lang='lat' dir='ltr'>Sl&#39;Hir.</span> <span class='ocrx_word' id='word_1_355' title='bbox 1042 4051 1049 4066; x_wconf 86' lang='lat'>.</span> <span class='ocrx_word' id='word_1_356' title='bbox 1061 4053 1068 4065; x_wconf 94' lang='lat'>.</span> <span class='ocrx_word' id='word_1_357' title='bbox 1080 4020 1133 4082; x_wconf 83' lang='lat' dir='ltr'>equi</span> <span class='ocrx_word' id='word_1_358' title='bbox 1146 4018 1255 4080; x_wconf 76' lang='lat' dir='ltr'>ndenqrti,</span> <span class='ocrx_word' id='word_1_359' title='bbox 1267 4018 1309 4077; x_wconf 82' lang='lat' dir='ltr'>qui</span> <span class='ocrx_word' id='word_1_360' title='bbox 1320 4015 1402 4076; x_wconf 74' lang='lat' dir='ltr'>predii-</span> 
     </span>
     <span class='ocr_line' id='line_1_48' title="bbox 336 4081 1402 4148; baseline -0.011 -10"><span class='ocrx_word' id='word_1_361' title='bbox 336 4107 367 4138; x_wconf 84' lang='lat' dir='ltr'>ex</span> <span class='ocrx_word' id='word_1_362' title='bbox 380 4105 406 4137; x_wconf 90' lang='lat' dir='ltr'>se</span> <span class='ocrx_word' id='word_1_363' title='bbox 422 4090 563 4148; x_wconf 84' lang='lat' dir='ltr'>protulerat.</span> <span class='ocrx_word' id='word_1_364' title='bbox 596 4090 721 4137; x_wconf 82' lang='lat' dir='ltr'>claudicat</span> <span class='ocrx_word' id='word_1_365' title='bbox 738 4090 778 4135; x_wconf 92' lang='lat' dir='ltr'>hic</span> <span class='ocrx_word' id='word_1_366' title='bbox 792 4101 852 4148; x_wconf 90' lang='lat' dir='ltr'>quo-</span> <span class='ocrx_word' id='word_1_367' title='bbox 884 4101 936 4132; x_wconf 83' lang='lat' dir='ltr'>rum</span> <span class='ocrx_word' id='word_1_368' title='bbox 958 4100 1040 4146; x_wconf 59' lang='lat' dir='ltr'>quum</span> <span class='ocrx_word' id='word_1_369' title='bbox 1062 4083 1184 4146; x_wconf 79' lang='lat' dir='ltr'>habebunt]</span> <span class='ocrx_word' id='word_1_370' title='bbox 1218 4081 1330 4142; x_wconf 81' lang='lat' dir='ltr'>Intellige</span> <span class='ocrx_word' id='word_1_371' title='bbox 1357 4093 1402 4126; x_wconf 82' lang='lat' dir='ltr'>eoa</span> 
     </span>
     <span class='ocr_line' id='line_1_49' title="bbox 336 4145 1403 4219; baseline -0.013 -15"><span class='ocrx_word' id='word_1_372' title='bbox 336 4154 467 4204; x_wconf 85' lang='lat' dir='ltr'>dammodo</span> <span class='ocrx_word' id='word_1_373' title='bbox 494 4154 579 4209; x_wconf 84' lang='lat' dir='ltr'>oratio,</span> <span class='ocrx_word' id='word_1_374' title='bbox 599 4156 664 4215; x_wconf 88' lang='lat' dir='ltr'>quod</span> <span class='ocrx_word' id='word_1_375' title='bbox 687 4154 774 4200; x_wconf 86' lang='lat' dir='ltr'>vocula</span> <span class='ocrx_word' id='word_1_376' title='bbox 800 4168 852 4219; x_wconf 65' lang='lat' dir='ltr'>quo</span> <span class='ocrx_word' id='word_1_377' title='bbox 884 4152 988 4210; x_wconf 85' lang='lat' dir='ltr'>equestri</span> <span class='ocrx_word' id='word_1_378' title='bbox 1008 4151 1126 4212; x_wconf 77' lang='lat' dir='ltr'>dignitate</span> <span class='ocrx_word' id='word_1_379' title='bbox 1144 4157 1169 4197; x_wconf 90' lang='lat' dir='ltr'>et</span> <span class='ocrx_word' id='word_1_380' title='bbox 1190 4148 1273 4195; x_wconf 84' lang='lat' dir='ltr'>ordine</span> <span class='ocrx_word' id='word_1_381' title='bbox 1291 4145 1403 4206; x_wconf 80' lang='lat' dir='ltr'>privatos</span> 
     </span>
     <span class='ocr_line' id='line_1_50' title="bbox 337 4215 943 4281; baseline -0.01 -14"><span class='ocrx_word' id='word_1_382' title='bbox 337 4234 414 4281; x_wconf 90' lang='lat' dir='ltr'>quum</span> <span class='ocrx_word' id='word_1_383' title='bbox 432 4226 532 4280; x_wconf 85' lang='lat' dir='ltr'>regatur</span> <span class='ocrx_word' id='word_1_384' title='bbox 548 4233 563 4264; x_wconf 88' lang='lat' dir='ltr'>a</span> <span class='ocrx_word' id='word_1_385' title='bbox 580 4221 651 4266; x_wconf 90' lang='lat' dir='ltr'>verbo</span> <span class='ocrx_word' id='word_1_386' title='bbox 664 4221 779 4280; x_wconf 80' lang='lat' dir='ltr'>gr&#39;gmmt,</span> <span class='ocrx_word' id='word_1_387' title='bbox 793 4215 851 4280; x_wconf 87' lang='lat' dir='ltr'>jun·</span> <span class='ocrx_word' id='word_1_388' title='bbox 883 4229 943 4262; x_wconf 87' lang='lat' dir='ltr'>esse.</span> 
     </span>
     <span class='ocr_line' id='line_1_51' title="bbox 336 4277 1403 4346; baseline -0.007 -14"><span class='ocrx_word' id='word_1_389' title='bbox 336 4284 852 4346; x_wconf 85' lang='lat' dir='ltr'>gaturquoqueiurectocusueumverbo</span> <span class='ocrx_word' id='word_1_390' title='bbox 916 4281 947 4330; x_wconf 77' lang='lat'>82</span> <span class='ocrx_word' id='word_1_391' title='bbox 967 4279 1083 4343; x_wconf 69' lang='lat' dir='ltr'>Tribusque</span> <span class='ocrx_word' id='word_1_392' title='bbox 1110 4281 1176 4334; x_wconf 80' lang='lat' dir='ltr'>mori,</span> <span class='ocrx_word' id='word_1_393' title='bbox 1203 4277 1287 4325; x_wconf 74' lang='lat' dir='ltr'>erarii</span> <span class='ocrx_word' id='word_1_394' title='bbox 1322 4289 1403 4324; x_wconf 73' lang='lat' dir='ltr'>urmes</span> 
     </span>
     <span class='ocr_line' id='line_1_52' title="bbox 336 4337 1359 4412; baseline -0.014 -14"><span class='ocrx_word' id='word_1_395' title='bbox 336 4358 412 4400; x_wconf 75' lang='lat' dir='ltr'>orarit.</span> <span class='ocrx_word' id='word_1_396' title='bbox 800 4365 803 4370; x_wconf 91' lang='lat'>·</span> <span class='ocrx_word' id='word_1_397' title='bbox 878 4345 955 4412; x_wconf 79' lang='lat' dir='ltr'>socii]</span> <span class='ocrx_word' id='word_1_398' title='bbox 974 4345 1032 4393; x_wconf 82' lang='lat' dir='ltr'>vid.</span> <span class='ocrx_word' id='word_1_399' title='bbox 1044 4351 1093 4393; x_wconf 87' lang='lat' dir='ltr'>not.</span> <span class='ocrx_word' id='word_1_400' title='bbox 1105 4343 1147 4393; x_wconf 76' lang='lat'>23.</span> <span class='ocrx_word' id='word_1_401' title='bbox 1156 4345 1188 4392; x_wconf 88' lang='lat' dir='ltr'>ad</span> <span class='ocrx_word' id='word_1_402' title='bbox 1198 4358 1221 4390; x_wconf 89' lang='lat' dir='ltr'>c.</span> <span class='ocrx_word' id='word_1_403' title='bbox 1234 4341 1273 4389; x_wconf 79' lang='lat'>24.</span> <span class='ocrx_word' id='word_1_404' title='bbox 1283 4341 1301 4388; x_wconf 93' lang='lat' dir='ltr'>l.</span> <span class='ocrx_word' id='word_1_405' title='bbox 1313 4337 1359 4386; x_wconf 78' lang='lat' dir='ltr'>tv,</span> 
     </span>
    </p>
   </div>
   <div class='ocr_carea' id='block_1_15' title="bbox 370 4401 1402 4478">
    <p class='ocr_par' dir='ltr' id='par_1_16' title="bbox 370 4401 1402 4478">
     <span class='ocr_line' id='line_1_53' title="bbox 370 4401 1402 4478; baseline -0.013 -14"><span class='ocrx_word' id='word_1_406' title='bbox 370 4417 403 4464; x_wconf 81' lang='grc'>80</span> <span class='ocrx_word' id='word_1_407' title='bbox 419 4415 535 4478; x_wconf 77' lang='lat' dir='ltr'>Princeps</span> <span class='ocrx_word' id='word_1_408' title='bbox 545 4429 623 4463; x_wconf 85' lang='lat' dir='ltr'>curum</span> <span class='ocrx_word' id='word_1_409' title='bbox 633 4415 662 4461; x_wconf 79' lang='lat' dir='ltr'>i.</span> <span class='ocrx_word' id='word_1_410' title='bbox 676 4414 786 4464; x_wconf 74' lang='lat' dir='ltr'>c&#39;aeuttus</span> <span class='ocrx_word' id='word_1_411' title='bbox 796 4413 851 4462; x_wconf 88' lang='lat' dir='ltr'>Mc·</span> <span class='ocrx_word' id='word_1_412' title='bbox 916 4412 949 4461; x_wconf 79' lang='lat'>8³</span> <span class='ocrx_word' id='word_1_413' title='bbox 965 4411 1121 4473; x_wconf 79' lang='lat' dir='ltr'>Addiiuruquc</span> <span class='ocrx_word' id='word_1_414' title='bbox 1130 4409 1200 4458; x_wconf 80' lang='lat' dir='ltr'>inerti</span> <span class='ocrx_word' id='word_1_415' title='bbox 1207 4408 1317 4456; x_wconf 68' lang='lat' dir='ltr'>ctmumae</span> <span class='ocrx_word' id='word_1_416' title='bbox 1325 4401 1402 4468; x_wconf 78' lang='lat' dir='ltr'>note]</span> 
     </span>
    </p>
   </div>
   <div class='ocr_carea' id='block_1_16' title="bbox 0 0 1581 4972">
    <p class='ocr_par' dir='ltr' id='par_1_17' title="bbox 0 0 1581 4972">
     <span class='ocr_line' id='line_1_54' title="bbox 0 0 1581 4972; baseline 0 0"><span class='ocrx_word' id='word_1_417' title='bbox 0 0 1581 4972; x_wconf 95' lang='lat' dir='ltr'> </span> 
     </span>
    </p>
   </div>
  </div>
 </body>
</html>
