3060 4960
352 148 408 220 568,
699 173 703 178 ·
740 147 855 208 ΤΙΤΙ
887 143 1022 218 ΗῊῘ

191 331 327 384 usuam
352 335 416 391 sus,
435 311 594 399 Apollinis
615 311 871 397 promontorium
893 311 1005 384 tenuit.
1028 309 1192 390 onerariae,
1215 313 1396 396 parspruari-
1481 371 1482 378 ,

72 481 80 490 ἱ
191 401 261 450 Μ·
271 406 329 448 ²⁰³·
353 423 408 482 pra
421 399 463 464 ad
478 399 684 487 AEgimurhm
708 399 825 484 (insula
846 422 884 466 ea
905 399 1010 465 sinum
1026 400 1066 462 ab
1079 400 1146 464 alto
1160 399 1284 480 clandit,
1297 401 1328 464 in
1343 421 1399 484 quo

352 488 413 556 sita
428 487 595 574 Karthago
609 499 666 564 est,
683 485 722 552 tri
746 485 814 552 inta
826 485 925 550 ferme
936 485 1036 550 millia
1055 483 1096 556 ab
1112 484 1203 571 urbe)
1218 486 1289 553 alia
1301 485 1399 552 adrer-

353 596 406 650 sus
429 573 541 650 urbem
565 574 667 659 ipsum
693 509 745 638 ni
756 571 885 638 Calidas
900 574 1011 658 Aquas
1035 571 1150 638 delatae
1170 585 1252 639 sunt.
1295 572 1400 638 Omnia

229 731 233 738 ,
352 662 387 726 in
402 675 575 745 conspectu
591 657 800 747 Karthaginis
813 671 914 726 crant.
936 659 1043 746 itaque
1063 680 1105 727 ax
1126 671 1194 727 tota
1214 659 1290 727 urbe
1310 659 1341 723 in
1360 657 1400 722 io·

190 759 335 806 Navesone·
353 769 426 814 rum
440 769 631 828 concursum
644 759 702 812 cst.
748 744 960 834 Magistratus
974 759 1117 812 scamma
1139 767 1264 824 vocare,
1277 743 1402 832 populus

190 824 348 951 33:¹22·
354 834 388 900 in
411 834 508 901 curiae
523 822 680 900 vestibulo
694 831 838 912 fremere,
853 844 1003 900 natanta
1018 854 1061 898 ex
1082 831 1196 911 oculis,
1206 833 1401 932 manibusque
1417 879 1418 884 κ

191 956 235 1002 n„
246 961 329 1020 ψ,
354 921 552 990 amitteretur
577 920 698 1006 praeda.
743 918 854 996 Quum
879 918 1008 1006 quidam
1033 919 1120 1004 pacis
1142 918 1261 1004 petitas,
1287 918 1338 984 alii
1359 940 1402 982 rn-

353 1008 521 1081 duciarum
551 1007 699 1093 (necdum
729 1006 813 1072 enim
839 1005 907 1070 dies
929 1005 1065 1087 exierat)
1085 1004 1182 1072 iidem
1197 1005 1403 1092 ‘obponerent

352 1095 513 1184 permixto
538 1117 620 1180 pene
641 1107 768 1160 senatus
792 1091 966 1179 populique
987 1091 1131 1171 concilio,
1149 1114 1334 1165 consensum
1354 1109 1403 1170 est,

354 1195 390 1248 ut
409 1182 508 1248 classe
518 1177 760 1280 ,quinquaginta
779 1179 909 1256 navium
927 1178 1115 1248 Hasdrubal
1130 1178 1334 1267 AEgimurum
1348 1191 1402 1244 tra-

349 1269 463 1355 jiceret
473 1295 491 1352 ι1
505 1268 580 1334 inde
594 1289 651 1352 per
666 1268 760 1332 lrtora
781 1279 953 1353 portusque
973 1265 1127 1351 dispersas
1143 1266 1306 1335 Romanam
1320 1287 1403 1330 naras

353 1355 438 1432 conii
462 1367 539 1420 eret.
583 1355 732 1420 Desertae
753 1351 830 1439 iuga
851 1364 1031 1430 nautarum,
1048 1351 1187 1438 primum
1208 1352 1252 1420 ab
1267 1351 1403 1441 AEgimu·
1481 1397 1482 1400 κ

352 1463 400 1520 ro,
423 1379 498 1508 ἀξίη
520 1440 562 1506 ab
577 1441 679 1526 Aquis
693 1439 848 1506 onerariae
869 1437 1100 1526 Karthaginem
1123 1440 1285 1526 puppibus
1306 1451 1403 1506 tracta

351 1541 436 1594 suni.

396 1614 513 1682 XXV.
536 1612 690 1690 Nondum
712 1605 911 1690 reuerterant
920 1612 962 1678 ab
979 1610 1084 1680 Roma
1098 1611 1204 1701 iegati,
1219 1635 1323 1700 neque
1336 1613 1402 1678 scie·

351 1702 459 1781 batur,
474 1721 547 1788 quae
562 1713 689 1778 sanatus
703 1699 840 1768 Romani
862 1699 902 1764 de
923 1697 1008 1764 bello
1028 1712 1085 1769 aut
1104 1701 1182 1784 pace
1196 1701 1350 1769 santamia
1362 1724 1402 1768 es·

352 1800 415 1864 set3
438 1787 575 1857 necdum
594 1785 793 1857 induciarum
808 1785 876 1852 dies
890 1786 1028 1859 exieram
1050 1807 1090 1851 aa
1103 1786 1317 1874 indigniorem
1332 1788 1403 1858 in'u·
1481 1835 1482 1840 η

207 1943 212 1950 ,
353 1874 432 1939 nam
459 1888 546 1941 ratus
574 1873 693 1962 Scipio,
717 1873 759 1939 ab
787 1873 838 1950 iis,
862 1873 919 1959 qui
944 1872 1106 1957 petiissent
1131 1895 1242 1958 pacem
1266 1888 1299 1942 et
1320 1812 1371 1942 ind

190 1986 275 2048 aegea
327 1979 330 1983 ·
355 1961 430 2040 cias,
445 1973 476 2029 et
490 1983 577 2048 spem
600 1961 687 2046 pacis
707 1972 741 2026 et
763 1959 860 2024 fidem
886 1958 1086 2036 induciarum
1108 1959 1258 2036 violatam
1280 1961 1403 2042 estale-

189 2053 283 2098 noma
302 2116 307 2128 ,
353 2062 444 2138 gatos
471 2047 714 2149 Karthaginem,
732 2045 787 2114 Li
802 2044 959 2123 Baebium
983 2045 1023 2112 L.
1039 2047 1199 2134 Sergium,
1222 2047 1265 2114 L.
1283 2047 1403 2119 Fabium

190 2117 321 2229 Ξζζζξξξ,
353 2135 513 2222 extemplo
537 2135 633 2202 misit.
670 2133 858 2221 quiquam
890 2132 1101 2207 multitudinis
1129 2155 1288 2208 concursu
1316 2157 1404 2220 prope

190 2261 264 2308 ,W
274 2248 325 2300 ,m
352 2223 462 2288 violati
477 2235 590 2300 essent,
607 2243 666 2286 nec
680 2219 819 2286 reditum
834 2219 982 2287 tutiorem
1003 2234 1171 2298 cernerent
1191 2219 1344 2299 futurum,
1357 2245 1404 2308 pa·

189 2313 239 2362 rut
273 2353 277 2358 -
352 2311 472 2376 tierunt
484 2333 505 2375 a
518 2307 768 2396 magistratibus,
782 2327 919 2394 quorum
940 2306 1066 2378 auxilio
1085 2306 1132 2372 ris
1153 2303 1317 2394 prohibita
1334 2321 1403 2390 urat,

335 2409 388 2462 ut
402 2419 498 2463 naves
517 2396 690 2472 mitterent,
707 2416 778 2478 quae
793 2417 826 2458 se
841 2401 1115 2479 prosequerentur.
1160 2394 1260 2468 Datne
1275 2396 1403 2464 triremes

351 2483 438 2561 duae,
454 2504 553 2567 quum
568 2482 609 2546 ad
626 2481 810 2570 Bagradam
829 2479 947 2559 flumen
969 2481 1196 2565 pervenissent,
1213 2482 1300 2558 unde
1313 2491 1403 2552 austra

353 2571 500 2637 Romanu
510 2569 796 2654 conspiciebantur,
810 2565 1042 2657 Karthaginem
1052 2567 1183 2641 redicre.
1215 2568 1335 2646 Classis
1345 2568 1402 2634 Pu·
1451 2591 1455 2600 ·

350 2657 424 2724 nica
437 2655 478 2720 ad
496 2656 623 2721 Uticam
644 2657 811 2730 stationem
827 2652 978 2728 habebat.
1000 2675 1042 2718 ex
1057 2675 1095 2719 ea
1110 2667 1172 2720 tres
1187 2655 1402 2741 quadriremes
1481 2645 1482 2722 Ϊ

351 2767 407 2808 seu
422 2741 503 2812 clam
519 2742 615 2809 misso
629 2765 649 2807 a
665 2740 863 2828 Karthagine
878 2740 1006 2816 nuncio,
1023 2740 1069 2806 uti
1084 2739 1183 2818 fieret,
1199 2765 1257 2811 seu
1270 2741 1402 2824 Hasdru·
1481 2797 1482 2824 ,

351 2829 432 2910 bale,
448 2830 503 2917 qui
518 2829 610 2898 classi
632 2839 780 2914 praerat,
796 2827 863 2908 sine
889 2827 1016 2912 publica
1039 2825 1151 2900 frauda
1176 2849 1258 2900 auso
1281 2829 1399 2905 facum

288 2945 291 2952 ·
351 2917 612 3003 quinqueremem
642 2917 822 2992 Romanam
836 2913 863 2954 ⁸⁹
871 2925 1073 2999 superantem
1095 2916 1401 3000 promontoriorum
1481 2937 1482 2940 ¹

352 3003 416 3075 alto
439 3015 569 3088 repente
591 3003 749 3090 adgressa
771 3011 854 3067 surrt.
877 2999 933 3067 sed
953 3022 1057 3088 neque
1078 3012 1183 3071 rostro
1197 2999 1401 3072 serireceleri-

247 3113 251 3126 ·
351 3102 416 3160 tata
424 3089 688 3158 subterlabentem
699 3093 912 3174 poterantne,
928 3111 968 3154 ue
976 3087 1402 3160 transilircarmatiexhumi·

350 3175 482 3246 liorihua
499 3174 532 3240 in
548 3175 691 3243 altiorem
713 3195 844 3240 navem:
867 3109 1143 3245 etdeiendamtur
1155 3175 1294 3264 egregie,
1309 3171 1400 3262 quoad

347 3263 415 3331 tela
440 3263 695 3348 suppeditarunt.
718 3259 831 3346 ”quis
857 3259 1090 3339 deficientibus,
1115 3281 1213 3344 quom
1234 3263 1304 3350 jam
1326 3259 1401 3331 nulla

349 3351 412 3416 alia
426 3373 476 3415 res
490 3371 572 3428 eam,
612 3370 683 3414 uam
701 3347 925 3434 propinquitas
945 3359 1050 3425 terrae,
1061 3346 1302 3435 ,multitudoque
1314 3371 1332 3414 a
1344 3367 1401 3415 cas·

351 3437 408 3515 tris
423 3438 455 3504 in
471 3437 546 3502 litus
561 3369 670 3514 alinae,
686 3434 767 3500 tueri
789 3434 959 3519 potuisset3
980 3433 1170 3502 concitatam
1192 3435 1297 3515 remia
1312 3453 1400 3524 quan·

763 3589 826 3638 ΕΜ.
839 3589 913 3638 Gron·
927 3591 996 3638 Grcr.

382 3747 413 3791 89
430 3741 588 3802 separantem
604 3738 807 3802 promontorium]
822 3741 864 3790 lu·
897 3741 1031 3800 mittamus,
1041 3739 1088 3788 niti
1099 3741 1162 3802 quod
1173 3739 1227 3788 lodo
1238 3739 1398 3802 eripotsimt,

348 3805 504 3863 talligendum
520 3812 566 3862 eat,
585 3813 611 3852 ut
631 3801 866 3866 constatexAppia·
897 3807 1020 3854 mallemus
1029 3815 1133 3868 potunt.
1167 3806 1229 3862 Quia
1243 3804 1398 3868 deficientibus,

348 3888 389 3923 no,
401 3869 520 3934 Apollinis
537 3872 736 3932 promontorium,
751 3873 814 3932 qnod
825 3867 875 3934 apl
892 3874 949 3935 jan
960 3873 1027 3920 culm
1038 3873 1089 3923 olio
1104 3887 1142 3920 rer
1158 3887 1220 3931 caut,
1232 3888 1302 3934 quma
1310 3869 1399 3932 propin·

348 3937 450 3999 pellatur
461 3937 486 3982 in
498 3952 517 3982 c.
530 3953 599 3998 prae.
700 3939 702 3946 ’
899 3939 1176 4002 ᾳνὶιαείεννωμτιισνὲ
1188 3945 1293 4000 pmerat.
1326 3933 1397 3982 cmi·

380 4009 412 4050 90
431 4001 492 4056 Quis
514 3999 684 4066 afficientibus,
708 4018 779 4066 quum
797 3999 866 4065 jam]
897 4003 1398 4069 tutameriimremic...interrnmqm

346 4071 401 4116 Put.
414 4071 439 4112 ct
449 4067 538 4118 Victor.
551 4068 642 4121 codices
656 4073 773 4130 respuunt
784 4085 864 4130 quoue.
898 4070 1059 4118 immisissent.
1092 4069 1170 4117 Enim
1187 4069 1343 4130 accipiendum
1357 4066 1396 4118 oh

346 4131 440 4180 Deinde
460 4131 522 4178 vict
543 4136 663 4179 concitato
688 4135 750 4182 enim
777 4138 865 4183 remis.-
898 4135 1075 4197 utplerumquc
1091 4134 1396 4198 pronunciatoreypiawmt

345 4201 400 4248 Put·
424 4201 569 4246 concitatam
597 4201 662 4246 enim
691 4198 769 4258 rancia
814 4201 865 4251 Nec
898 4201 1094 4262 quemadmodum
1116 4201 1164 4252 iere
1183 4199 1335 4260 restituamus,
1354 4205 1397 4242 ruo·

344 4268 473 4327 quidquam
496 4265 589 4310 videtur
608 4263 712 4322 obstaie,
737 4266 864 4325 quominus
899 4271 971 4314 nante
993 4267 1125 4324 Grannum,
1148 4265 1188 4317 tib.
1210 4263 1306 4322 xxni.
1323 4277 1344 4310 c.
1363 4264 1396 4308 to.

294 4381 295 4384 ,
343 4334 461 4397 integram
480 4331 565 4392 optimi
589 4330 642 4378 libri
666 4331 806 4393 scripturam
825 4331 864 4379 ad·
897 4331 975 4385 Enim
984 4333 1063 4386 ntirror
1073 4339 1157 4384 astrea.

1374 1898 1403 1941 u·
1481 1881 1482 1896 ,
