3036 4972
347 173 403 244 11³2
730 165 1009 244 T1T1L1v11
1070 183 1072 186 ·

184 355 319 420 nac-⁵³6·
345 353 413 412 tn'r'n
436 343 600 412 'traditim
637 343 830 410 consulibus.
875 343 1128 432 Quinqueremea
1161 341 1238 408 ⁸lad
1272 343 1402 408 nerium
1461 406 1463 411 .

185 425 216 472 Α·
226 423 253 470 ⁰⁶
265 423 321 470 ²¹⁶·
345 431 485 510 classem,
500 455 572 518 quae
587 452 660 495 curn
675 429 715 494 T.
729 431 869 496 Otacilio
881 443 1080 518 propraetore
1093 430 1118 472 ⁸⁵
1128 431 1161 495 in
1177 429 1285 494 Sicilia
1298 443 1405 510 erant,

184 519 484 668 gnuawpuinque
498 531 531 583 et
545 517 656 669 ἔίξείζιέἰ
665 517 1065 670 ιὲἀῗέἓὲαῇτέἐςῗὲιοᾚω
1078 529 1135 598 est,
1148 529 1196 595 nt,
1209 515 1270 581 aie
1283 517 1405 602 repub-

356 625 595 756 κειΧοὶῗὲῗῗῖθΙΠ.
625 647 761 755 ὐείθεῐιι
791 626 941 775 pertenui,
971 689 1113 756 consulas
1140 711 1259 774 paucos
1286 689 1405 757 moreti
1434 651 1443 662 ἱ
1505 669 1506 672 ¹

185 774 326 850 Mjutasju-
344 776 423 854 dies',
437 775 515 840 dum
529 776 605 841 s'ocii
619 775 660 840 ab
675 778 804 842 nomine
819 777 937 843 Latino
950 777 1103 842 venirent.
1142 775 1169 814 ⁸⁶
1178 775 1300 840 Milites
1315 787 1404 854 tuuc,

183 842 313 956 ξέαᾛῗὼ
344 864 429 949 quod
451 873 625 948 numquam
647 869 741 928 antea
761 861 879 928 factum
902 876 979 940 erit,
989 861 1253 948 jurejurandoab
1266 861 1405 926 tribunis

344 948 480 1014 militum
500 947 616 1027 ndacii,
632 949 716 1013 'ussu
742 949 905 1014 consulum
928 959 1148 1026 conventuros,
1164 970 1267 1035 neque
1281 948 1406 1034 injussu

335 1034 496 1100 abituros.
510 971 641 1099 remed
661 1057 730 1100 eam
745 1034 829 1100 diem
852 1035 934 1100 nihil
954 1047 1071 1120 preater
1091 1046 1320 1100 sacromentum
1334 1033 1406 1100 fue-

267 1179 270 1186 .
344 1133 411 1198 rat3
434 1134 476 1198 et,
499 1120 554 1185 ubi
577 1121 616 1184 ad
639 1119 833 1186 decuriatum
859 1135 915 1186 ent
940 1121 1151 1186 centuriatum
1173 1120 1403 1199 convenissent,

344 1231 402 1272 sun
415 1207 577 1272 voluntate
591 1207 649 1290 ipsi
668 1207 756 1271 inter
765 1230 797 1271 se
811 1208 931 1294 equites
945 1207 1107 1282 decuriati,
1124 1207 1292 1272 centuriati
1310 1208 1406 1290 pedi·
1505 1257 1506 1288 ,

344 1307 392 1358 tes
405 1293 623 1379 conjurabant,
638 1315 704 1357 sesa
718 1293 802 1380 lugae
816 1307 911 1380 atque
929 1293 1109 1358 formidinis
1122 1314 1202 1379 ergo
1217 1314 1281 1356 nou
1298 1293 1405 1358 abitu·

344 1402 408 1458 ros,
422 1401 526 1464 neque
539 1401 580 1442 ex
593 1378 705 1443 ordine
726 1401 915 1456 recessuros,
931 1379 991 1444 nisi
1005 1379 1088 1444 ⁸lteli
1108 1379 1262 1456 sumendi,
1278 1394 1406 1465 nut'pe-

345 1465 443 1542 tendi,
458 1477 490 1530 et
504 1465 591 1530 ⁸⁸aut
611 1463 711 1530 hostis
726 1463 871 1543 feriendi,
889 1479 944 1531 ant
966 1465 1043 1532 civis
1062 1465 1208 1530 servandi
1229 1487 1347 1530 caussa.
1370 1467 1406 1532 id

345 1574 388 1618 ex
408 1550 587 1618 voluntario
608 1552 701 1618 inter·
713 1550 798 1637 ipsos
818 1551 936 1618 foedare
949 1551 1001 1619 ⁸⁹s
1014 1552 1153 1618 tribunis
1167 1550 1210 1617 od
1230 1551 1405 1640 legitimam

377 1773 411 1821 Sir
426 1772 466 1820 Ad
476 1773 689 1844 antemnarum]
701 1773 806 1824 Videtur
816 1791 858 1824 ex·
889 1767 1017 1836 militibus,
1035 1781 1124 1838 proeter
1142 1778 1241 1824 solenne
1260 1777 1322 1824 illud
1340 1775 1408 1824 mili·
1505 1817 1506 1826 ,

343 1837 430 1887 cidisse
440 1841 571 1886 numeralis
585 1845 651 1894 nota,
663 1854 718 1900 quse
732 1841 857 1899 indicaret,
889 1843 931 1888 tim
944 1849 1133 1900 insumentum,
1137 1845 1207 1912 jem
1221 1841 1339 1888 minim
1353 1855 1407 1888 eorr-
1505 1883 1506 1902 Ξ

344 1903 659 1966 quotnaviumiliadessis
669 1911 740 1954 esset.
889 1911 1006 1965 mrem,
1023 1909 1205 1970 repertitium
1225 1907 1336 1954 adituros.
1355 1903 1406 1954 'At
1505 1919 1506 1962 ζ

376 1965 457 2014 8512:
478 1968 560 2015 Sicilia
585 1968 648 2031 erat]
680 1967 764 2030 Vulgo
784 1975 856 2018 mni.
888 1969 944 2030 ipsi,
959 1971 1001 2018 ubi
1017 1972 1110 2031 pedites
1128 1972 1154 2017 in
1170 1971 1299 2025 centurias,
1313 1972 1408 2030 equites
1505 1967 1506 2028 i

345 2031 393 2080 seo
408 2033 510 2078 verbum
527 2033 614 2079 melius
633 2032 736 2080 refertur
751 2035 783 2080 ad
801 2035 859 2082 ciar-
890 2035 916 2082 in
933 2035 1041 2082 decurias
1058 2036 1162 2082 ordinrti
1180 2037 1286 2089 fuerant,
1302 2047 1347 2082 sna
1365 2050 1409 2082 vo·

343 2108 399 2144 um.
433 2096 466 2144 Et
481 2095 507 2144 ri
520 2101 570 2144 erat
585 2098 701 2144 exhibent
710 2098 819 2146 Andreas
834 2106 859 2147 et
891 2100 984 2146 luntate
1001 2101 1065 2146 inter
1080 2113 1108 2146 se
1122 2097 1285 2162 jurationis
1300 2099 1367 2160 iugis
1383 2106 1410 2146 et
1505 2127 1506 2150 r

345 2161 529 2222 cnmprnunet
544 2164 593 2209 duo
606 2161 677 2210 MSS.
690 2163 859 2219 Herminius
891 2164 1027 2213 formidinis
1056 2177 1113 2224 ergo
1142 2179 1191 2212 non
1221 2165 1337 2220 abitritos,
1361 2163 1409 2214 ire.

344 2226 465 2273 enostris.
815 2233 817 2236 ’
892 2227 947 2274 Hoc
957 2229 1032 2292 igitur
1047 2229 1108 2276 illud
1118 2235 1155 2276 eet
1165 2225 1348 2290 jusjurandum,
1359 2243 1409 2285 nuo
1505 2229 1506 2278 l

376 2290 409 2338 86
424 2289 518 2338 Milites
536 2287 601 2354 tuae]
628 2290 707 2337 Locus
725 2291 858 2340 intricatus.
892 2305 957 2338 nunc
971 2293 1079 2352 primum
1093 2307 1107 2339 a
1121 2293 1224 2346 tribunis
1238 2293 1345 2339 militum
1357 2293 1410 2339 rdi-
1505 2285 1506 2338 l

239 2403 243 2412 .
343 2355 425 2404 Primo
441 2356 506 2402 enim
523 2362 701 2406 ammentum
720 2355 780 2403 illud
790 2359 860 2418 jussu
891 2364 997 2416 guntur:
1015 2369 1092 2416 quum
1110 2363 1183 2404 antea
1200 2359 1341 2403 inmmerito
1356 2361 1411 2404 turr-
1505 2369 1506 2422 j

323 2437 328 2462 ·,
345 2419 467 2482 torrendum¹
490 2424 645 2476 mimium,
671 2432 743 2480 rupee
770 2422 860 2482 tharm
892 2420 1107 2481 tummodo,prisco
1122 2421 1164 2469 illo
1179 2428 1204 2468 st
1220 2421 1349 2478 solennia
1365 2424 1411 2470 tri·
1505 2423 1506 2486 J

342 2485 454 2540 odituros,
478 2482 675 2544 antiquissimum
699 2490 744 2540 est,
769 2486 860 2532 nedum
883 2486 960 2532 'inuis
988 2490 1137 2546 rogarentur,
1162 2491 1191 2532 ut
1216 2487 1250 2532 nit
1276 2486 1410 2533 Frontinus
1505 2493 1506 2500 ’

343 2551 417 2596 hocce
448 2547 557 2606 primum
586 2555 694 2608 tempore
720 2549 860 2596 institutum
893 2551 1029 2609 stretleg-l.
1050 2549 1097 2597 IV.
1120 2564 1142 2599 c.
1161 2550 1184 2599 1.
1209 2550 1324 2597 Ceterum
1342 2553 1411 2611 quod
1505 2565 1506 2568 ’

344 2614 391 2667 sit3
408 2607 509 2672 ejusque
519 2617 599 2658 emtat
613 2613 719 2660 formula
733 2614 861 2673 ipsissimis
892 2613 1043 2674 suspicamur
1059 2615 1100 2661 hic
1116 2615 1293 2662 luxamm‘eese
1302 2615 1411 2664 duorum

343 2678 383 2724 iris
404 2675 482 2722 verbis
501 2683 616 2736 concepta
633 2677 650 2722 1.
670 2677 718 2724 111.
735 2687 817 2737 supra,
837 2691 860 2725 c.
891 2678 1007 2724 orationis
1027 2681 1193 2728 membrormn
1214 2679 1325 2726 ordinem
1345 2681 1413 2728 inter

344 2742 385 2790 20.
401 2739 513 2788 Secundo
523 2751 573 2786 non
589 2740 736 2801 intelligitur
744 2743 802 2803 quid
815 2741 861 2788 sibi
893 2757 927 2800 se,
938 2742 964 2788 id
974 2743 1065 2789 mirum
1076 2743 1106 2790 iis
1117 2758 1165 2790 non
1176 2744 1269 2790 accidet
1279 2744 1322 2803 qui
1331 2745 1411 2791 scient
1505 2781 1506 2784 ,

345 2805 422 2852 velint
437 2804 489 2850 hec
505 2805 591 2850 verba:
615 2819 671 2850 nam
687 2803 718 2850 ad
735 2819 787 2852 eam
800 2807 861 2852 diem
892 2803 1031 2868 hujusmodi
1042 2808 1234 2867 depravationes,
1246 2809 1272 2854 et
1286 2809 1412 2868 graviores
1505 2807 1506 2864 ξ

345 2868 751 2931 niiproetersacrrmmtumsucret.
779 2868 861 2923 Quod·
892 2871 976 2924 etiam,
991 2871 1019 2922 iu
1035 2871 1200 2931 compluribus
1218 2872 1323 2931 scriptis,
1338 2879 1364 2918 et
1383 2874 1411 2919 iu

344 2945 403 2980 nam
422 2933 468 2980 erit
486 2933 533 2978 lroc
549 2940 738 2994 sacramentum,
751 2935 782 2981 ab
799 2934 862 2981 anti·
892 2935 984 2995 optimo
1005 2949 1101 2996 quoque
1119 2937 1162 2984 illo
1182 2936 1323 2994 Putesnreo,
1339 2950 1412 2998 repe-
1505 2983 1506 2992 ,

345 3011 394 3058 qua
404 2997 447 3042 illa
462 2997 567 3042 formula
580 2998 723 3048 diversum?
740 2999 860 3060 Denique,
892 2999 949 3046 riri:
961 3013 987 3046 v.
996 3014 1020 3061 g.
1031 3007 1109 3046 totam
1122 3000 1277 3048 Sucronensis
1285 3002 1412 3050 seditionis
1505 3033 1506 3060 4

344 3074 422 3122 quum
448 3061 527 3120 primo
549 3061 660 3109 dicnntm
682 3064 772 3110 milites
794 3059 862 3124 jure·
894 3065 1056 3111 narrationem
1069 3070 1094 3110 et
1112 3065 1218 3124 plurima
1233 3079 1289 3126 qum
1305 3079 1414 3126 sequun·
1505 3079 1506 3102 ³

340 3122 449 3187 jurando
469 3126 500 3172 ab
522 3125 625 3172 tribunis
646 3126 753 3176 militum
772 3129 860 3184 macti,
893 3127 1176 3184 sur.exxvl11.1iuro
1188 3131 1214 3176 in
1226 3127 1328 3176 xx1x,
1344 3131 1413 3178 male
1505 3151 1506 3156 ¹

337 3191 409 3252 jussa
427 3190 546 3237 ommium
564 3194 721 3248 eonnenteroa
736 3205 809 3252 aspin
825 3193 873 3238 in·=
892 3193 1016 3240 translata.
1505 3229 1506 3254 ,

337 3255 409 3317 imru
424 3253 544 3308 obdures,-
561 3261 653 3314 postea,
671 3257 713 3303 ubi
730 3269 769 3304 res
786 3256 861 3316 expli·
925 3256 957 3304 8⁷
977 3256 1142 3306 Teiirunoendi
1152 3262 1194 3306 aut
1204 3256 1310 3321 ymnis]
1326 3258 1411 3313 Quod-
1505 3259 1506 3290 ³

344 3323 422 3375 eatur,
434 3320 500 3366 aliud
512 3313 686 3380 jusjurandum
697 3321 754 3368 huic
764 3317 861 3382 subjici·
894 3317 951 3368 na‘m
962 3323 1026 3369 inter
1040 3324 1093 3371 hoec
1104 3324 1152 3369 duo
1163 3323 1292 3384 discrimen
1303 3323 1345 3381 sit,
1357 3325 1413 3383 pia·

345 3387 396 3442 tor,
417 3397 504 3444 nempe
517 3381 590 3444 sngoe
609 3387 632 3429 et
646 3384 787 3447 femininis
807 3395 862 3444 ergo
894 3399 924 3432 ne
941 3399 985 3434 nos
1001 3387 1071 3448 fugit.
1105 3387 1257 3446 Legemusne
1275 3385 1412 3449 apamiis

343 3448 510 3504 maiituror,
522 3445 564 3512 dc.
598 3447 645 3494 His
656 3455 692 3496 tot
700 3450 863 3498 incommodis
893 3463 981 3511 nempe
997 3465 1028 3498 ex
1046 3451 1153 3498 hostium
1170 3452 1231 3507 acie,
1245 3453 1266 3497 si
1281 3453 1308 3498 in
1325 3465 1413 3499 eorum
1505 3505 1506 3510 ,

281 3535 285 3546 ·
344 3511 456 3578 videmur
473 3512 566 3559 mederi
580 3525 659 3572 posse,
670 3516 691 3562 si
708 3516 780 3562 ambs
798 3515 862 3560 male
894 3520 1038 3574 potestatem
1060 3516 1161 3571 venerit,
1181 3518 1203 3562 ai
1224 3517 1305 3577 gladio
1325 3517 1415 3570 militia

344 3574 446 3639 nsjecti
466 3577 492 3622 in
514 3589 588 3623 suum
610 3580 805 3626 revocaverimus
826 3579 861 3624 lo·
893 3579 1007 3639 Romani,
1028 3586 1073 3627 rut
1097 3581 1156 3640 pilo,
1178 3587 1222 3629 aut
1246 3581 1317 3626 hasta
1340 3581 1416 3640 potiti
1505 3629 1506 3640 γ

319 3685 323 3690 .
344 3654 411 3697 cum,
431 3643 477 3690 hoc
496 3643 577 3689 modo.
609 3640 705 3690 Milites
723 3647 786 3698 tnnc,
803 3641 862 3702 quod
894 3644 943 3690 sint
964 3644 1053 3691 hostes.
1085 3646 1125 3692 An
1144 3645 1321 3706 suspicabimur
1341 3659 1415 3692 voces

343 3719 462 3766 annornm
488 3709 555 3752 actea
571 3703 666 3768 foetum
681 3706 777 3768 suerat,
794 3708 863 3768 jure·
893 3707 1000 3754 moedi
1014 3713 1138 3771 ast,quas
1155 3710 1251 3771 ignorat
1268 3707 1414 3768 Frontinus,
1505 3721 1506 3726 ¹

337 3770 443 3834 jurando
467 3771 495 3818 ai
523 3769 625 3816 irrisui:
650 3771 752 3818 militm
779 3770 862 3818 adacti·
894 3772 1069 3833 morimessei
1505 3821 1506 3826 ,

344 3835 415 3882 Nem
433 3833 464 3883 at
482 3847 533 3881 eam
552 3833 613 3880 diem
631 3835 667 3880 nii
682 3838 770 3896 proeur
785 3847 863 3882 sacro·
926 3835 958 3884 88
974 3836 1026 3884 Aut
1035 3834 1261 3900 ioetffl‘Putliber
1271 3839 1365 3886 auctior
1375 3845 1415 3886 est
1505 3833 1506 3842 ’

343 3902 447 3948 nuatum
465 3899 560 3962 fieret,
574 3901 646 3958 jum
670 3899 789 3947 emnium
810 3911 863 3946 oon·
895 3914 945 3948 une
956 3903 1050 3961 vocula,
1060 3908 1083 3950 et
1093 3906 1135 3950 out
1143 3903 1231 3951 Μαίη
1247 3905 1316 3950 bene·
1505 3953 1506 3964 ,

344 3968 460 4018 venturos,
479 3976 551 4022 neque
570 3963 660 4024 injuria
679 3964 788 4012 abituros.
819 3963 863 4019 Et,
927 3964 1354 4030 89'Adtriturroietirdlegitimm]
1372 3967 1414 4015 Sic
1505 4025 1506 4030 ¹

345 4028 397 4074 sive
408 4027 497 4086 potins,
509 4027 544 4072 At
555 4027 594 4072 uti
608 4027 638 4074 od
653 4028 807 4085 deminution,
818 4029 863 4078 &c-
895 4030 966 4090 plane
982 4031 1055 4077 hebet
1069 4044 1133 4078 unus
1148 4034 1225 4080 codex
1237 4033 1361 4080 Gronovlo
1376 4033 1416 4080 iu·
1505 4031 1506 4034 ’

345 4092 406 4142 Vult
416 4091 491 4150 igitur
502 4090 587 4137 Livius
603 4098 657 4138 tum
674 4094 783 4153 primum
799 4095 864 4141 mili·
895 4100 1001 4154 speetrm
1022 4094 1056 4142 Et
1066 4109 1151 4144 omues
1162 4099 1238 4144 nostri
1248 4098 1416 4154 comminuat,

346 4162 383 4202 tes
410 4168 425 4201 a
453 4155 556 4201 tribunis
579 4151 738 4218 jurejurando
759 4160 863 4217 mastos
896 4159 943 4206 nisi
953 4160 1279 4221 quodcarentpartieulact.
1307 4163 1417 4223 Vulgata
1505 4163 1506 4168 ’

347 4219 418 4274 Quod
428 4220 595 4296 autemfuerit
611 4221 672 4270 illud
681 4217 863 4284 jusjurandum,
896 4223 976 4280 lectio,
988 4237 1003 4268 a
1018 4225 1117 4272 tribunis
1131 4223 1162 4270 ad
1176 4225 1316 4288 legitimum,
1331 4227 1415 4274 minus
1505 4229 1506 4240 ¹

346 4284 410 4330 inira
428 4291 568 4344 exponitur,
596 4287 661 4333 Nam
672 4288 703 4333 ad
722 4301 777 4334 eam
788 4288 863 4342 diem,
896 4288 1137 4349 elegantuohisvisa
1147 4295 1191 4336 est.

347 4348 437 4410 inquit,
460 4350 494 4396 nil
520 4351 609 4407 iuerat,
632 4351 666 4397 nil
688 4351 864 4412 exigebaturr
