3064 4976
514 863 791 952 EPITOME
815 863 990 950 LIBRI
1015 863 1138 960 XIX.

298 1103 540 1199 CAEGILIUS
553 1115 709 1197 Metellus,
724 1115 811 1182 rebus
831 1119 1103 1184 aduersusPoenos
1120 1138 1269 1202 prospere
1288 1141 1362 1205 ges-e

294 1205 518 1293 tis,specioeum
533 1206 596 1292 egit
607 1206 800 1288 triumphum,
813 1205 954 1270 tredecim
967 1206 1090 1270 ducibus
1103 1205 1232 1271 hostium
1247 1216 1276 1270 et
1290 1229 1360 1270 cen-

294 1302 357 1358 tum
372 1293 486 1380 uiginti
499 1293 669 1376 elephantis
684 1287 718 1354 in
732 1312 768 1354 eo
782 1291 888 1356 ductis.
935 1293 1083 1356 Claudius
1099 1293 1232 1355 Pulcher
1244 1296 1360 1371 consul,

294 1389 402 1443 contro
417 1381 557 1464 auspicio
573 1378 739 1464 prrffectus
762 1376 842 1441 ‘ussis
859 1379 957 1463 mergi
968 1380 1077 1460 pullis,
1093 1379 1148 1463 qui
1160 1377 1262 1442 cibari
1274 1382 1358 1443 nole·

294 1463 379 1542 bant,
396 1467 563 1550 iry‘eliciter
577 1465 720 1528 adversus
734 1399 1011 1548 llartlragiuiemses
1024 1467 1119 1529 classe
1127 1467 1300 1549 pugnavit·
1318 1476 1358 1543 et,

293 1563 451 1617 reuocatus
459 1575 479 1616 a
487 1549 769 1636 senatuujussusquc
779 1552 957 1614 dictatorem
967 1553 1078 1628 dicere,
1091 1549 1272 1616 ¹Cla'udium
1284 1551 1357 1617 Gli·

293 1639 383 1726 ciam¹
395 1639 487 1717 dicit,
505 1639 598 1704 sortis
618 1637 732 1700 ultima
753 1638 918 1700 hominem:
947 1639 1010 1722 qui,
1027 1648 1147 1702 coactus
1167 1637 1313 1703 abdicare
1326 1663 1359 1704 sc

293 1727 492 1810 magistratu,
497 1727 605 1808 postea
614 1725 707 1788 ludos
708 1732 914 1806 praeteatotus
922 1726 1083 1807 spectavit.
1106 1724 1223 1789 Atilius
1236 1727 1359 1791 Calati-

292 1833 350 1878 nus
358 1813 479 1895 primus
494 1813 628 1876 dictator
642 1819 730 1874 entra
745 1809 874 1876 Italiam
886 1811 1049 1874 coercitum
1064 1812 1163 1876 duait.
1192 1812 1266 1876 Cum
1280 1813 1357 1878 Pec-

292 1900 343 1962 uis
356 1899 544 1981 captiuorum
558 1897 750 1962 commutatio
758 1895 857 1980 saeta
879 1905 933 1962 est.
980 1898 1118 1962 Coloniae
1138 1898 1274 1962 deducte
1287 1909 1359 1964 sunt

292 1982 472 2068 'Fregcnm
485 1987 519 2049 iu
531 2005 608 2068 agro
617 1983 790 2047 Sallentino
799 1983 1018 2048 Brundmium.
1037 1985 1183 2048 Lustrum
1193 2005 1214 2046 a
1225 1988 1358 2049 censori-

292 2071 345 2156 bus
356 2074 508 2136 conditum
519 2080 573 2136 est.
588 2090 677 2134 censa
690 2077 761 2133 sunt
771 2070 881 2132 ciuium
892 2071 999 2152 capita
1010 2072 1139 2134 ducenta
1149 2071 1357 2154 quinquagin-

291 2169 326 2222 ta
341 2178 431 2246 uuum
446 2153 556 2234 millia,
573 2155 701 2220 ducenta
716 2155 831 2239 uiginti
844 2158 913 2220 duo.
945 2157 1091 2234 Claudio,
1107 2177 1195 2220 soror
1207 2159 1249 2223 P.
1262 2159 1357 2223 Clam

291 2246 350 2324 dii,
362 2247 425 2330 qui,
435 2244 590 2308 contemtis
600 2243 758 2326 auspiciis,
771 2243 850 2306 mole
856 2253 1059 2326 pugnaverat,
1069 2266 1090 2307 a
1101 2244 1183 2308 ludis
1193 2254 1355 2324 revertens,

291 2353 380 2415 quum
399 2331 490 2395 turba
506 2339 707 2414 premeretur,
723 2330 822 2392 diuit:
847 2329 978 2392 Utinam
1000 2327 1096 2394 frater
1117 2351 1206 2393 meus
1227 2331 1363 2410 viverem

291 2418 469 2504 iterumque
488 2415 615 2481 classem
637 2411 783 2479 duceretl
809 2415 845 2478 ob
866 2438 932 2479 eom
953 2437 1088 2481 caussam
1110 2417 1206 2480 multu
1227 2419 1258 2481 ei
1272 2420 1356 2482 dicta

289 2514 344 2584 cst.
383 2506 458 2590 Duo
468 2514 618 2587 praetores
632 2512 693 2566 tum
703 2503 840 2584 primum-
854 2504 954 2566 creati
966 2513 1046 2569 sunt.
1086 2504 1227 2569 Caecilius
1241 2503 1356 2569 Metel·

290 2593 338 2656 lus
354 2591 500 2676 paulisco
513 2589 662 2672 mocimus
677 2587 717 2652 A.
732 2589 921 2652 Postumium
940 2593 1098 2667 consulem,
1113 2593 1256 2676 quoniam
1277 2593 1356 2658 idem

290 2687 321 2741 et
321 2678 445 2765 flamen
456 2676 622 2740 Martialis
636 2684 716 2755 erat,
728 2695 816 2758 quum
829 2675 856 2737 is
867 2677 911 2737 ad
920 2675 1028 2737 bellum
1038 2680 1204 2761 gerendum
1212 2679 1355 2763 proficis·

289 2765 320 2827 ci
334 2764 433 2842 uellet,
447 2765 481 2826 im
495 2763 568 2827 urbe
579 2763 687 2837 tenuit,
700 2783 754 2823 nec
762 2781 873 2842 passus
883 2771 928 2823 est
938 2783 959 2822 a
973 2764 1072 2827 sacris
1085 2765 1230 2826 recedere.
1252 2765 1356 2829 Rebus

282 2851 433 2936 ‘adversus
447 2845 560 2914 Poenos
580 2871 600 2911 a
618 2848 761 2930 pluribus
783 2846 906 2910 ducibus
924 2868 1075 2930 prospere
1091 2850 1196 2932 gestis,
1211 2871 1354 2914 summam

289 2937 427 3002 oictoriae
437 2937 471 3001 0.
481 2937 630 3000 Lutatius
638 2935 750 3009 consul,
760 2935 841 2997 uicta
851 2935 897 2995 ¹ad
904 2933 1040 3016 AEgates
1052 2935 1168 2998 insulas
1175 2935 1269 2999 clossc
1279 2937 1354 3000 Poe·

289 3044 409 3103 utonem,
425 3022 571 3106 inposuit.
611 3019 790 3086 Petentibus
805 3019 1117 3103 Karthaginiensibus
1125 3041 1196 3102 pon
1209 3022 1286 3086 data
1301 3033 1355 3088 est.

292 3111 392 3186 Qum
406 3111 547 3193 templum
564 3107 595 3172 V
590 3117 662 3172 cstae
675 3108 809 3182 arderet,
825 3107 967 3170 Cacilius
979 3106 1123 3171 Metellus
1130 3109 1277 3193 pontefex
1289 3131 1355 3173 ma-

288 3200 388 3262 mimus
402 3218 441 3260 ec
455 3196 595 3260 incendio
608 3216 698 3258 sacra
712 3194 831 3274 rapuit.
854 3194 938 3255 Duce
947 3192 1046 3258 tribus
1059 3192 1187 3277 adiectae
1199 3205 1279 3270 sunt,
1296 3195 1354 3260 Ve-

289 3285 358 3349 lina
372 3292 403 3347 ct
416 3281 564 3359 Qirina.
586 3280 705 3346 Falisci
719 3299 807 3363 quum
821 3277 1025 3357 rebellassent,
1040 3289 1125 3344 secto
1138 3281 1190 3344 die
1197 3283 1355 3365 perdomi-

288 3373 326 3447 ti,
343 3372 377 3434 iu
392 3369 576 3434 deditionem
589 3375 744 3432 oenount.
848 3433 850 3442 ,

323 3575 335 3622 1
356 3577 479 3625 Claudium
500 3578 614 3642 Gliciam]
636 3579 711 3626 Hunc
730 3579 805 3626 dicta·
834 3579 909 3640 gella.
942 3579 976 3626 Et
992 3593 1049 3628 vero
1062 3580 1184 3641 Fregellas
1199 3580 1293 3640 pridem
1310 3581 1352 3627 de·

287 3647 367 3687 torem
378 3641 412 3689 sle
424 3649 511 3689 vocent
525 3657 647 3690 marmora
659 3641 804 3703 Capitoline.
837 3647 911 3692 ducta
924 3646 1019 3692 colonie
1034 3645 1123 3710 luerat,
1135 3651 1198 3692 teste
1209 3645 1261 3706 ipso
1272 3643 1357 3700 Livio,

289 3705 423 3755 Hicolim=
443 3707 470 3755 C·
484 3707 615 3755 Glauciam.
837 3708 912 3757 Vlll.
927 3709 967 3757 22.
993 3711 1109 3771 Fregenae
1125 3718 1183 3758 sunt
1202 3711 1227 3758 in
1244 3709 1353 3768 Etruria,

321 3769 336 3816 2
352 3770 478 3834 Fregena]
499 3772 537 3818 Sic
553 3773 639 3820 hebuit
655 3777 726 3818 vetus
744 3773 805 3820 liber
837 3773 951 3835 Fregellae
961 3775 988 3822 in
999 3775 1080 3824 Latio.

288 3833 390 3895 sigonii,
407 3849 465 3891 non,
485 3839 606 3897 quomodo
627 3836 727 3898 vulgati,
743 3837 804 3884 Frc-
