3140 4972
549 599 610 701 r.
659 567 864 700 mvn
912 533 1301 700 paramur

593 805 613 880 s
708 830 912 920 musis
948 833 1112 918 xxm.

813 1073 1007 1124 *⁸*-

219 1269 357 1384 pgffl
383 1239 459 1323 UT
472 1277 514 1321 ex
532 1253 708 1340 Campania
723 1256 755 1320 in
774 1257 917 1323 Bruttios
938 1257 1074 1322 reditum
1095 1268 1151 1335 est,
1169 1255 1302 1335 Hanno,
1319 1256 1446 1345 adjuto-

281 1369 289 1386 ·
382 1341 471 1406 ribus
505 1342 665 1406 tducibus
712 1365 727 1405 r
777 1343 814 1406 iis
877 1366 892 1406 r
1011 1365 1026 1406 r
1211 1344 1218 1359 '
1373 1344 1405 1360 ”

219 1399 357 1526 ffifff'
382 1427 415 1490 in
438 1366 587 1494 soceietate
608 1343 776 1496 msnbblletst
789 1343 1309 1517 Rbgaffgabdodesssrbetbigsvjtngs
1320 1342 1447 1496 feltcbhd:

220 1529 329 1576 nrutoos
381 1528 465 1591 rent,
488 1531 518 1581 et
541 1515 733 1594 metuebant,
756 1515 1067 1604 Karthaginiensium
1091 1517 1189 1601 partis
1214 1516 1313 1581 sectos
1332 1539 1446 1584 cernes

217 1600 301 1705 {2²²5
382 1599 469 1665 bunt.
515 1601 675 1690 Rhegium
697 1603 835 1688 primum
859 1615 1012 1668 tentatum
1038 1615 1093 1680 est,
1109 1603 1239 1690 diesque
1259 1601 1379 1690 aliquot
1399 1604 1447 1668 ibi

217 1669 373 1770 cuffin-
382 1689 595 1775 nequidquam
610 1687 758 1754 absumti.
801 1690 955 1754 ¹lnterim
972 1690 1149 1754 Locrenses
1161 1690 1368 1767 frumentum,
1382 1689 1447 1779 lig·

219 1792 308 1834 uum.
382 1795 496 1862 nsque,
513 1788 545 1840 et
560 1787 664 1840 cetera
677 1777 850 1840 necessaria
863 1774 972 1842 usibus
986 1797 1026 1840 ex
1042 1777 1126 1862 egris
1140 1779 1173 1840 in
1183 1777 1300 1841 urbem
1320 1798 1446 1862 rupere,

381 1862 478 1926 etiam
500 1862 636 1950 nequid
660 1862 805 1950 relictum
826 1862 947 1949 praedae
972 1861 1116 1926 hostibus
1141 1876 1236 1928 esset:
1267 1874 1300 1928 et
1320 1863 1354 1926 in
1377 1863 1447 1930 dies

382 1949 485 2035 major
505 1949 651 2014 omnibus
673 1949 774 2033 portis
797 1950 966 2016 multitudo
980 1948 1111 2014 effimdi.
1133 1963 1295 2035 postremo
1309 1951 1331 2014 ii
1347 1952 1447 2016 modo

382 2034 484 2100 relicti
498 2035 530 2100 in
549 2037 626 2100 urbe
636 2047 735 2114 erant,
752 2037 807 2122 qui
822 2035 952 2100 relicere
966 2057 1074 2100 muros
1088 2057 1125 2101 uc
1140 2047 1256 2125 portas,
1273 2035 1399 2124 telaque
1412 2040 1448 2103 in

380 2122 623 2211 propugnacula
643 2144 814 2210 congerere
836 2122 1040 2210 cogebantur.
1084 2122 1123 2187 In
1138 2125 1327 2208 permixtam
1341 2126 1447 2189 omni-

382 2231 437 2274 um
470 2210 613 2274 aetatium
643 2209 855 2296 ordinumque
883 2208 1129 2286 multitudinem,
1153 2222 1184 2272 et
1213 2213 1380 2298 vagantem
1411 2212 1446 2275 iit

381 2297 467 2385 agris
489 2317 607 2383 magna
628 2317 667 2360 ex
690 2309 780 2380 parte
803 2297 965 2373 inermem,
987 2294 1155 2360 Hamilcar
1177 2295 1296 2362 Poenus
1325 2298 1448 2447 equites

381 2383 500 2458 enrisit3
524 2382 590 2469 qui,
614 2382 733 2446 violare
754 2403 944 2470 quemquam
967 2383 1065 2459 vetiti,
1089 2395 1223 2460 tanturn,
1241 2395 1276 2448 ut
1297 2384 1447 2450 excude-

381 2481 453 2534 rent
475 2469 514 2532 ub
536 2469 616 2533 urbe
636 2468 713 2557 lugu
733 2469 909 2555 dissipatos,
925 2483 1045 2534 turmas
1065 2467 1219 2555 objecere.
1261 2470 1342 2535 Dux
1365 2471 1445 2556 ipse,

381 2553 453 2620 loco
471 2557 634 2638 superiore
655 2568 759 2640 capto,
775 2555 861 2620 unde
883 2577 975 2644 agros
994 2557 1169 2642 urbemque
1189 2571 1295 2640 posset
1318 2561 1447 2643 conspi-

382 2663 464 2720 cere,
497 2639 697 2706 Bruttiorum
727 2642 891 2707 cohortem
922 2643 1010 2708 odire
1038 2663 1159 2718 murce,
1189 2655 1284 2730 utque
1312 2663 1448 2710 evocare

382 2727 542 2829 principes
558 2727 767 2794 Locrensium
794 2729 834 2793 ad
859 2728 1063 2814 conloquium
1082 2729 1187 2816 jussit,
1202 2741 1244 2807 et,
1260 2729 1448 2813 pollicentes

382 2815 553 2880 smiciuam
592 2814 795 2892 Hannibalis,
826 2813 989 2880 adhortari
1025 2814 1067 2880 ad
1100 2815 1211 2878 urbem
1246 2815 1447 2883 trudendam.

383 2901 520 2968 Bruttiis
535 2903 568 2965 in
583 2901 754 3003 conloquio
766 2901 884 2966 nullius
898 2903 944 2966 rei
965 2903 1071 2987 primo
1085 2901 1163 2966 fides
1177 2913 1252 2966 estc
1277 2902 1391 2967 deinde
1410 2917 1447 2969 ut

384 2989 508 3054 Poenus
522 2988 671 3092 adparuit
685 3011 718 3052 ιιι
733 2988 876 3065 collibus,
893 3001 924 3053 et
938 2987 1128 3076 refugientes
1148 2989 1243 3072 pauci
1263 2988 1355 3052 aliam
1376 3011 1447 3054 om-

382 3095 458 3142 nem
483 3074 719 3141 multitudinem
746 3076 781 3140 in
804 3088 959 3162 potestate
981 3074 1119 3139 hostium
1143 3097 1210 3138 esse
1238 3073 1446 3153 adserebant3

383 3175 464 3243 tunr,
479 3177 566 3226 metu
584 3163 668 3241 victi,
685 3162 886 3228 consulturos
901 3184 933 3227 se
947 3160 1101 3247 populum
1125 3161 1366 3261 responderunt.
1390 3163 1448 3227 nd-

383 3260 556 3336 vocataque
578 3249 736 3334 externplo
758 3249 920 3336 concione,
942 3269 1041 3334 quum
1064 3259 1095 3312 et
1117 3247 1294 3312 levissimus
1315 3249 1450 3336 quisque

382 3357 481 3404 noves
497 3358 547 3400 res
563 3359 740 3423 novamque
756 3336 935 3401 societatem
952 3334 1092 3412 mallent,
1104 3345 1145 3412 et,
1162 3343 1297 3422 quo'rum
1313 3337 1449 3420 propin·
1551 3369 1552 3404 ι

409 3422 440 3488 ui
455 3435 545 3489 extra
562 3423 672 3488 urbem
681 3423 843 3495 interclusi
858 3425 898 3486 ub
913 3421 1056 3486 hostibus
1070 3432 1172 3502 erant,
1187 3420 1272 3487 uelut
1287 3421 1450 3486 obsidibus
1509 3499 1511 3504 ι
1550 3477 1551 3505 ᾖ

383 3447 477 3589 detis,
492 3510 696 3597 'pigneratos
719 3508 872 3590 haberent
891 3510 1024 3584 animos,
1037 3506 1134 3592 pauci
1148 3507 1250 3596 magis
1264 3507 1350 3572 taciti
1371 3530 1449 3593 pro-

383 3595 497 3692 barent
511 3599 708 3690 constantem
731 3595 836 3673 iidem,
853 3615 948 3682 quam
974 3594 1144 3679 probatam
1166 3593 1249 3660 tueri
1273 3593 1450 3674 auderent;

777 3755 832 3800 ²ert
845 3753 892 3800 del.
904 3752 978 3799 Gron.
989 3750 1059 3800 Creu.

420 3907 552 3954 [Interim
569 3902 707 3968 torrem]
733 3905 807 3952 Libro
829 3917 901 3965 supe·
932 3906 1035 3950 eventus
1049 3900 1164 3948 describit
1179 3899 1275 3955 Livius,
1286 3900 1318 3948 sb
1328 3899 1454 3948 Annibale

385 3971 457 4026 tiore,
468 3983 490 4019 c.
501 3971 540 4018 30.
559 3969 690 4017 locrenses
705 3970 833 4018 descivisse
848 3983 900 4017 me-
932 3967 1048 4014 remissus
1060 3965 1150 4013 dicitur
1165 3966 1196 4012 ab
1211 3965 1274 4012 Nola
1290 3965 1316 4010 in
1333 3965 1454 4010 Bruttios.

384 4033 554 4081 moranturnd
565 4033 825 4095 Bruttios'Poenosque,
836 4048 900 4081 enno
935 4030 996 4078 llrec
1014 4030 1078 4077 inter
1094 4042 1120 4076 se
1138 4043 1247 4091 pugnare
1266 4029 1343 4076 cuivis
1364 4035 1452 4089 patet:

385 4102 438 4160 ipso
457 4097 591 4144 Cannensis
604 4097 688 4153 cladis,
704 4105 835 4159 antequem
846 4101 899 4145 'lin
932 4095 1005 4155 idque
1016 4094 1109 4154 pridem
1121 4095 1248 4143 admonuit
1259 4093 1402 4140 Glareanus.

387 4163 546 4222 Sempronius
556 4165 711 4209 consulatum
722 4165 822 4211 iniisset.
853 4164 900 4210 Hic
965 4157 1164 4224 2'Pr'gncratcr]
1186 4159 1297 4213 Quorum
1318 4159 1453 4220 propinqui

386 4231 462 4277 iidem
483 4227 599 4275 defecisse
624 4229 748 4284 dicuntur,
770 4235 901 4288 postquam
932 4225 958 4272 in
981 4230 1099 4286 potestate
1124 4224 1232 4272 hmtium
1259 4230 1339 4280 munt,
1362 4223 1381 4270 ii
1403 4223 1456 4270 illis

323 4291 325 4298 ’
387 4309 418 4342 ex
430 4291 605 4352 campaniam
621 4293 731 4339 Bruttios
747 4293 817 4340 rediit
835 4293 903 4340 Han-
936 4291 1003 4336 velut
1020 4290 1160 4350 pignoribus
1182 4288 1291 4338 obstricti
1309 4293 1335 4336 ct
1350 4287 1456 4350 obligati

387 4373 428 4414 no,
440 4358 483 4417 qui
494 4358 536 4405 lib.
547 4357 678 4417 superiore,
695 4372 718 4405 c.
734 4357 773 4404 46.
791 4359 837 4404 sub
852 4357 903 4403 exi-
935 4360 1005 4402 erant
1015 4369 1074 4416 erge
1084 4354 1178 4404 renos

388 4432 441 4472 turn
465 4419 539 4485 hujus
561 4423 637 4482 ipsius
659 4422 727 4480 anni,
744 4418 815 4482 cujus
837 4435 902 4470 nunc
