3136 4970
345 125 402 194 492,
742 115 854 181 TlTl
885 117 1021 182 L1v1'1

184 309 252 361 nn,
265 308 321 361 aaa,
345 287 459 350 ronam
472 301 600 350 auream
617 281 826 350 “ducerudm
847 281 968 370 pondu
983 297 1017 350 et
1034 283 1201 352 simulacra
1226 285 1412 372 spoliorum,

183 379 214 423 Α·
225 377 252 424 (²
264 373 322 425 ²⁰⁵5
342 394 386 438 ex
401 370 524 438 ⁴⁵mille
536 370 647 456 pondo
668 370 793 460 argenti
817 368 911 436 facta.
954 370 980 410 ⁴⁶
991 370 1109 457 Scipio,
1124 393 1235 460 quum,
1251 385 1289 438 ut
1309 373 1412 438 delec-

181 442 333 568 ffifflffit
347 471 415 524 tum
440 457 582 536 haberet,
605 479 708 544 neque
732 457 940 542 impetrasset,
963 479 1067 542 neque
1090 480 1285 547 magnopere
1310 473 1414 526 neten.

183 571 306 618 delecaum
346 545 454 622 disset,
470 559 505 610 ut
519 544 717 610 voluntarios
731 541 849 609 ducere
870 542 930 608 sibi
952 543 1071 609 milites
1089 543 1209 624 liceret,
1224 547 1346 612 tenuit:
1369 558 1412 624 et,

182 634 229 711 sim
239 637 328 688 haben
369 632 423 698 uia
436 632 577 734 inpensa
588 643 758 718 negaverat
769 629 954 715 reipublicae
967 629 1106 696 futuram
1119 631 1260 710 classem,
1276 646 1323 710 ut,
1339 655 1413 720 quae
1451 699 1458 710 ,

182 700 288 812 {me
346 655 496 784 insacia
517 717 670 784 darentur
695 720 735 782 ati
759 739 857 782 noras
885 715 1084 784 fabricandas
1108 741 1216 800 mres,
1243 721 1412 806 acciperet.

182 828 235 889 puu
246 778 340 876 eumpin
347 805 488 870 Etruriae
503 805 642 889 primum
658 825 700 890 po
723 803 781 884 uli,
797 825 856 888 pre
875 802 939 868 suia
956 804 1092 890 quisque
1105 804 1319 886 meantibus,
1334 827 1412 872 con-

182 895 292 967 ⁰¹¹¹⁸i¹i¹
346 891 445 956 aulem
461 892 629 978 adjuturos
642 825 784 976 polliciti.
831 889 966 955 Caeritea
977 891 1175 956 frumentum
1187 893 1280 958 sociis
1293 892 1412 960 navali-

181 958 308 1070 miu-
345 977 405 1043 bus
419 993 697 1078 commeatumque
717 978 821 1042 omnia
839 977 981 1066 generis3
1007 976 1258 1062 Populonienses
1272 979 1410 1058 ferrum3

263 1122 266 1130 .
346 1065 595 1152 Tarquinienses
629 1063 728 1128 lintea
755 1064 789 1128 in
819 1063 905 1139 vela3
937 1063 1140 1129 Volaterrani
1166 1065 1412 1132 ⁴⁷interamenta

344 1153 471 1217 navium
487 1169 518 1218 et
534 1151 746 1225 frumentum3
769 1149 911 1214 Arretini
926 1148 952 1189 ⁴⁸
962 1151 1001 1214 tri
1026 1151 1094 1215 'uta¹
1113 1151 1212 1216 millia
1234 1165 1411 1234 scutorum,

343 1238 449 1326 galeas
473 1235 617 1314 totidem,
633 1235 743 1320 ⁴’pila
759 1259 855 1322 gaesu,
879 1237 984 1301 hastas
1014 1259 1124 1320 ungas,
1151 1238 1286 1304 millium
1313 1241 1409 1324 quin·

343 1325 499 1412 quaginta
513 1343 669 1388 summam
681 1324 750 1407 pari
767 1323 918 1408 cujusque
933 1326 1056 1409 generis
1071 1346 1205 1390 numero
1216 1325 1409 1412 expleturos,

342 1432 477 1490 secures,
491 1411 625 1490 ⁶⁰rutra‚
641 1409 748 1491 falces,
763 1408 946 1486 ⁶¹alveolos‚
972 1409 1079 1485 molas,
1096 1423 1250 1497 quantum
1273 1413 1305 1476 in
1329 1436 1408 1498 qua-

341 1497 492 1585 draginta
518 1497 629 1582 longas
654 1517 749 1560 nares
778 1517 858 1580 opus
883 1506 973 1574 esset,
1001 1497 1096 1562 tritici
1117 1497 1144 1536 ⁵²
1152 1505 1278 1564 centum
1305 1511 1338 1564 et
1361 1499 1406 1562 vi·

340 1583 423 1670 ginti
446 1583 546 1648 millia
568 1583 723 1660 modium,
738 1594 770 1648 et
783 1581 852 1646 ⁵⁸in
869 1582 1018 1648 viaticum
1028 1583 1055 1622 ⁵⁴
1064 1583 1289 1650 decurionibus
1310 1587 1408 1650 remi-

340 1669 495 1758 gibusque
515 1669 714 1747 oonlaturoa3
739 1669 895 1748 Perusini,
919 1668 1056 1750 Clusini,
1080 1670 1244 1736 Rusellani
1266 1673 1404 1738 abietem

371 1893 403 1941 it
420 1893 561 1946 Duccaatrtra
579 1893 668 1960 pundo]
697 1893 856 1952 Selibrarum,
889 1895 989 1942 militam
1008 1897 1182 1960 qulnquaginta
1203 1909 1327 1943 summam.
1372 1893 1404 1940 Ut

340 1958 391 2006 sive
409 1973 549 2007 marcarum
566 1961 713 2008 nostratium
730 1959 787 2008 sle.
798 1973 855 2007 cum
888 1965 916 2006 ut
928 1961 968 2019 sit,
980 1963 1213 2009 sensuaclaruseatt
1231 1973 1328 2020 nempe,
1341 1959 1406 2021 quod

339 2024 418 2072 unciis
429 2023 455 2072 i.
887 2026 975 2072 attinet
990 2027 1022 2073 ad
1042 2028 1101 2086 pila,
1120 2040 1193 2088 gesa.
1212 2025 1295 2072 hastas
1310 2025 1405 2085 longas,

371 2089 404 2136 tt
419 2088 493 2136 Milia
516 2089 593 2150 pcata
620 2089 725 2152 argami]
758 2087 856 2136 Selibris
888 2091 990 2150 polliciti
1006 2092 1153 2138 suntseilla
1169 2092 1406 2139 daturoaeonume·

338 2153 487 2200 nostratibus
500 2153 571 2202 1562.
580 2169 637 2202 cum
654 2161 759 2214 quatuor
770 2153 855 2199 unciis.
888 2168 925 2208 ro,
937 2161 966 2202 ut
980 2170 1078 2203 summa
1097 2156 1209 2202 omnium
1227 2154 1300 2199 simui
1319 2153 1406 2200 collec-

371 2218 403 2265 io
420 2217 500 2280 Sepia
518 2233 598 2278 qaum,
618 2224 645 2266 at
663 2218 772 2265 dekctm
791 2217 856 2263 iaie-
889 2224 969 2266 torum
994 2225 1057 2266 esset
1085 2218 1261 2281 quinquaginta
1287 2219 1405 2274 millium,

337 2289 465 2344 rebamur
480 2283 636 2346 impetrasset]
653 2285 748 2343 Nempe
767 2281 856 2328 Fabius
888 2285 939 2343 pari
950 2282 1069 2347 cujusque
1084 2285 1179 2346 germis
1195 2296 1314 2337 numeror
1332 2284 1406 2330 itaut

337 2350 450 2398 invidens
464 2349 582 2396 crescenti
592 2349 618 2396 ia
635 2351 686 2398 dies
703 2348 786 2410 glorie
806 2347 856 2394 Sci·
888 2350 937 2408 pila
956 2351 1036 2398 daturi
1052 2356 1133 2398 essent
1147 2349 1242 2396 circiter
1255 2347 1341 2396 16670.
1359 2353 1406 2393 tot-

337 2413 426 2474 pionis‚
442 2426 518 2472 quum
538 2413 645 2461 obtinere
664 2426 712 2460 non
730 2411 856 2473 potuisset,
889 2413 952 2460 idem
969 2416 1136 2474 gaese,haatas
1156 2413 1265 2460 totidem·
1298 2412 1336 2458 De
1356 2412 1406 2472 pilo

338 2489 369 2523 ne
388 2477 569 2535 permitteretur
585 2479 607 2524 ei
623 2480 649 2524 in
664 2478 774 2526 Atticam
789 2474 858 2539 traji·
888 2477 1268 2540 etgoesovid.adl‚V111.c.8.

337 2554 401 2595 cere,
422 2541 576 2588 vociferando
592 2549 618 2590 et
635 2544 704 2592 vanis
726 2541 857 2590 terroribus
922 2543 954 2590 tii
970 2543 1062 2606 Hatra]
1079 2543 1184 2592 Butram
1202 2557 1217 2589 a
1236 2542 1332 2599 rasam,
1352 2541 1405 2588 sive

339 2608 434 2652 animos
451 2605 576 2665 implendo
586 2609 697 2666 pervicit,
710 2621 741 2654 ne
756 2613 800 2654 aut
815 2609 857 2654 de·
889 2608 987 2658 amuda
997 2610 1091 2656 dictum
1106 2616 1153 2667 eat,
1170 2614 1194 2654 et
1213 2607 1405 2654 instrumentum

338 2671 430 2718 lectum
448 2669 536 2716 habere
546 2669 628 2718 liceret
639 2673 743 2727 consuli,
754 2676 797 2717 aut
814 2685 856 2732 pe-
888 2675 936 2722 suit
956 2673 1062 2721 ferreum
1091 2675 1122 2720 ad
1148 2674 1280 2719 eruendam
1303 2679 1404 2725 terram,

338 2735 411 2782 cunia
421 2735 597 2782 decerneretur.
626 2735 686 2784 Vid.
697 2737 760 2783 Piut.
772 2735 797 2781 in
810 2735 856 2782 Fa·
888 2741 938 2787 aive
956 2751 1065 2796 arenam,
1080 2751 1156 2799 quam
1176 2749 1237 2798 opus
1256 2741 1404 2792 anticam

339 2801 387 2847 bio.
889 2803 970 2852 Festo.

287 2889 289 2898 ι
370 2863 402 2912 ti
418 2865 578 2912 Intaramcata
603 2866 701 2914 nauium
747 2866 772 2918 Si
802 2868 856 2916 hec
921 2868 949 2915 51
968 2867 1082 2924 Ataeatas,
1104 2865 1187 2930 maias]
1204 2865 1310 2914 Ainesios
1328 2867 1404 2914 inter·

338 2943 385 2975 vox
399 2941 413 2974 a
425 2928 495 2975 Livio
511 2935 557 2986 est,
569 2931 693 2992 intelliges
743 2931 855 2978 videntur
887 2939 996 2995 pretatur
1014 2932 1143 2980 Marcellus
1162 2931 1273 2978 Donatus
1284 2943 1342 2977 vasa
1359 2929 1406 2990 tig-

336 2995 404 3054 iigna
420 3007 457 3048 ea.
474 3007 530 3054 quae
547 2996 668 3060 alcariuia
685 2997 808 3056 utrimque
819 3009 856 3042 aa·
887 3011 933 3044 nea
951 2999 982 3043 td
1003 2997 1173 3043 marmandam
1194 3007 1291 3055 aquam.
1312 2997 1404 3042 aiioavc

336 3058 465 3106 ceadentia
483 3059 593 3107 efficiunt
609 3067 688 3108 cosma
706 3060 856 3122 uariaque·
887 3076 953 3110 uma.
985 3060 1067 3110 arata
1080 3062 1112 3107 ad
1127 3062 1279 3106 frumentum
1295 3059 1402 3106 innavi-

335 3137 391 3170 rum
404 3135 533 3185 compages
544 3139 559 3171 a
570 3125 661 3172 Gracia
677 3125 855 3194 diciturimp·
886 3130 941 3187 bus,
963 3127 1004 3174 ubi
1025 3139 1086 3188 opus
1113 3130 1184 3177 esset.
1206 3125 1406 3170 commolendum

336 3185 389 3238 nia.
420 3189 456 3234 At
475 3189 554 3235 multo
576 3189 654 3250 magia
669 3191 747 3250 placet
766 3192 856 3237 mana·
886 3193 1003 3254 habuism
1014 3196 1105 3237 veteres
1115 3190 1173 3237 hinc
1184 3194 1292 3248 amaret,
1308 3189 1405 3234 aedoe-

336 3260 425 3308 mcnta‚
448 3255 513 3315 quod
537 3255 653 3302 exhibent
680 3256 729 3302 duo
751 3256 854 3313 codices,
886 3257 988 3306 cenric
999 3255 1100 3302 leviores
1110 3262 1136 3302 et
1149 3254 1250 3302 minoris
1265 3254 1337 3300 solito
1353 3253 1405 3300 dia·

336 3332 401 3366 unus
413 3319 547 3381 Gronovio,
559 3321 621 3366 ulter
637 3319 707 3366 nobis
723 3319 855 3380 inspectus.
886 3322 966 3368 metri.

259 3441 260 3446 ¹
336 3385 497 3430 [renumerata
524 3393 597 3431 erunt
622 3398 677 3432 cera
699 3389 723 3431 et
742 3384 784 3444 pix
806 3398 854 3444 qua
919 3385 950 3434 52
969 3383 1276 3444 Cratamatuigiatimiitio
1284 3381 1401 3447 medisina]

336 3449 506 3496 obtinebantur
539 3463 621 3496 naves.
671 3449 778 3509 Utraque
808 3463 854 3494 vox
887 3450 984 3498 Medios
995 3455 1112 3496 notantes
1124 3449 1212 3496 92500.

336 3527 432 3574 perrara
448 3518 494 3568 est,
506 3527 551 3560 nac
567 3515 669 3560 tortasse
688 3513 754 3560 aliud
769 3527 853 3560 earum
921 3515 953 3562 53
968 3515 1000 3560 [a
1019 3512 1142 3576 anteum]
1161 3513 1209 3560 ilic
1227 3513 1343 3560 viaticum
1364 3513 1402 3560 in-

335 3580 477 3640 exemplum
499 3577 613 3637 reperias.
654 3580 688 3624 At
715 3577 854 3624 inccramco·
887 3580 963 3642 telligi
980 3580 1050 3626 debet
1074 3580 1104 3626 de
1123 3578 1234 3640 pecunia.
1253 3591 1331 3638 quum
1347 3573 1402 3639 jam

336 3646 386 3690 tam
397 3643 476 3702 magis
492 3643 706 3702 praetertcolorem
722 3643 854 3702 quemdam
887 3645 960 3692 tritici
975 3644 1068 3689 mentio
1086 3643 1150 3690 tacta
1166 3642 1205 3689 sit.
1239 3641 1404 3702 'Signiam-

335 3705 767 3766 Latinitatia,quamiataramerrtam.
802 3707 854 3752 No·
886 3705 943 3756 men
962 3709 997 3755 ita
1015 3709 1075 3754 velit
1096 3721 1215 3768 exponere
1234 3714 1263 3754 ut
1283 3707 1402 3764 Arretini,

335 3778 389 3818 tum
402 3779 439 3819 est
455 3771 516 3818 iilud
531 3771 668 3830 iuvenalis,
679 3801 702 3816 ..
713 3785 806 3832 genua
817 3773 854 3817 ia·
886 3783 974 3834 praeter
984 3773 1078 3820 modios
1089 3772 1162 3818 tritici
1175 3770 1278 3820 120000.
1291 3772 1364 3818 etiam
1376 3772 1402 3819 id

336 3835 525 3882 crrararieomm.
558 3835 593 3882 At
609 3837 711 3884 iaterare
725 3851 797 3884 nemo
808 3851 853 3884 un·
886 3835 1016 3900 adjecerint
1042 3837 1168 3894 frumenti,
1194 3837 1260 3898 quod
1287 3851 1330 3896 per
1356 3838 1402 3886 vite

336 3915 411 3961 quum
419 3901 552 3959 usurpavit.
886 3903 992 3964 spatium
1012 3916 1073 3962 opus
1092 3907 1155 3948 esset
1175 3901 1345 3949 decurionibus
1364 3916 1400 3950 re·

370 3963 401 4012 ts
422 3965 535 4024 Triginta
547 3965 621 4022 miliia
631 3966 760 4029 erratorum]
779 3965 852 4013 Pieri·
885 3969 1048 4030 migibusquc,
1060 3981 1104 4014 suo
1116 3967 1203 4026 cuique
1219 3963 1312 4028 judicio
1323 3968 1361 4014 uti
1372 3967 1400 4012 li-

337 4043 385 4092 que
395 4030 479 4089 scripti
491 4036 515 4076 et
527 4031 621 4088 optimi,
634 4033 680 4078 tria
690 4031 770 4078 millia.
884 4039 930 4080 cet.

370 4094 402 4140 it)
419 4093 486 4151 Pila,
504 4109 577 4153 garo,
595 4095 672 4142 iustas
693 4096 782 4156 longae,
798 4096 854 4142 nail-
917 4095 950 4144 54·
965 4097 1136 4145 Decurionibus
1161 4095 1340 4159 remigibusque]
1364 4096 1399 4142 lli

338 4159 397 4205 tiam
409 4159 582 4220 pariaqaaga'ata
600 4176 750 4208 crimmum..
763 4162 853 4222 ,capIr-
886 4163 1027 4209 decuriones
1040 4162 1152 4211 videntur
1166 4159 1292 4222 praefuiase
1303 4161 1401 4222 remigi-

330 4225 414 4291 Ιηινοι]
432 4224 545 4271 Fortasse
563 4227 641 4285 legere
663 4227 718 4286 qsris
740 4229 809 4274 molit
825 4227 855 4272 ad
887 4229 939 4277 bus
