3064 4976
244 181 249 192 '
340 201 386 268 ‘so
660 254 664 262 .
706 199 840 266 sir-1
872 183 1012 267 crvrr
1056 153 1061 168 ¹

185 381 254 437 uec,
265 378 321 428 ost
345 366 405 454 ipsi
419 366 681 446 consultricem
702 368 821 457 gaudio
835 367 948 447 efferri,
964 391 1026 456 qrto
1040 377 1137 455 parte
1149 372 1306 456 copiarum
1320 375 1407 440 alten

183 447 215 498 Α
227 447 254 494 ⁰·
266 445 320 494 ²¹⁸
344 457 447 520 consul
459 456 654 540 uictursorat
669 477 707 520 ea
720 478 753 521 se
765 457 880 521 uicisse.
896 457 1051 523 restinctos
1063 480 1101 522 os
1112 459 1241 544 refectos
1254 461 1408 526 militibus

183 512 336 638 {ffiffioe
344 543 478 606 artimus.-
492 563 546 605 nec
556 563 730 625 qumquam
738 564 808 618 esse,
813 553 933 624 preter
941 543 1097 628 collegam,
1105 547 1159 628 qui
1167 546 1298 610 dilatum
1310 547 1406 610 dimi-

159 665 160 668 =
182 641 293 702 cupium.
343 629 491 692 cntionem
505 630 609 692 uellet.-
623 649 699 702 eum,
711 629 814 690 animo
827 630 935 712 magis,
952 651 1041 712 quom
1055 652 1188 713 corpore,
1204 651 1330 714 ugrum,
1341 654 1406 696 me-

274 731 277 746 ¹
342 715 582 790 moriamtlaeris
592 715 686 778 aciem
697 735 735 777 ac
744 715 806 776 telo
817 715 953 779 horrere.
974 716 1036 780 Sed
1044 737 1106 778 non
1116 739 1178 782 esse
1187 738 1251 780 cum
1262 739 1346 802 ogra
1357 740 1407 782 se·

342 801 526 865 aesccudsrm.
545 799 632 875 Quid
638 801 717 864 euim
725 801 809 862 ultra
818 801 941 886 dqfemi
949 810 1004 864 aut
1012 804 1074 865 teri
1080 807 1219 884 temptes?
1235 801 1331 874 Quem
1339 815 1405 868 ter·

340 887 682 970 transeuntesque
695 887 791 950 ulium
805 888 966 950 ecercitum
981 890 1175 970 eerpector'i?
1193 889 1305 953 Castro
1315 891 1406 952 Kor-

340 971 580 1055 tltogiaiensium
588 973 623 1035 ia
633 972 744 1045 Italic,
756 993 794 1034 ac
801 993 902 1054 prope
916 975 950 1036 ia
960 983 1116 1056 conspectu
1126 973 1211 1038 urbis
1221 994 1293 1039 esse.
1308 974 1405 1040 “non

340 1057 481 1124 Siciliam
490 1059 714 1122 acsardiniam
722 1059 812 1122 uictis
819 1060 964 1135 adortos,
971 1060 1406 1143 mcmlteumflispaniam

333 1145 1404 1229 portsedsotopaoiotmaqae,inqaagenitiforenr‚pelti1mmonoe

344 1227 500 1305 Quantum
513 1231 723 1313 ingemiscant,
733 1228 845 1315 inquit,
855 1241 965 1312 potres
979 1232 1090 1307 nostri,
1096 1233 1180 1296 circo
1191 1233 1302 1297 monia
1314 1234 1405 1298 Kur-

339 1315 478 1400 tlragiais
499 1315 613 1380 bellore
633 1317 726 1393 soliti,
742 1317 771 1379 si
792 1317 917 1380 uideant
937 1337 1002 1396 tros,
1017 1319 1194 1401 progeniem
1214 1321 1406 1394 secumdum

339 1403 709 1486 commessatorem
718 1403 875 1478 coercitus,
887 1403 919 1466 in
935 1403 1032 1466 medio
1043 1404 1141 1466 ltalia
1149 1413 1299 1486 pauentes
1313 1407 1404 1470 iutra

338 1492 466 1552 cmtra?
480 1490 713 1572 Poenumsqmet
725 1489 806 1551 inter
814 1487 911 1570 Alpes
921 1487 1117 1570 Apenninum
1188 1491 1263 1576 agri
1273 1491 1327 1570 sit,
1338 1513 1405 1556 sucu

339 1574 607 1658 ditionisfecisse?
625 1572 1110 1662 Haecadsidensaegrocollegae,
1142 1596 1190 1640 aec
1200 1575 1233 1639 in
1244 1577 1403 1660 praetorio

338 1679 441 1744 prope
454 1657 735 1724 concionabundua
748 1681 853 1742 agere.
878 1659 1075 1725 ¹Stimulabat
1085 1673 1116 1726 et
1126 1675 1252 1741 ternpus
1267 1663 1403 1748 propin-

339 1765 438 1831 quum
450 1746 661 1823 comitiorum,
672 1767 714 1810 no
725 1746 759 1808 in
771 1767 869 1810 novos
881 1745 1023 1810 consules
1033 1746 1152 1810 bellum
1166 1745 1357 1826 differretur,
1368 1763 1404 1816 ct

339 1830 463 1896 occasio
478 1832 512 1896 in
526 1854 560 1896 sc
575 1853 673 1896 unum
686 1830 845 1896 vertendae
861 1830 982 1920 gloriae,
995 1831 1072 1898 dum
1087 1853 1171 1919 teger
1186 1833 1307 1923 collega
1320 1849 1403 1902 erat.

339 1916 463 2003 Itaque,
476 1917 690 2005 nequidquam
701 1918 902 1984 dissentiente
915 1916 1073 1994 Cornelio,
1089 1918 1194 2002 parari
1209 1918 1250 1983 ad
1265 1921 1403 2006 propin-

338 2025 437 2089 quum
451 2016 609 2069 certamen
625 2003 738 2068 milites
754 2003 855 2089 jubet.
903 2001 1079 2081 Hannibal,
1093 2027 1205 2091 quum,
1219 2005 1402 2092 quidopti-

338 2110 427 2154 mum
441 2089 520 2156 soret
542 2090 636 2171 hosti,
652 2104 804 2165 cerneret,
821 2090 873 2154 vix
887 2088 984 2153 ullam
1007 2112 1096 2174 spem
1118 2089 1263 2170 habebat,
1278 2103 1402 2159 temere

338 2188 436 2262 atque
453 2175 619 2262 inprovide
639 2177 810 2263 quidquam
825 2173 969 2240 consules
990 2187 1126 2242 acturos.
1148 2199 1245 2264 quum
1265 2177 1400 2246 alterius

338 2261 513 2364 ingenium,
524 2261 609 2326 furna
622 2260 844 2346 priuadeinde
854 2281 889 2326 re
899 2261 1074 2347 cognitum,
1085 2265 1240 2348 percitum
1254 2286 1292 2330 ac
1306 2263 1402 2332 ferox

338 2359 433 2416 sciret
448 2371 523 2427 esse,
538 2346 872 2435 ferociusqueiactum
895 2367 1048 2433 prospero
1068 2370 1140 2415 curn
1163 2349 1401 2434 predatoribus

337 2435 402 2501 auis
416 2436 587 2500 certamine
601 2434 758 2510 crederett
780 2433 888 2500 edesse
908 2434 1057 2520 gerendae
1072 2435 1118 2500 rei
1133 2434 1293 2502 fortunam
1308 2435 1400 2505 haud

221 2569 223 2576 .
337 2519 515 2586 diffidebat*
532 2521 620 2605 cujus
641 2542 682 2584 ne
703 2519 788 2607 quod
838 2521 1078 2588 raetermitteret
1093 2533 1228 2606 tempus,
1244 2523 1401 2592 sollicitus

336 2606 539 2692 intentusque
553 2617 629 2682 erat,
645 2605 722 2671 dum
739 2605 803 2670 tiro
814 2543 959 2672 lrosu'um
979 2622 1061 2673 esset
1076 2607 1176 2686 miles,
1191 2608 1267 2674 dum
1284 2609 1400 2676 melio-

224 2703 228 2710 ’
336 2713 405 2756 rem
433 2715 475 2758 ex
506 2692 637 2758 ducibus
666 2689 810 2758 inutilem
833 2691 947 2759 vulnus
970 2691 1096 2771 feceret,
1123 2694 1200 2758 dum
1227 2694 1398 2762 Gallorum

336 2779 436 2844 animi
450 2779 609 2866 vigerent:
625 2800 759 2866 quorum
774 2778 934 2864 ingentem
950 2778 1181 2846 multitudinem
1194 2781 1310 2846 sciebat
1324 2804 1399 2870 seg·

336 2864 408 2930 nius
419 2878 608 2946 secuturam,
618 2879 738 2950 quanto
750 2864 876 2952 longius
887 2863 928 2928 sb
939 2863 1035 2929 domo
1047 2863 1256 2932 traherentur.
1280 2866 1396 2944 Quum

336 2950 380 3016 ob
395 2949 464 3016 haec
478 2951 615 3038 taliaque
629 2963 768 3036 speraret
781 2951 994 3038 propinquum
1009 2963 1178 3029 certamen,
1194 2963 1227 3018 et
1240 2951 1353 3032 iecere,
1371 2956 1400 3020 si

336 3049 522 3117 cessaretur,
549 3051 693 3122 cuperem
724 3036 997 3123 speculatoresque
1026 3037 1123 3115 Galli,
1150 3037 1190 3102 ud
1219 3060 1258 3104 ea
1282 3037 1398 3124 explo-

118 3181 122 3188 ,
335 3123 447 3202 rande,
461 3146 535 3211 quae
556 3123 659 3203 vellet,
680 3125 823 3202 tutiores,
839 3123 913 3209 quia
933 3123 966 3188 in
987 3122 1134 3207 utrisque·
1148 3125 1257 3190 castris
1277 3126 1399 3192 milita-

174 3231 267 3278 tarum
278 3229 318 3278 in·
336 3209 423 3289 bant,
438 3226 565 3296 puratos
580 3213 697 3299 pugnae
715 3233 782 3274 esse
797 3211 960 3275 Romanos
981 3209 1157 3274 retulissent
1165 3232 1174 3286 3
1197 3209 1302 3276 locum
1319 3212 1398 3277 insi-

174 3293 322 3370 ΨΜ·
335 3296 396 3362 diis
411 3297 675 3383 circumspectare
688 3296 809 3361 Poenus
825 3295 935 3380 coepit.
983 3353 986 3360 .

170 3359 329 3486 ffiq
379 3383 468 3451 LIV.
484 3383 564 3449 Erat
578 3384 610 3447 in
625 3382 729 3448 medio
740 3383 836 3459 rivus,
843 3380 987 3530 praesltis
999 3381 1158 3466 utrimque
1170 3381 1293 3447 clausus
1304 3382 1396 3469 ripis,

334 3483 367 3536 et
386 3471 472 3536 circa
492 3471 612 3536 obsitus
637 3467 829 3553 palustribus
866 3466 949 3532 erbis
970 3477 1010 3542 et,
1026 3468 1141 3552 quibus
1161 3467 1282 3534 inculta
1295 3468 1398 3536 ferme

333 3558 522 3637 vestiuntur,
548 3555 693 3642 virgultis
717 3553 934 3639 vepribusque.
947 3581 950 3588 ·
964 3573 1059 3638 quern
1084 3552 1138 3618 ubi
1168 3553 1244 3618 ⁴iad
1273 3555 1397 3642 equites

333 3667 460 3746 quoque
481 3656 512 3708 te
535 3643 633 3706 endos
653 3641 725 3705 sctis
747 3639 940 3704 latebrosum
961 3638 1066 3702 locum
1081 3639 1312 3722 circumvectus
1327 3641 1399 3727 ipse
1452 3685 1454 3692 ·

332 3731 434 3797 oculis
455 3665 672 3816 perlustravit3
696 3725 762 3790 Hic
777 3727 838 3789 erit
859 3727 950 3804 locus,
967 3723 1103 3812 Magoni
1124 3724 1216 3790 fratri
1236 3727 1291 3804 ait,
1308 3749 1397 3812 quem

332 3827 446 3883 teneas.
468 3815 732 3900 Deligecenteaos
744 3813 825 3878 uiros
836 3833 874 3876 eu
883 3812 966 3874 omni
973 3813 1183 3898 peditemque
1193 3815 1312 3897 equite,·
1329 3823 1398 3882 cum

364 4051 480 4102 teuton
490 4049 596 4098 Siciliam
606 4079 613 4094 .
624 4077 648 4096 ..
660 4078 666 4094 .
676 4047 738 4110 pert]
756 4046 813 4094 Non
820 4045 847 4092 id
877 4046 943 4106 quod
953 4045 1097 4092 aGronovio
1107 4060 1121 4094 e
1132 4046 1255 4095 codicibus
1265 4061 1314 4094 non
1327 4062 1397 4110 sper·

331 4121 371 4181 egi
395 4131 411 4165 u
432 4113 678 4175 Carthaginiensibus,
701 4117 729 4157 ut
755 4117 848 4169 repete·
878 4111 963 4156 nendia
981 4109 1082 4156 allatum
1102 4113 1184 4158 murat
1202 4125 1266 4159 unus
1281 4126 1296 4158 e
1311 4115 1399 4178 regite,

330 4189 386 4230 rent
412 4181 487 4240 mmis
514 4177 621 4224 suniam
646 4189 675 4222 ac
703 4175 847 4230 Sardiniam.
877 4175 951 4236 equiti
962 4187 1048 4236 quoquc
1064 4175 1165 4234 tegenda.
1198 4175 1347 4224 Puteanaeus
1357 4179 1399 4242 tg-

330 4261 385 4309 que
396 4245 466 4290 victis
475 4241 711 4301 ademptoefuerant.
815 4271 817 4274 -
879 4243 948 4286 noret
967 4252 1063 4300 quoque
1080 4236 1106 4285 el
1120 4239 1165 4287 ad.-
1184 4241 1210 4287 in
1226 4241 1314 4290 ceteris
1333 4244 1401 4294 nibil

362 4311 396 4358 46
410 4309 451 4362 Ad
467 4308 554 4370 equites
568 4317 654 4367 quoque
667 4301 774 4364 regalo«
788 4304 847 4350 satia
878 4305 958 4350 mutat
968 4303 999 4350 de
1009 4303 1109 4364 vulgata
1118 4304 1229 4356 lectione.

313 4371 477 4435 ›metroraml
504 4371 587 4432 longe
607 4370 633 4417 td
654 4367 788 4430 elegantius
809 4373 846 4416 est
