3136 4970
335 172 341 219 t
365 210 371 218 .
396 155 446 216 a,
473 165 568 230 ura.
589 151 725 228 xxvtn
747 163 927 230 rursm.
947 163 981 216 τ’.
1162 169 1221 229 sn

156 327 573 422 wmqmmrtrumm
590 333 772 420 ruptim
790 329 857 483 qa
878 331 1151 428 alumpnum·
1177 325 1381 398 annuae
1411 273 1413 280 ’

158 419 440 506 cumprimum,
449 415 612 487 deindein
627 419 791 498 macione,
816 420 1166 508 itarm‘recitatmsmtr
1178 412 1381 499 stadim(

157 527 221 594 pro
232 508 387 594 cujusque
400 508 540 596 ingenio,
556 507 624 572 aliis
637 509 707 596 jam
727 505 1035 593 camum‘gaadium,
1051 507 1120 594 aliis
1134 507 1225 572 nulla
1252 576 1255 586 ,

157 606 235 746 :uate
248 593 449 682 ficturalides
462 609 541 672 erat,
557 611 653 682 quam
676 589 1025 682 legatiss‘consnlumre
1044 591 1153 658 literas
1165 609 1225 660 aas
1244 635 1248 642 ·

195 693 309 746 ments
345 721 349 730 ·
558 725 562 734 ·
1055 697 1058 726 ²
1148 701 1151 706 '
1178 721 1185 734 r
1217 704 1220 714 ’

205 767 265 833 LI.
289 767 381 852 Ipsos
395 765 513 832 deinde
522 765 778 853 adpropinquare
788 765 1067 856 legetestrdl'atnm
1076 778 1133 832 cat.
1145 761 1224 832 *mit

161 855 326 920 enimvero
340 855 444 918 omnis
458 866 536 918 aetas
558 863 686 918 currere
711 852 808 929 obvii,
832 853 955 938 primus
977 854 1047 937 quis
1070 875 1109 916 ue
1124 854 1225 919 oculis

161 941 358 1026 auribusque
373 941 501 1004 haurire
515 952 640 1004 tantum
656 939 806 1026 gaudium
822 940 992 1024 cupientes.
1009 875 1223 1006 adillulvium
1318 955 1321 962 '

161 1049 264 1114 usque
284 1037 414 1113 pontem
429 1026 594 1091 continens
609 1047 722 1114 agmen
736 1027 887 1112 pervenit
933 1025 981 1090 Le
1004 1027 1047 1090 ati
1078 1040 1169 1092 erant
1184 1027 1223 1092 L.

161 1113 317 1180 Veturius
330 1111 434 1191 Philo,
448 1113 485 1178 P.
494 1112 636 1177 Licinius
651 1111 762 1190 Varus,
775 1111 818 1188 Q.
830 1049 1155 1196 Caeciliusbletellus)
1163 1115 1224 1178 cir·
1233 1127 1357 1176 Gaudium

164 1198 322 1266 cumfusi⁶
335 1200 437 1264 omnis
474 1200 574 1264 eneris
588 1198 753 1263 hominum
770 1195 944 1285 frequentia
954 1197 988 1261 in
998 1196 1103 1264 forum
1114 1221 1224 1286 perve·
1233 1193 1355 1240 nomano-

165 1298 303 1366 nerunt3
326 1307 425 1372 quum
473 1285 493 1348 'i
503 1287 597 1371 ipsos,
609 1284 664 1350 alii
674 1285 804 1349 comites
815 1306 935 1362 eorum,
946 1305 1018 1371 quae
1029 1297 1099 1351 acta
1109 1299 1223 1366 essent,
1233 1269 1298 1306 ‘⁰¹¹¹'

162 1381 460 1460 percunctarentur,
476 1385 508 1436 et
522 1384 558 1436 ut
577 1371 709 1458 quisque
723 1369 876 1449 audierat,
891 1372 1065 1436 exercitum
1087 1371 1225 1438 bostium

165 1461 454 1546 imperatoremque
470 1458 618 1534 occisum,
633 1456 772 1545 legiones
788 1456 950 1522 Romam
965 1457 1148 1537 incolumes,
1164 1459 1226 1524 sal·

163 1568 220 1612 vos
234 1543 381 1610 consules
394 1567 471 1622 esse,
481 1543 644 1630 extemplo
657 1543 726 1608 aliis
739 1565 837 1630 porro
847 1543 1060 1630 inpertiebant
1072 1545 1225 1633 gaudium

165 1653 271 1698 suum.
315 1631 425 1708 Quum
455 1651 541 1718 aegre
570 1631 604 1696 in
632 1630 751 1696 curiam
786 1643 973 1715 perventum
1003 1645 1096 1714 esset,
1120 1635 1226 1698 multo

167 1721 287 1806 aegrius
302 1718 450 1801 submota
469 1716 572 1794 turba,
590 1739 629 1781 ne
645 1716 792 1782 Patribus
806 1718 1001 1795 misceretur,
1017 1717 1118 1783 literae
1128 1719 1161 1783 in
1177 1741 1226 1784 se·

118 1847 121 1854 -
166 1818 246 1870 nutu
261 1805 401 1870 recitatoe
412 1817 495 1868 sunt.
509 1803 618 1868 ⁶¹indc
633 1802 779 1888 producti
793 1802 826 1866 in
841 1804 1025 1869 concionem
1038 1805 1145 1892 legati.
1185 1805 1226 1871 L.

166 1891 330 1969 Veturius,
345 1890 443 1956 literis
458 1890 604 1969 recitatis,
619 1889 686 1975 ipse
696 1890 821 1977 planius
831 1891 948 1971 omnia,
960 1913 1032 1978 quae
1044 1903 1116 1956 acta
1126 1904 1227 1974 erant,

166 1977 317 2062 exposuit
331 1999 404 2042 cum
418 1978 539 2065 ingenti
553 1975 698 2054 adsensu,
712 1988 874 2061 postremo
887 1977 982 2041 etiam
996 1976 1135 2041 clamore
1155 1978 1227 2042 uni·

168 2085 269 2130 versoe
283 2063 454 2141 concionis,
491 2085 565 2128 uum
581 2063 636 2127 vix
645 2062 798 2151 gaudium
821 2062 934 2126 animis
948 2076 1107 2148 caperent.
1120 2136 1124 2148 Ι
1150 2063 1228 2129 Dis-

165 2172 295 2216 cursum
313 2149 387 2216 inde
401 2149 441 2214 ab
456 2085 525 2214 aliis
539 2147 624 2214 circa
638 2148 757 2236 templa
771 2148 892 2226 Derim,
908 2161 944 2215 ut
958 2161 1063 2237 grates
1077 2162 1226 2238 agerent3

168 2235 212 2302 ab
226 2237 295 2302 aliis
309 2237 431 2312 domos,
445 2247 480 2301 ut
494 2235 682 2324 conjugibus
692 2235 861 2337 liberisque
875 2248 939 2300 tam
952 2235 1062 2302 laeturn
1074 2237 1228 2302 nuncium

166 2325 200 2390 in
245 2325 366 2389 rtirent.
412 2325 558 2401 Senatus,
581 2321 667 2409 quod
687 2321 738 2387 M.
755 2322 865 2387 Livius
879 2335 911 2388 et
926 2321 964 2388 C.
981 2320 1131 2387 Claudius
1151 2344 1229 2387 con·

168 2347 264 2488 sulces,
280 2409 432 2476 incolumi
453 2409 604 2488 exercitu,
626 2407 738 2475 ducem
759 2407 897 2474 bostium
920 2408 1124 2497 legionesque
1145 2409 1229 2474 occi-
1295 2425 1298 2432 ’

167 2495 298 2575 dissent,
315 2496 576 2583 supplicationem
596 2495 629 2559 in
652 2493 794 2560 triduum
817 2495 963 2560 decrevit
986 2518 1054 2560 eam
1070 2494 1230 2582 supplica·

169 2585 290 2649 tionem
308 2583 347 2647 C.
361 2581 520 2647 Hostilius
539 2593 660 2667 proetor
679 2603 740 2667 pro
761 2582 914 2647 concione
933 2581 1042 2660 edixit,
1058 2581 1231 2648 celebrata-

193 2693 234 2734 ue
248 2691 266 2733 a
279 2669 352 2733 viris
377 2668 562 2755 seminisque
585 2681 652 2734 est.
687 2667 806 2732 Omnia
829 2667 948 2754 templa
968 2690 1026 2755 per
1049 2681 1151 2734 toturn
1173 2670 1230 2735 tri·

166 2691 269 2822 duum
281 2754 434 2841 aequalem
447 2754 572 2820 turbam
584 2752 740 2820 habuere:
764 2777 861 2841 quum
873 2767 1028 2820 matronas
1039 2754 1231 2840 amplissima

129 2910 135 2920 ,
168 2849 255 2909 veste
268 2864 341 2906 cum
356 2841 474 2921 liberis,
483 2841 616 2928 perinde
630 2862 667 2906 sc
682 2840 707 2904 ri
719 2840 909 2906 debellatum
920 2841 1011 2920 foret,
1023 2842 1112 2906 omni
1120 2842 1232 2907 solutoe

167 2943 267 3006 metu,
283 2928 364 2993 Deis
378 2926 596 2995 inmortalibus
618 2941 723 3010 grates
745 2941 885 3014 agerent.
927 2927 955 2967 ⁵²
966 2929 1091 2994 Statum
1106 2951 1232 3016 quoque

170 3015 306 3080 civitatis
321 3037 357 3078 ea
372 3014 504 3079 victoria
518 3013 633 3079 movit:
656 3025 692 3078 ut
703 3015 770 3100 jam
786 3014 871 3095 inde,
881 3013 966 3078 haud
983 3037 1072 3080 secus
1087 3038 1182 3101 quam
1196 3017 1230 3082 in

168 3123 260 3188 pace,
277 3123 326 3165 res
347 3101 429 3165 inter
452 3123 485 3165 se
507 3101 702 3179 contrahere,
717 3099 895 3178 vendendo,
918 3100 1063 3179 emendo,
1084 3114 1231 3168 mutuum
1262 3099 1265 3110 ’

170 3187 290 3269 dando,
303 3199 470 3273 argentum
481 3187 636 3252 creditum
648 3185 808 3266 solvendo,
824 3187 989 3254 auderent.
1028 3188 1068 3254 C.
1080 3189 1232 3254 Claudius

170 3272 283 3339 consul
308 3295 407 3362 quum
431 3274 465 3337 in
491 3285 592 3338 castra
618 3273 758 3350 redisset,
781 3286 879 3359 caput
904 3273 1129 3352 Hasdrubalis,
1146 3275 1230 3362 quod
1240 3293 1395 3353 capusum-

168 3373 329 3426 servatum
344 3382 416 3425 cum
432 3380 510 3425 cura
519 3357 684 3436 adtulerat,
696 3360 812 3446 projici
827 3370 900 3424 ante
915 3359 1054 3424 hostium
1069 3361 1230 3440 stationes,
1240 3359 1348 3430 ‘¹ri

169 3447 374 3534 captivosque
390 3445 485 3510 Afros
506 3446 637 3522 vinctos,
653 3458 689 3510 ut
710 3460 811 3524 erant,
826 3446 958 3523 ostendi,
974 3444 1055 3510 duos
1076 3446 1171 3511 etiam
1191 3470 1232 3513 ex
1240 3429 1387 3534 fflffi

171 3533 210 3598 iis
218 3533 337 3599 solutos
348 3535 395 3598 ire
409 3532 450 3597 ad
466 3530 692 3609 Hannibalem,
704 3545 735 3596 et
746 3554 942 3619 expromere,
953 3554 1026 3618 quae
1038 3545 1109 3598 acta
1119 3546 1232 3615 essent,
1243 3550 1395 3600 ammana.

164 3619 270 3708 jussit.
317 3617 494 3695 Hannibal,
518 3629 608 3683 tanto
638 3617 732 3682 simul
760 3619 891 3705 publico
914 3617 1124 3708 familiarique
1153 3621 1235 3686 ictus

348 3761 361 3792 ⁶
373 3759 458 3822 Legata·
467 3763 534 3807 mmet
543 3785 577 3800 -··
586 3757 708 3808 Marum.
741 3757 889 3824 Cirmmsarr'
899 3755 980 3806 Gran?
986 3759 1056 3806 Crev-

170 3891 264 3940 Modus
274 3898 358 3940 sutem
368 3892 515 3938 illectordo
532 3892 559 3938 in
575 3903 605 3938 eo
624 3891 688 3952 pual-
719 3891 795 3952 igitur
817 3890 938 3952 Sigonius,
961 3903 1039 3950 quum
1060 3893 1187 3952 reperisset
1207 3894 1234 3940 ln

170 3962 214 4004 tus
224 3962 270 4010 est,
279 3959 345 4017 quod
355 3957 381 4002 in
392 3965 477 4004 senatu
488 3957 607 4016 primum,
617 3969 689 4016 aquo
719 3956 815 4016 scriptis
826 3954 936 4002 hocloco
947 3954 1082 4011 introducti,
1092 3956 1173 4004 effecit
1182 3957 1237 4004 lade

169 4021 319 4084 principium
337 4021 394 4069 duci
412 4035 457 4082 par
477 4026 539 4079 erat,
559 4021 646 4068 deinde
661 4021 687 4066 in
713 4019 832 4082 producti.
1252 4046 1255 4058 .

170 4085 288 4136 concione
299 4087 388 4134 littera
398 4087 505 4133 recitatae
516 4092 581 4134 sunt.
752 4081 908 4131 armatum
919 4114 927 4129 .
939 4114 946 4129 .
958 4113 966 4130 .
977 4085 1235 4150 claimtle...movs't]

204 4149 235 4198 ⁵1
252 4150 313 4199 Iade
325 4149 446 4214 producti]
463 4150 572 4196 Verbum
583 4149 623 4196 hic
633 4161 688 4208 pro-
720 4147 829 4194 Mutsvit
845 4149 990 4210 pecuniariae
1005 4149 1041 4196 rai
1058 4156 1151 4198 statum
1164 4152 1190 4196 in
1202 4151 1236 4197 ci-

170 4217 262 4277 prium·
305 4215 513 4264 introducebantur
528 4215 555 4260 in
574 4219 687 4260 senatum
719 4213 803 4260 vitate.
833 4213 917 4276 †Hoc
933 4215 1019 4261 eodem
1038 4227 1102 4261 anno
1118 4227 1236 4262 nummus

169 4278 689 4420 tttlttlttlt‘ttuttt‘ttz
720 4278 1237 4402 ttttttttttpltttt‘tlttt·
