3064 4976
315 120 355 234 ri
695 167 978 242 murmuri

152 357 184 406 u.
194 359 221 406 o
233 357 289 407 aaa
314 333 515 404 adminiculis
530 331 717 420 prolapsio,
734 333 850 400 iterum
870 334 1076 415 corruissent,
1092 357 1152 404 nec
1166 337 1279 424 stirpes
1294 339 1386 406 circa

152 423 184 470 Α·
194 424 221 471 ⁰·
232 423 288 490 218.
313 423 485 501 radicesue,
502 422 541 489 ad
569 444 646 507 quas
668 419 751 506 pede
776 432 831 486 aut
856 443 951 488 manu
1004 422 1144 510 uinquam
1167 427 1245 493 eniti
1259 439 1386 512 posset,

313 521 421 586 eruum
444 510 509 576 itay
523 507 633 575 inlesi
648 519 772 576 tantum
786 503 888 596 glacie
907 445 1077 596 tabidaque
1098 511 1170 576 nive
1191 512 1379 580 volutabro·
1402 505 1406 516 ’

313 609 396 665 ture.
411 595 436 634 ⁶¹
440 597 586 682 jumenta
608 595 773 670 secubant3
803 593 965 660 interdum
994 597 1121 675 edam‘,
1144 608 1213 662 tum
1234 599 1380 669 infimam

270 733 273 746 .
312 681 525 771 ingredientia
548 681 665 758 nivem,
682 694 713 746 et
727 679 882 766 prolapsa
904 681 1064 766 jactandis
1085 684 1213 771 gravius
1227 685 1260 750 in
1277 687 1379 752 conti-

231 796 234 806 ¹
311 769 420 836 nendo
444 767 583 856 ungulis,
606 767 733 852 penitus
758 765 1015 856 perfringebaut:
1046 781 1082 837 ut
1106 769 1193 855 plera
1217 795 1268 852 ue,
1291 772 1381 838 velut
1435 833 1441 843 .

311 856 425 942 pedica
439 868 543 939 capta,
558 853 718 920 haererent
728 853 761 922 in
777 851 891 922 durata
902 865 933 920 et
947 854 1010 922 alte
1024 869 1172 924 concreta
1186 881 1207 942 g
1239 858 1297 923 cie.

356 941 547 1010 XXXVII.
569 939 725 1018 Tandem,
740 939 957 1027 nequidquam
966 942 1119 1027 jumentis
1133 955 1228 1029 atque
1240 944 1381 1010 homini·

312 1028 372 1098 bus
392 1027 542 1114 fatigatis,
558 1037 662 1097 eastra
685 1026 719 1093 iu
737 1027 820 1114 jugo
839 1027 953 1111 posita,
968 1029 1136 1114 aegerrimc
1154 1030 1201 1098 ud.
1219 1029 1252 1096 id
1272 1030 1381 1116 ipsum

311 1115 385 1181 loco
394 1125 547 1202 purgator
569 1125 695 1180 tantum
706 1112 789 1176 nivis
802 1111 989 1182 fodiendum
1000 1127 1095 1202 atque
1105 1116 1299 1202 egerendum
1309 1116 1384 1186 fuit.

150 1217 298 1279 unperque
313 1201 396 1268 Inde
416 1201 458 1266 ad
481 1222 592 1287 rupem
617 1199 834 1276 muniendam,
852 1221 910 1285 per
933 1221 1027 1286 quam
1044 1219 1142 1268 unam
1155 1202 1209 1269 tia
1221 1225 1288 1268 esse
1307 1217 1381 1288 pot-

150 1288 254 1396 Μῶζῗ
313 1301 392 1366 erat,
408 1285 523 1354 milites
537 1285 636 1365 ducti,
652 1307 750 1372 quum
769 1285 956 1353 caedendum
972 1300 1197 1367 asset'raxuru,
1212 1289 1384 1356 arboribus

149 1360 191 1394 ²¹¹⁰
314 1376 400 1443 circa
424 1373 606 1440 inmanibus
629 1372 757 1458 dejectis
782 1371 1050 1459 detruncatisque,
1073 1387 1191 1442 struem
1216 1376 1379 1463 ingentem

312 1463 475 1550 lignorum
489 1457 627 1526 faciunt:
650 1480 783 1545 eamque
798 1461 910 1546 (quum
932 1472 963 1527 et
977 1461 1023 1524 vir
1037 1461 1123 1527 venti
1136 1474 1211 1548 apta
1231 1460 1381 1530 faciendo

264 1601 266 1610 s
312 1549 380 1638 igni
392 1557 501 1614 coorta
512 1547 606 1629 esset)
621 1544 828 1622 succendunt,
840 1545 866 1584 ⁶²
875 1545 1082 1634 ardentiaque
1097 1571 1173 1614 sarra
1187 1547 1292 1614 infuso
1306 1571 1380 1616 ace-

313 1647 347 1701 to
367 1632 593 1721 putrefaciunt.
638 1632 689 1698 lta
710 1632 865 1698 torridam
886 1633 1034 1698 incendio
1056 1656 1169 1720 rupem
1190 1633 1274 1700 ferro
1295 1657 1386 1721 pan-r

312 1721 405 1799 dunt,
420 1719 667 1869 ⁶³molliuntque
681 1717 885 1785 amfractibus
906 1719 1039 1784 modicis
1061 1721 1168 1802 clivos,
1183 1734 1219 1788 ut
1241 1743 1306 1788 non
1323 1723 1380 1809 ju·

311 1820 418 1894 menta
433 1807 547 1888 solum,
563 1829 596 1872 se
633 1805 794 1890 elephanti
808 1805 914 1883 etiam,
930 1805 1045 1872 deduci
1059 1819 1200 1894 possent.
1245 1808 1383 1886 Quaeri·
1462 1827 1464 1832 ·
1526 1813 1530 1826 ⁴

312 1894 508 1962 duumuiros
523 1913 634 1979 rupem
650 1903 862 1970 consumtum,
873 1891 1138 1979 jumentir'prope
1151 1892 1236 1960 farne
1249 1895 1382 1962 absum-

312 1981 370 2048 tis:
393 1980 481 2046 nuda
505 1981 591 2046 enim
611 1977 677 2046 fere
699 1978 866 2044 cacumina
884 1990 969 2057 suut,
984 1991 1026 2058 et,
1043 1981 1070 2044 si
1092 1981 1236 2067 quidest
1256 1981 1381 2066 pabuli,

311 2068 454 2134 obruunt
473 2067 573 2132 uires.
609 2063 819 2132 “Insertum
833 2064 927 2132 valles
942 2077 974 2130 et
987 2066 1112 2150 apricos
1134 2067 1290 2153 quosdam
1311 2067 1383 2134 eol-

311 2155 359 2220 les
381 2155 511 2231 babent,
532 2152 689 2238 rivosque,
705 2172 807 2236 prope
829 2149 934 2229 silvas,
950 2151 1017 2218 ⁶⁵et
1026 2153 1269 2239 jam⁰bumano
1287 2158 1384 2226 cultu

311 2240 459 2328 digniora
473 2241 553 2306 loca.
597 2233 649 2303 Ibi
657 2238 803 2324 jumenta
814 2236 847 2302 iu
861 2236 1014 2323 pabulum
1035 2239 1142 2321 missa,
1156 2253 1189 2304 et
1203 2240 1291 2326 quies
1305 2263 1379 2306 mu-

311 2328 431 2397 niendo
445 2326 531 2392 fessis
553 2324 735 2390 hominibus
759 2323 836 2388 data
859 2323 978 2390 triduo.
1000 2325 1076 2390 inde
1098 2327 1140 2392 ad
1163 2326 1294 2412 planum
1319 2328 1379 2393 de-

286 2407 292 2416 ’
311 2436 456 2494 sconsum
464 2412 486 2490 ⁶,
499 2412 593 2476 etiam
605 2411 683 2476 Iocis
696 2409 895 2492 mollioribus
908 2423 940 2477 et
954 2411 1136 2476 adcolarum
1153 2413 1298 2501 ingeniis.

149 2516 295 2644 fflmin‘
357 2497 566 2566 XXXVIII.
590 2497 665 2562 Hoc
691 2496 834 2562 maxime
855 2495 954 2564 modo
978 2498 1012 2563 in
1038 2498 1162 2565 ltaliam
1187 2501 1378 2586 perventum

211 2583 259 2629 'tur
673 2583 676 2588 '

151 2645 282 2695 Hmibstl·
343 2668 764 2735 :prunestre-immersu
878 2671 981 2731 raraque
992 2671 1063 2718 crcr.
1194 2673 1379 2732 zinterpunctio

313 2736 478 2794 (immeritem,
484 2736 586 2796 probata
593 2734 774 2790 cmvermhaec
782 2740 834 2782 eutr
846 2735 1175 2800 -uolutalrautrrrjumentira
1190 2737 1294 2784 comburit
1303 2737 1381 2786 brier-s

312 2799 620 2863 dum,rtiamtumiqf·&c·
717 2801 817 2863 *etjam
827 2799 898 2848 Grer.
984 2797 1379 2864 biqfrrioruuulliraprtccrqsord.

313 2869 387 2914 Gron.
401 2865 472 2913 crev.
579 2864 672 2912 ‘etium
683 2863 760 2914 Gran.
857 2863 1058 2913 indurescere.

345 3035 375 3084 dl
392 3035 505 3084 cannata
532 3036 635 3084 secabunt
665 3034 784 3084 interdum
806 3039 829 3083 et
861 3035 937 3084 uibali
964 3042 1062 3085 tantum
1090 3036 1281 3100 suppeditaverit
1305 3037 1381 3086 aceti.

306 3104 360 3165 jum
371 3097 433 3163 tam]
447 3101 476 3147 In
487 3099 593 3164 vulgatis
609 3100 734 3148 durinctio
753 3113 828 3162 appo·
861 3099 894 3148 Et
915 3103 1016 3162 quidem
1038 3101 1099 3148 nihil
1128 3104 1176 3150 tale
1198 3101 1271 3149 habet
1292 3101 1380 3162 Polyb·

313 3166 381 3212 nitur
399 3165 460 3224 post'
471 3180 556 3213 vocem
567 3165 685 3228 jumam'.
717 3166 764 3212 Sed
775 3181 828 3214 me·
861 3168 976 3214 ceterum
994 3165 1047 3226 igni
1065 3173 1090 3213 et
1109 3173 1178 3232 aceto
1196 3165 1278 3226 rumpi
1298 3166 1380 3214 silices

312 3231 361 3276 rito
371 3229 467 3276 videtur
478 3229 615 3277 Gronovius
634 3244 689 3278 eam
708 3231 765 3276 huic
785 3245 828 3277 vo·
860 3231 965 3278 affirmat
976 3233 1038 3278 Plin.
1051 3227 1184 3280 XXXIII.
1194 3231 1218 3279 8.

312 3295 334 3341 ci
346 3293 513 3355 praeposuisse,
525 3301 553 3342 ut
570 3308 599 3340 ea
615 3309 670 3354 quae
687 3296 828 3354 praecedunt
893 3293 925 3343 63
934 3293 948 3322 '
956 3293 1089 3342 Molliunt.
1102 3325 1109 3342 .
1122 3325 1129 3340 .
1141 3293 1312 3360 ‚amfractilur
1327 3307 1379 3341 mo·

312 3362 344 3420 ad
366 3359 477 3406 homines
498 3361 563 3422 ipsos
585 3358 730 3407 referantur.
773 3359 828 3406 Hoc
859 3359 919 3408 dicis
934 3359 1016 3422 clivos]
1034 3359 1092 3406 Non
1111 3367 1189 3408 rectas
1206 3362 1300 3407 ducunt
1314 3357 1378 3415 vias,

312 3424 401 3488 quippe
420 3426 493 3472 modo
510 3424 587 3471 oratio
598 3429 623 3469 et
637 3423 772 3470 distinctior
783 3430 830 3478 est,
860 3425 903 3471 sed
924 3438 967 3486 per
985 3425 1094 3472 modicos
1115 3425 1247 3472 amfractus
1266 3424 1380 3480 inflexas,

254 3487 260 3494 '
311 3495 337 3536 et
364 3488 443 3549 magis
473 3487 656 3536 accommodata
680 3489 712 3534 ad
733 3487 828 3549 Polybii
860 3489 896 3536 ite
917 3495 946 3536 ut
968 3489 1065 3536 mollior
1085 3490 1215 3543 descensus
1236 3501 1281 3556 per
1301 3487 1380 3536 clivos

311 3557 431 3612 mentem,
441 3567 516 3614 quem
526 3553 566 3598 hic
578 3552 640 3597 fidus
651 3551 770 3611 Interpres
786 3565 828 3598 ex·
862 3553 937 3601 fieret.

311 3619 395 3666 scribit
406 3619 497 3666 Livius.
531 3617 561 3664 In
573 3615 603 3661 iis
614 3628 670 3675 quaa
682 3621 828 3676 sequuntur,
892 3617 926 3666 64
940 3617 1058 3684 Inferiore
1069 3615 1152 3679 cadis]
1164 3613 1254 3665 Melius
1265 3610 1382 3674 somme,

310 3683 456 3744 particulam
474 3682 547 3728 etiam
563 3680 708 3727 resolemua
724 3681 750 3726 in
767 3681 830 3727 duas
860 3685 926 3746 quod
941 3697 971 3730 ex
987 3697 1037 3730 uno
1052 3680 1108 3730 MS.
1126 3683 1166 3728 cui
1183 3683 1276 3730 accedit
1287 3694 1380 3746 ιιιιιιεαΙ

311 3749 409 3796 voculas
425 3749 525 3810 etjam.
555 3743 668 3792 Jamenu
683 3745 789 3806 irfimuru
799 3746 828 3792 il-
859 3749 942 3810 regiis,
958 3747 1030 3796 affert
1043 3743 1097 3796 lac.
1111 3745 1262 3796 Gronoviusr
1281 3745 1380 3812 inferio-

310 3811 362 3860 Iirm'
372 3813 460 3866 nivem,
475 3811 522 3857 boc
533 3813 579 3862 eet,
597 3813 716 3864 veterem,
730 3810 829 3869 duram,
860 3827 889 3859 rr
901 3811 971 3859 vulbe
981 3814 1003 3860 ct
1012 3812 1103 3872 apricos
1114 3844 1121 3859 .
1133 3842 1140 3858 .
1153 3843 1160 3862 .
1172 3843 1180 3859 .

309 3882 332 3924 et
343 3879 399 3940 jum
418 3875 469 3922 turs
486 3872 652 3934 ingredientia,
668 3873 685 3920 i.
702 3888 725 3922 e.
735 3873 775 3922 vel
790 3875 828 3934 ip-
894 3877 926 3923 65
942 3875 977 3923 ut
987 3877 1042 3940 Jum
1057 3875 1158 3924 duamur
1173 3872 1250 3940 cuttu]
1270 3871 1381 3924 Diuum

310 3956 337 3988 so
351 3939 461 4002 primum
476 3939 596 4000 ingressu,
608 3938 721 3993 secamur,
737 3941 760 3985 et
772 3953 829 4002 pro-
861 3943 909 4002 legi
931 3939 1055 4004 jussimus
1076 3947 1174 3989 auotore
1196 3937 1329 3999 Gronovio',
1355 3939 1381 3986 et

309 4007 384 4068 lapsa,
406 4001 529 4066 jactandis
551 4002 654 4064 grauim
682 4001 778 4064 ungulis
803 4005 830 4051 in
854 4009 919 4070 jam,
937 4019 1015 4068 quum
1041 4003 1134 4068 vulgati
1157 4003 1275 4054 baberent
1299 3999 1382 4053 mium}

309 4069 443 4118 continendo
463 4081 498 4121 se,
520 4073 548 4114 ut
570 4079 596 4112 8²
618 4065 781 4127 continerent,
801 4074 830 4116 ut
862 4071 930 4118 Infra
946 4081 1042 4133 quoque
1060 4069 1191 4118 dividenda
1208 4083 1293 4118 rursus
1311 4069 1382 4132 vide,

311 4135 436 4182 firmarent
453 4132 595 4194 vestigium,
613 4133 708 4192 penitus
726 4131 830 4196 perfrin-
861 4141 903 4182 tur
918 4135 1004 4182 eadem
1024 4133 1158 4196 particula:
1175 4139 1198 4182 rt
1207 4134 1383 4200 jum,seup07

306 4199 400 4262 gabant.
861 4201 920 4258 tius,
934 4202 988 4262 jam
1005 4202 1028 4245 rt
1046 4197 1107 4248 locis
1117 4197 1270 4257 moturum,
1281 4201 1305 4248 cl
1315 4211 1383 4246 mco·

343 4263 374 4320 62
390 4261 549 4322 Armaque
576 4274 635 4308 raca
659 4260 740 4326 insum
767 4266 830 4310 aceto
860 4259 1056 4328 lurumiugeriir.

308 4321 481 4392 putrefaciunt]
502 4325 596 4374 Mirum
614 4341 682 4383 sanc,
700 4327 764 4376 unde
777 4327 829 4375 An·
