3122 4962
367 126 370 131 .
474 177 569 238 ΗΒ.
587 173 710 236 ’ΧΧνῐ.
735 177 836 236 cni.
866 177 904 242 ΙΙ.
1149 187 1206 247 nor

146 337 360 422 hibernarent,
368 363 445 408 nere
454 339 1056 428 bibemupropiusullamurbemdecem
1067 339 1206 408 millibus
1215 359 1281 408 uc
1293 361 1351 411 541.

144 451 295 515 passuum
307 427 511 494 aedificarent.
556 428 596 494 L.
608 427 758 494 Cornelio
773 429 805 492 in
823 426 1055 494 salutandus
1066 425 1281 518 legionesi-0
1293 425 1350 475 ²¹¹·

144 515 240 594 daim,
250 516 366 602 quibus
375 515 419 592 Q.
429 515 559 580 Mucius
568 514 746 599 praeiuerat.
759 513 1021 600 supplementum,
1034 517 1058 578 si
1068 537 1147 596 opus
1157 539 1205 580 es·
1286 526 1291 536 '

145 616 204 678 set,
216 601 362 666 consules
371 602 508 666 scribere
515 601 603 686 jussi.
636 599 678 664 T.
692 599 829 665 Otacilio
841 616 873 665 et
885 599 933 664 M.
945 599 1073 665 Valerio
1086 603 1204 667 Sicilioe

147 687 410 772 Graecioequeora
419 709 491 752 cum
501 684 901 773 legionibusciossibusque‚
910 685 1022 770 quibus
1032 681 1201 774 praeerant,

144 773 293 840 decretae.
315 773 580 860 ⁴Quinquaginta
593 771 702 837 Graeci
713 793 784 836 cum
797 775 921 857 legione
932 793 1006 848 una,
1016 787 1140 838 centurn
1153 775 1203 839 Si·

144 858 210 924 culi
220 880 295 924 cum
305 858 429 924 duabus
439 859 616 946 legionibus
626 857 785 922 habebant
793 877 899 924 noves.
924 857 1349 948 Tribusetvigintits.1.e3n.

143 945 321 1034 legionibus
332 945 625 1010 Romaniseoanno
634 943 750 1008 bellum
761 959 846 1008 terra
854 943 934 1008 mari
960 955 1262 1034 uacstgestum.¹¹²

188 1030 235 1099 ll.
260 1031 423 1116 Principio
437 1033 503 1117 ejus
517 1031 592 1096 anni
608 1051 705 1116 quum
720 1029 761 1094 de
773 1029 874 1094 literis
891 1029 930 1094 L.
1003 1031 1061 1094 rcii
1073 1031 1202 1098 referre·
1211 1043 1339 1092 neren.

143 1130 208 1196 tur,
221 1139 271 1182 res
282 1131 380 1206 gestas
391 1117 571 1204 magnilicae
581 1117 702 1183 senatui
714 1115 807 1180 visre:
824 1115 935 1181 titulus
947 1115 1077 1182 honoris
1089 1119 1202 1205 (quod,
1212 1108 1306 1156 Mffl'*

144 1204 280 1290 imperio
293 1225 358 1268 non
381 1203 491 1290 populi
511 1205 612 1289 jussu,
627 1224 693 1267 non
708 1225 749 1266 ex
763 1203 950 1268 auctoritate
966 1202 1097 1268 Petrum
1113 1204 1200 1283 dato,

145 1293 329 1375 Proproeior
338 1293 469 1368 roncini,
481 1290 659 1376 scripserat)
671 1309 818 1376 magnam
831 1300 954 1374 partem
969 1288 1133 1355 bominum
1144 1292 1201 1355 ob-

143 1375 300 1442 fendebat.
333 1376 413 1442 Rem
426 1375 502 1441 mali
515 1375 652 1461 exempli
667 1397 743 1455 esse,
758 1375 964 1459 imperatores
978 1375 1042 1476 legi
1056 1377 1097 1441 ab
1111 1399 1201 1442 exer-

144 1463 277 1528 citibusr
300 1474 333 1528 et
344 1461 518 1527 ⁶sollemne
532 1462 766 1548 conspicatorum
780 1461 982 1526 comitiorum
1005 1483 1042 1528 m
1053 1477 1157 1528 castra
1170 1478 1202 1530 et

143 1549 333 1634 provincias,
348 1548 460 1634 procul
472 1549 512 1613 ab
522 1547 645 1635 legibus
659 1546 965 1634 magistratibusque,
981 1547 1022 1612 sd
1033 1549 1202 1614 militarem

145 1635 353 1700 temeritatem
365 1634 538 1701 transferri.
550 1646 592 1712 et,
603 1655 700 1720 quum
713 1632 840 1720 quidam
850 1633 1048 1699 referendum
1060 1635 1100 1700 nd
1113 1657 1202 1702 sena·

144 1733 213 1786 tum
237 1733 408 1799 censerent,
431 1722 544 1786 melius
566 1721 667 1785 visum
692 1717 811 1784 differri
833 1741 902 1784 earn
926 1721 1200 1802 consultationem,

143 1807 247 1872 donec
260 1807 536 1893 proficiscerentur
550 1807 678 1894 equites,
694 1807 748 1892 qui
763 1806 804 1870 ab
817 1805 944 1871 Marcio
958 1805 1064 1872 literas
1079 1807 1202 1874 adtule-

143 1906 227 1958 rant.
266 1893 411 1960 Rescribi
422 1895 463 1958 de
472 1893 630 1958 frumento
645 1904 677 1957 et
690 1893 881 1956 vestimentis
894 1893 1200 1980 exercitusplacuit:

144 2003 212 2044 eom
222 1991 381 2066 utrunque
394 2003 456 2045 rern
466 1981 627 2065 nrroefhre
636 1981 768 2044 cercini.
780 1977 915 2044 adscribi
925 1993 1044 2059 autern,
1054 1982 1202 2064 Proprce-

144 2069 209 2131 tori
222 2068 264 2132 L.
280 2067 417 2145 Marcio,
433 2087 497 2130 non
513 2065 648 2151 placuit:
672 2064 734 2128 ⁶ne
752 2064 784 2126 id
805 2065 919 2148 ipsum,
936 2066 1021 2149 quod
1044 2069 1202 2132 consulte·

145 2152 225 2216 doni
235 2152 437 2238 reliquerant,
449 2174 508 2238 pro
519 2152 726 2238 praejttdicato
737 2149 842 2216 ferret.
876 2151 1201 2237 Dimissisequitibrn,

144 2238 187 2303 de
199 2238 289 2304 nulle
309 2260 344 2304 re
363 2238 452 2324 prius
473 2238 617 2302 consules
631 2236 816 2313 retulerunt,
832 2237 1040 2324 omniumque
1053 2239 1086 2302 in
1102 2259 1203 2303 unum

144 2326 309 2390 sententiae
330 2325 557 2412 congruebant,
572 2324 732 2410 agendum
754 2343 827 2387 cum
850 2321 983 2388 tribunis
1003 2323 1104 2409 plebis
1122 2345 1201 2403 esse,

145 2411 250 2496 primo
263 2433 390 2497 quoque
403 2425 545 2496 tempore
559 2411 599 2474 ad
615 2409 736 2492 plebem
751 2409 881 2487 ferrent,
897 2431 990 2495 quem
1006 2431 1077 2474 cum
1101 2411 1144 2476 im

137 2497 194 2562 rio
207 2496 290 2562 mitti
305 2497 443 2584 placeret
455 2498 488 2560 in
505 2496 694 2581 Hispaniam
714 2495 755 2559 nd
777 2517 848 2560 eum
871 2496 1055 2576 exercitum,
1072 2499 1122 2563 cui
1140 2433 1202 2564 db.

145 2583 199 2649 Sci
224 2583 256 2648 io
269 2583 442 2670 imperator
455 2582 641 2667 praefuisset.
687 2580 736 2645 Ea
746 2601 795 2645 res
805 2603 876 2646 cum
892 2582 1028 2646 tribunis
1042 2597 1113 2650 acta
1126 2607 1202 2671 pro-

144 2605 348 2756 mui'gataque
361 2683 418 2734 est.
464 2669 526 2734 Sed
549 2667 634 2734 aliud
659 2681 815 2733 certamen
836 2682 1045 2753 occupaverat
1067 2672 1201 2738 animos.
1394 2745 1398 2752 ,

146 2755 188 2820 C.
202 2758 275 2822 Sem
317 2757 409 2820 onius
425 2755 548 2820 Blaesus
562 2754 614 2819 die
627 2755 712 2818 dicta
728 2755 788 2819 Cn.
808 2753 962 2830 Fulvium,
975 2757 1018 2819 ob
1029 2759 1199 2822 exercitum
1210 2773 1364 2824 ceruina·

143 2841 179 2907 iu
199 2842 319 2927 Apuio
342 2843 503 2920 amissum,
526 2841 561 2905 in
585 2841 790 2905 concionibus
804 2841 958 2906 vexabat:
980 2845 1088 2909 rnniior
1107 2847 1201 2929 inpe-
1210 2847 1344 2898 mutor,

143 2938 264 2994 ratores
278 2931 450 2994 teneritate
470 2937 562 3012 aiqroe
583 2929 744 2992 irunientin
765 2928 929 2991 enermimn
951 2929 984 2990 in
1006 2932 1100 2993 ionem
1115 2954 1202 3015 prae·

142 3016 267 3098 ciperem
298 3016 479 3098 perdocuisse
505 3013 671 3078 dictitans:
705 3015 863 3090 nerninem,
889 3023 1007 3098 meter
1037 3016 1094 3080 Cn.
1126 3019 1203 3082 libl-

144 3103 237 3178 oinn,
262 3110 337 3166 anie
364 3101 538 3182 conrupisse
566 3099 702 3163 omnibns
729 3101 816 3164 uitiis
843 3101 977 3184 legiones
1004 3123 1083 3180 ruer,
1114 3125 1204 3188 qrrnm

139 3189 296 3270 produn.
326 3189 432 3271 itaque
460 3207 529 3250 nere
556 3187 621 3248 dici
643 3203 742 3268 porse,
768 3186 859 3267 priris
886 3207 936 3249 eos
959 3190 1086 3268 perisse,
1112 3209 1203 3273 pram

143 3273 426 3345 uiderentdcstemf
450 3293 504 3336 nec
528 3272 567 3335 ab
583 3271 775 3347 Hannibale,
790 3271 844 3334 ted
867 3271 907 3333 ad
930 3273 1115 3354 imperatore
1137 3298 1201 3353 sno,

143 3362 238 3426 uictor
257 3381 328 3425 erse.
372 3358 541 3435 Neminem,
558 3379 646 3442 quum
666 3358 851 3445 suffragium
869 3359 964 3433 ineat,
979 3360 1056 3423 rotis
1070 3381 1202 3439 canere,
1233 3379 1244 3393 “

142 3449 195 3511 orei
208 3447 378 3530 inperium,
393 3446 615 3508 crtienercitnm
624 3445 797 3526 permittat.
840 3441 950 3516 lQuid
962 3443 1140 3530 intepin'rse
1153 3449 1203 3511 in·
1238 3489 1252 3500 -

165 3579 195 3631 ’4
211 3563 387 3644 Quinimmo
420 3581 513 3646 Greci]
549 3581 658 3628 Tuendae
690 3587 752 3628 rant
785 3581 833 3628 llic
854 3577 882 3629 oi
893 3579 972 3644 ferrei
990 3585 1074 3631 eodem
1096 3561 1203 3644 sentus

144 3649 288 3698 oratorum
307 3659 357 3693 ores
375 3647 551 3708 quinquaginta
567 3657 656 3700 navem
691 3645 761 3692 Livio
772 3653 914 3706 usurpatum
926 3653 972 3703 est,
981 3661 1029 3709 quo
1039 3661 1112 3710 supro
1122 3650 1139 3696 l.
1152 3649 1201 3698 lll.

144 3713 292 3771 smmum,
302 3718 401 3760 centum
412 3718 539 3772 mouent.
690 3724 712 3759 c.
721 3708 760 3756 in
772 3715 798 3757 ni
808 3712 905 3757 tacitum
926 3725 978 3760 erac
988 3712 1047 3773 quod
1056 3713 1126 3759 colori
1136 3717 1180 3762 nir·

178 3776 319 3825 6¹⁸⁰an
351 3777 522 3835 cupientem
556 3774 659 3820 mnitib-
723 3772 849 3828 ΝΜ·
926 3777 1202 3827 cenomanen·

143 3839 212 3903 ml
229 3841 334 3888 Solem
350 3840 500 3894 institutum,
517 3851 565 3898 quo
584 3838 659 3884 comi·
685 3838 810 3902 ponium]
837 3839 891 3887 Hoe
912 3853 1027 3889 mancum
1046 3853 1109 3897 esne,
1128 3855 1202 3891 nuno

144 3905 315 3966 uoempiuto
326 3905 412 3952 liotore
421 3904 581 3950 habebuntur.
690 3915 739 3949 nou
758 3902 832 3951 videt.
866 3903 948 3952 Codex
966 3918 1040 3967 unus,
1058 3911 1120 3954 teste
1138 3908 1203 3957 Gro-

176 3968 254 4017 ch
268 3969 294 4016 id
310 3970 423 4029 φησι..
433 3967 523 4030 ferret]
541 3966 658 4014 NeMor·
690 3968 772 4024 novio,
785 3968 862 4014 babet
880 3968 942 4016 inter
957 3970 1018 4018 buno
1035 3975 1058 4019 ci
1077 3971 1116 4019 Ti.
1135 3973 1202 4020 Sent-

143 4035 197 4084 cius
217 4033 334 4091 micent,
359 4033 384 4080 id
411 4038 456 4085 eet,
481 4035 657 4092 moueretur,
685 4031 805 4094 poeninen.
837 4032 919 4092 Atque
929 4035 975 4081 hoc
988 4036 1202 4098 modolegenuum

143 4105 263 4160 mmm
279 4098 361 4158 ulique
375 4093 428 4159 jom
447 4091 596 4157 prejudicio,
607 4095 658 4140 sisa
691 4102 737 4150 est,
748 4095 795 4140 nisi
811 4107 869 4142 orm
885 4099 970 4144 ecdem
981 4100 1103 4147 Gmnovio
1115 4101 1201 4149 meiius

143 4163 223 4224 pin
233 4162 340 4223 qondam
354 4157 449 4222 judicio
464 4161 490 4206 in
506 4165 659 4208 ontoeettum
693 4158 756 4214 Qun
773 4157 907 4221 inurjbitoe
922 4160 984 4208 burte
999 4167 1022 4209 et
1042 4157 1084 4212 Ἠ.
1096 4165 1203 4226 Serrrpro-

143 4225 263 4284 moini
275 4226 421 4274 ottubrutum
440 4233 498 4272 mm
516 4225 597 4284 iprum
615 4224 660 4270 bo·
690 4222 777 4270 mi
793 4230 822 4270 ut
840 4224 904 4286 apud
922 4225 978 4275 'Pon
992 4227 1201 4288 Austranum.

143 4291 210 4340 omit
227 4289 340 4348 titulum,
356 4301 429 4349 quem
446 4295 530 4335 utrum
541 4289 564 4334 ei
574 4301 659 4334 conce
691 4287 729 4335 Sc.
742 4287 765 4336 1.
776 4288 831 4336 Hoc
837 4293 940 4350 poterae
949 4289 1056 4338 dontinus
1066 4293 1168 4342 interest.

143 4357 201 4408 dero
219 4355 343 4408 dolrem,
363 4351 534 4400 consultationi
555 4352 657 4412 neuque·

730 4425 806 4515 xi,-
