3064 4976
349 912 629 996 EPITOME
653 909 830 996 LIBRI
854 911 1030 999 XVIII.

147 1173 207 1258 1A
213 1189 374 1256 riorus
382 1189 520 1276 mgnum
530 1191 564 1254 n
573 1187 688 1278 Africa
698 1202 865 1276 superum
869 1199 1059 1276 percaram
1068 1190 1224 1279 magnitu-

149 1277 236 1341 dinis
255 1299 322 1340 cum
337 1299 452 1362 magna
466 1277 596 1342 militum
609 1279 697 1342 clade
710 1279 833 1357 occidit,
847 1289 887 1356 et,
904 1301 993 1364 quum
1007 1281 1127 1365 aliquot
1135 1301 1222 1366 preu-

148 1363 205 1427 liis
218 1363 294 1427 bene
308 1366 453 1428 adamus
460 1363 741 1451 Karthaginienses
748 1375 926 1450 pugnasset,
938 1387 1144 1452 necessarque
1157 1367 1188 1432 ei
1201 1391 1223 1432 a

149 1460 263 1514 senatu
271 1472 422 1534 prospere
432 1450 540 1515 bellum
550 1454 676 1536 gerenti
689 1473 748 1517 non
763 1455 944 1530 mitteretur,
957 1454 993 1516 id
1005 1454 1102 1535 ipsum
1112 1475 1173 1538 per
1182 1455 1223 1518 li-

148 1545 234 1602 teras
248 1539 294 1600 ad
306 1547 443 1603 senatum
453 1539 561 1602 missas
574 1547 693 1623 qucstm
707 1548 761 1604 est.
777 1539 929 1624 inquibus
944 1541 1026 1604 inter
1033 1561 1155 1606 caussas
1161 1562 1223 1625 pe-

149 1624 241 1686 tendi
252 1625 431 1689 successoris
445 1633 524 1702 erat,
539 1627 622 1709 quod
633 1627 751 1710 agellus
764 1625 827 1708 ejus
840 1647 862 1690 a
876 1625 1073 1691 mercenariis
1087 1627 1222 1694 desertus

148 1720 235 1774 esset.
283 1709 448 1788 Quaerente
469 1712 580 1774 deinde
589 1711 739 1796 fortuna,
754 1722 789 1777 ut
809 1733 950 1798 magnum
964 1714 1122 1798 utriusque
1134 1733 1222 1781 casus

149 1799 318 1945 §emplum
334 1799 368 1861 in
379 1799 501 1883 Regulo
511 1799 706 1899 predaretur,
717 1801 863 1902 arcessito
873 1821 894 1862 a
904 1798 1221 1900 Karthaginiensibus

186 1885 339 1968 anthrppo
349 1885 651 1948 Laccdanoncarum
666 1887 750 1968 duce,
765 1895 862 1950 arctus
869 1887 991 1970 proelio
1000 1895 1030 1950 et
1043 1893 1151 1970 captus
1165 1895 1220 1954 est.

148 1969 216 2033 Res
227 1973 340 2034 deinde
354 1993 374 2033 a
385 1969 510 2035 ducibus
519 1969 669 2035 Romanis
679 1971 814 2037 omnibus
824 1982 910 2037 terra
925 1973 1063 2056 marique
1069 1993 1222 2056 prospere
1343 1992 1346 2005 ·

143 2065 251 2140 gestas
275 2055 523 2143 dqformooerunt
547 2058 717 2144 rrarcjiagia
741 2060 891 2124 classium.
940 2059 993 2123 Ti.
1010 2057 1221 2128 Coruncanius

142 2145 268 2226 primus
282 2143 419 2228 explebe
427 2144 573 2229 pontisera
586 2147 734 2211 maninus
748 2156 867 2211 creatis
879 2155 934 2210 est.
965 2146 1008 2209 P.
1024 2145 1221 2230 Sempronius

145 2229 277 2314 Sophus,
294 2231 358 2294 Μ’.
369 2229 520 2295 ‘Valerius
535 2230 694 2296 Marinus
709 2253 854 2310 censores,
870 2253 960 2318 quum
980 2241 1117 2296 senatum
1138 2234 1220 2318 lege·

146 2327 228 2399 rent,
244 2319 389 2382 tredecim
402 2327 512 2381 senatu
525 2327 691 2382 nonerunt.
708 2320 834 2383 lustrum
850 2319 1061 2394 conciderunt,
1077 2339 1137 2402 quo
1150 2339 1220 2382 cen·

145 2425 182 2467 sa
196 2414 269 2468 sunt
283 2406 391 2468 ciuium
405 2406 514 2488 capito
524 2405 654 2468 ducenta
669 2407 841 2491 nonaginta
855 2413 966 2488 septem
976 2405 1089 2482 millia,
1102 2407 1221 2488 septim-

145 2500 244 2576 genta
260 2493 433 2580 nonaginta
448 2500 579 2574 septeno
601 2492 739 2578 Regulus
752 2493 857 2557 missus
870 2514 891 2555 a
905 2491 1221 2576 Karthaginiensibus

148 2580 193 2641 ad
204 2587 354 2654 senatun,
364 2587 398 2642 ut
412 2579 450 2640 de
457 2599 548 2660 pace,
559 2586 598 2654 et,
608 2579 637 2641 si
650 2599 716 2642 earn
730 2599 791 2642 non
797 2588 901 2662 posset
913 2579 1081 2660 inpetrare,
1094 2578 1133 2642 de
1145 2599 1220 2662 cap·

147 2666 222 2728 tiois
231 2665 453 2728 commutandis
463 2674 579 2748 ageret,
594 2661 855 2750 'etjurejurondo
865 2666 1038 2743 adstrictus,
1049 2665 1220 2731 redituum

149 2772 180 2814 se
193 2751 434 2836 Karthaginem,
449 2752 478 2815 si
490 2753 669 2816 commutari
682 2753 820 2835 captivos
833 2773 894 2816 non
903 2752 1070 2834 placuisset
1075 2785 1088 2823 ‚·
1104 2760 1220 2816 utrum·

149 2859 207 2922 que
221 2839 359 2924 negandi
372 2847 480 2901 auctor
492 2839 616 2902 senatui
615 2839 708 2921 fnit.-
724 2848 763 2916 et,
776 2839 938 2924 quumfide
952 2837 1104 2901 ennodita
1117 2859 1221 2903 rever·

149 2943 198 2990 sus
212 2934 300 3008 esset,
314 2925 466 3010 supplicio
481 2947 502 2988 a
516 2925 832 3010 Karthaginiensibus
846 2926 886 2988 de
899 2944 934 2987 eo
947 2932 1053 3000 sumto,
1064 2924 1176 3007 periit.

179 3111 193 3160 1
209 3111 304 3158 Atilius
320 3109 429 3172 Regulus
444 3112 523 3158 consul
539 3111 607 3158 victis
625 3125 668 3157 ua·
699 3111 826 3158 victoriam
848 3109 960 3156 novalem
980 3107 1069 3168 Reguli
1087 3109 1119 3154 de
1138 3105 1221 3155 Panis
1241 3143 1243 3150 .

148 3177 194 3223 volt
205 3177 291 3239 pratia
302 3176 384 3224 Peru
400 3174 546 3241 incisi-teum
561 3175 666 3238 trajecit]
699 3175 882 3233 memoraverit,
903 3177 1031 3222 censuerat
1053 3172 1162 3232 profecto
1184 3171 1220 3220 oc

148 3243 209 3290 Haec
221 3244 295 3290 vmho
309 3243 338 3288 in
354 3242 469 3290 omnibus
485 3253 546 3302 quos
559 3241 667 3287 vidisnue
698 3241 827 3302 legardam
848 3253 901 3287 esse
921 3239 985 3286 benc
1006 3237 1139 3298 epitomen,
1158 3244 1220 3299 quo-

147 3307 208 3356 Livii
228 3307 390 3366 ediuonibm,
409 3313 496 3368 preter
514 3319 555 3354 eas
573 3319 630 3366 quse
651 3319 667 3352 o
698 3307 772 3352 modo
792 3317 848 3352 enm
873 3303 1011 3354 Gronovius
1039 3311 1066 3350 et
1093 3302 1220 3350 Hemnius

148 3372 267 3420 oronovn
286 3379 313 3420 et
329 3369 441 3418 Hearnio
459 3373 582 3418 adornatae
599 3373 666 3425 sunt,
699 3371 802 3418 edidere.
1166 3425 1168 3432 Ι

147 3451 238 3486 annexa
264 3445 325 3485 sunt
352 3437 385 3482 ad
411 3437 502 3483 calcem
530 3435 597 3495 Epis.
623 3435 666 3482 lib.
730 3433 799 3483 2Et
820 3431 976 3496 jurejurando
1002 3431 1128 3478 winidos
1153 3427 1235 3476 rodi-⁴

146 3501 229 3551 XVII.
253 3501 339 3566 Hujus
351 3506 436 3548 eutem
447 3501 503 3547 libri
513 3501 619 3560 epitome
629 3500 667 3546 in·
699 3498 792 3561 tururrr]
810 3499 849 3545 Sic
863 3499 1014 3557 campanus,
1024 3501 1049 3540 et
1060 3501 1108 3542 ret.
1120 3495 1164 3542 lib.
1181 3493 1218 3540 Si·
1257 3517 1259 3526 ι

144 3568 198 3630 cipit
213 3571 240 3618 in
256 3570 327 3616 hunc
344 3557 464 3612 modomr
480 3565 571 3612 Atilius
584 3564 666 3625 Regu·
697 3564 771 3625 genii.
813 3564 909 3630 Vngos
936 3554 1094 3627 jurejurando
1119 3557 1218 3606 cumo
1248 3598 1251 3609 .

141 3632 175 3680 los
195 3635 277 3682 eonem
300 3633 328 3678 tn
351 3629 598 3694 Ast-iea'serpentcm,
618 3629 677 3676 tec..
698 3631 779 3676 tuccrt
788 3627 928 3676 rediturum.

139 3697 321 3749 transiemus
332 3708 415 3758 quum
431 3693 477 3742 hoc
490 3695 551 3742 libro
562 3692 664 3742 XVIII.
