3036 4972
420 217 515 278 trs.
537 214 657 277 xxru.
684 171 787 279 ose.
806 213 922 278 xxiv.
1138 217 1196 280 ms

131 379 182 450 nec'
195 382 358 464 dictatori,
373 383 437 448 nisi
449 383 499 447 rei
507 375 652 468 germdae
664 402 770 448 comeo
780 391 892 460 creato,
905 383 939 446 in
947 403 1001 458 ser
1008 403 1121 448 munes
1134 383 1192 448 da·
1202 393 1232 444 U·
1240 393 1268 442 (t
1281 391 1336 442 ⁵8⁶·

129 481 190 535 nrm
203 471 379 554 imperium.
412 467 437 508 ¹¹
449 468 528 546 ῥεια)
549 471 740 534 inmoderato
750 471 836 554 forr,
850 480 966 552 tempas
979 492 1016 533 oc
1029 459 1230 534 mersans*
1240 458 1268 508 ⁰·
1280 459 1343 512 ²¹⁶*

115 558 266 643 fecerint,
282 558 326 621 iis
339 557 502 620 senodum
524 557 737 640 inpositnnsm.
758 579 830 620 uam
851 577 946 640 raeque
966 565 1074 621 rotatu
1089 577 1191 640 pum

127 665 218 729 quum
239 653 391 722 moranno
405 643 508 719 auiis,
524 662 597 726 qtros
613 643 649 707 C.
664 643 847 720 Flaminius,
863 643 906 708 L.
921 643 1071 706 AErib'us
1088 663 1191 708 censa

126 752 176 794 res
190 732 224 794 in
236 729 548 813 smnuuniegisseni:
568 729 735 794 tronumbi
744 739 862 793 tortior
871 731 1058 814 recitarique
1067 749 1117 793 eos
1119 728 1191 814 jut-

126 837 248 889 nemra,-
280 837 320 880 ne
339 837 435 898 penes
458 835 550 880 unum
573 815 722 882 hominem
733 813 888 898 judicium
912 817 1133 900 arbitriumque
1153 818 1193 884 de

113 904 213 988 sturno
227 923 267 966 aa
279 902 412 966 moribus
422 900 681 986 mutuasset
685 933 699 974 ,-
721 903 810 966 etita
821 903 1086 966 indemortnornm
1096 904 1191 972 bonor

124 989 338 1070 sunnonem,
347 997 382 1052 ut
395 989 471 1051 ordo
484 989 601 1068 ordini,
611 1009 672 1051 non
687 988 773 1052 domo
786 989 904 1051 domini
910 991 1063 1070 nouas
1072 991 1192 1054 nidm-

125 1085 189 1139 aa.
237 1075 386 1140 Recitato
404 1085 509 1138 vetere
528 1087 650 1149 senatu
665 1072 741 1138 inde
759 1074 878 1158 primos
890 1073 925 1136 in
948 1074 1190 1140 demortuorum

50 1171 51 1180 ’
126 1161 236 1228 locum
260 1160 348 1248 legit,
364 1159 452 1245 ¹²qui
474 1171 547 1244 post
563 1159 602 1224 L.
618 1159 787 1224 AEmilium
808 1173 841 1225 et
856 1159 894 1224 C.
911 1158 1102 1225 Flaminium
1116 1183 1191 1225 cen·

127 1268 214 1312 sores
238 1250 384 1311 curulem
407 1247 625 1331 magistratum
647 1247 814 1330 cepissent,
829 1246 967 1310 necdum
990 1249 1022 1312 in
1044 1259 1190 1312 senatum
1223 1243 1226 1252 ’

127 1333 201 1398 lecti
216 1346 338 1410 essent3
354 1331 425 1397 1ἰιι
438 1331 571 1419 quisque
584 1353 695 1397 eorum
719 1333 839 1418 primns
864 1346 987 1399 creatus
1013 1345 1096 1398 erat:
1119 1345 1189 1398 tum

126 1420 216 1508 legit,
232 1419 289 1506 qui
313 1419 431 1496 adires,
448 1418 571 1484 tribuni
590 1419 708 1504 plebei,
725 1432 935 1506 quaestoresve
955 1419 1097 1486 fuerant}
1120 1432 1190 1486 tum

128 1529 168 1571 ex
187 1507 237 1583 iis,
255 1506 311 1592 qui
326 1506 528 1604 magistratus
542 1527 611 1570 non
628 1505 791 1590 cepissent,
807 1505 896 1592 ¹⁴qui
917 1506 1018 1592 spolia
1038 1529 1079 1573 ex
1101 1508 1191 1572 hoste
1264 1521 1266 1528 '

126 1593 192 1658 fixa
207 1593 298 1658 domi
314 1591 477 1668 baberent,
492 1603 548 1656 aut
562 1593 693 1656 civicam
709 1613 859 1656 coronam
882 1594 1083 1678 accepissent.
1128 1593 1191 1670 Ita,

127 1691 258 1744 centum
281 1679 482 1766 septuaginta
500 1694 619 1762 septem
642 1700 714 1743 cum
742 1678 862 1766 ingenti
882 1679 1112 1764 adprobatione
1131 1679 1192 1744 ho·

130 1766 251 1830 minum
275 1767 310 1830 in
332 1779 475 1830 mustum
498 1764 596 1840 lectis,
619 1763 781 1850 extemplo
803 1787 837 1828 se
857 1767 1043 1854 magistratu
1063 1767 1192 1832 abdica·

128 1853 186 1932 vit,
209 1853 412 1938 privatusque
433 1853 475 1916 de
494 1851 618 1916 Rostris
639 1850 810 1929 descendit,
832 1850 996 1923 lictoribus
1017 1854 1104 1918 abire
1123 1855 1192 1940 jus·

129 1938 182 2002 sis.
206 1938 374 2026 turbaeque
397 1961 431 2002 se
455 1937 616 2004 inmiscuit
640 1938 779 2022 privatas
805 1939 967 2026 agentium
990 1962 1052 2020 res,
1067 1953 1192 2026 tempus

125 2025 190 2090 hoc
205 2025 318 2090 sedulo
333 2039 449 2102 terens,
463 2045 506 2088 ne
519 2024 695 2089 deducendi
710 2027 759 2088 sui
773 2046 885 2090 caussa
897 2025 1052 2110 populum
1068 2027 1108 2090 de
1122 2027 1192 2090 foro

126 2113 319 2177 abduceret:
342 2133 446 2198 neque
460 2124 567 2175 tamen
582 2110 631 2176 eia
698 2110 723 2176 it
744 2133 822 2176 cura
842 2110 1008 2176 hominum
1030 2135 1068 2176 ea
1091 2133 1191 2191 mora,

125 2198 307 2285 frequentes
330 2221 371 2262 ue
392 2219 463 2262 eum
487 2197 619 2262 domum
664 2197 853 2263 eduxerunt.
898 2197 1020 2262 Consul
1035 2211 1128 2263 nocte
1142 2197 1194 2262 in·

127 2287 277 2374 sequenti
292 2221 334 2350 ad
347 2284 537 2358 exercitum¹
547 2285 652 2360 rediit,
667 2305 733 2348 non
752 2283 837 2350 iacto
858 2285 992 2350 certiore
1014 2300 1134 2362 senatu,
1150 2305 1191 2350 ne

129 2371 336 2438 comitiorum
352 2393 461 2436 caussa
474 2371 506 2434 in
522 2371 601 2435 urbe
615 2371 815 2436 retineretur.

168 2457 304 2524 XXIV.
329 2457 461 2522 Postero
483 2457 537 2522 die
556 2457 718 2522 consultus
739 2479 759 2520 a
774 2457 835 2522 M’.
853 2457 1034 2544 Pomponio
1053 2469 1192 2543 praetore

126 2559 255 2611 senaim
278 2544 426 2622 decrevit,
450 2543 603 2609 dictatori·
617 2542 828 2621 scribendum,
851 2544 909 2624 uti,
933 2545 959 2609 si
984 2567 1003 2610 e
1027 2545 1193 2630 republica

127 2643 274 2698 censeret
291 2653 367 2708 esse,
383 2631 425 2696 ad
439 2629 584 2695 consules
605 2629 823 2716 subrogandos
837 2632 960 2699 veniret
979 2653 1053 2696 cum
1076 2655 1105 2712 m
1151 2633 1158 2648 ⁸

126 2731 177 2784 tro
191 2718 338 2806 equitum
352 2729 385 2782 et
401 2730 541 2803 praetore
556 2715 607 2782 Μ.
623 2715 789 2794 Marcello,
805 2730 842 2782 ut
862 2739 902 2782 ex
924 2718 962 2782 iis
983 2655 1193 2802 praemiii}

127 2827 262 2872 noscere
279 2804 390 2870 Patres
405 2819 543 2889 possent,
557 2823 623 2889 quo
642 2816 723 2868 statu
746 2804 923 2889 respublica
937 2817 1027 2883 esset,
1043 2807 1191 2876 oonsilio·

127 2915 189 2978 qne
211 2913 254 2957 ex
277 2891 371 2956 rebus
386 2902 544 2975 caperent.
589 2888 657 2965 Qui
671 2889 764 2954 adciti
780 2905 882 2972 erant,
897 2911 1008 2956 omnes
1023 2906 1190 2971 venerunt,

127 2979 248 3043 relictis
270 2977 393 3066 legatis,
409 2978 464 3064 qni
487 2976 666 3064 legionibus
691 2987 873 3060 praeessent.
918 2977 1078 3056 Dictator,
1100 2980 1141 3044 de
1158 3003 1191 3044 se

126 3087 230 3151 pauca
248 3087 287 3129 ae
309 3064 434 3128 modice
447 3063 583 3140 locutus,
603 3063 638 3126 in
659 3063 844 3150 magistrum
859 3063 1013 3150 equitum,
1031 3065 1084 3131 Ti.
1101 3068 1191 3132 Sem·

125 3152 278 3237 pronium
302 3149 496 3227 Gracchum,
514 3171 564 3214 ma
609 3171 661 3214 am
684 3164 807 3236 partem
829 3149 942 3236 gloriae
955 3152 1069 3232 vertit3
1092 3154 1191 3218 comi-

126 3240 169 3303 tia
217 3235 363 3314 sedisse,
379 3237 495 3324 quibus
509 3235 548 3300 L.
594 3235 749 3301 ostumius
764 3237 895 3302 tertium
910 3236 1032 3316 absens,
1048 3240 1103 3325 qui
1121 3256 1191 3304 tum

128 3325 160 3390 G
206 3325 270 3390 iam
299 3324 495 3410 provinciam
524 3322 698 3398 obtinebat,
722 3334 754 3388 et
780 3322 832 3390 Ti.
858 3324 1065 3410 Sempronius
1088 3326 1192 3391 Grae·
1279 3365 1281 3370 ·

126 3411 216 3490 chus,
235 3409 292 3499 qui
321 3419 388 3476 tum
409 3409 559 3499 magister
580 3407 722 3495 equitum
736 3399 802 3475 ¹⁶et
824 3409 925 3474 aedilis
949 3410 1067 3476 curulis
1093 3425 1190 3492 erat⁰,

357 3587 370 3616 ⁰
379 3587 401 3631 et
408 3583 483 3632 ediis
493 3584 581 3634 meniu
590 3589 641 3635 erat
651 3588 699 3649 leg.
710 3601 736 3638 eo
745 3593 877 3638 mennaei
887 3589 963 3638 Gron.

158 3747 282 3806 11⁸Quoe
300 3743 465 3816 imrrodrrutc]
490 3750 552 3805 Ques
578 3751 643 3798 ultra
675 3751 818 3814 protrudunt
832 3752 1003 3815 protmrlegi
1015 3749 1090 3815 jussit
1100 3743 1197 3801 ΗΜ

124 3816 237 3869 modum,
268 3815 341 3862 uttra-
363 3817 530 3876 prescnptum
559 3817 643 3877 legum
673 3817 760 3878 pistris
786 3831 835 3878 qua
853 3819 879 3864 in
898 3830 925 3864 re
943 3819 1101 3866 emendentur
1116 3819 1191 3867 habet

125 3879 175 3926 fieri
194 3879 334 3940 coegissent
355 3880 414 3936 iors,
433 3885 540 3941 tempus,
556 3893 586 3928 ae
602 3893 644 3928 ne·
675 3889 769 3929 nonnos
798 3883 899 3929 codices·
945 3882 1058 3944 Denique
1087 3885 1191 3932 insenuit

125 3944 234 3992 mnus.
674 3945 819 4008 partiendam
838 3953 968 4008 negantem
990 3948 1048 3996 huic
1069 3951 1190 4006 membro,

158 4007 190 4056 12
208 4007 414 4074 Qui..roruiem]
432 4009 549 4057 vianet.
559 4008 643 4058 tura
674 4024 704 4062 ert
724 4011 755 4057 tir
776 4011 816 4072 qut
834 4013 986 4073 magistratus
1006 4027 1052 4060 nors
1072 4015 1191 4076 sepiem.

126 4071 217 4120 xxlt.
230 4072 272 4121 49.
556 4095 559 4104 ’
675 4075 764 4122 omnia
774 4076 874 4136 optime.
1187 4098 1190 4106 ·

132 4136 645 4199 iiiiitqairqueeoramprimurereo·
708 4138 740 4186 14
759 4139 806 4196 Qui
827 4139 899 4200 nolio
921 4153 950 4188 re
970 4140 1107 4204 bonejtro
1127 4143 1212 4192 domi·

126 4204 164 4248 tur
173 4201 237 4264 not]
255 4201 322 4248 otim
340 4206 368 4248 ur
385 4203 480 4263 qusque
494 4216 574 4250 eoram
585 4205 642 4264 pri-
674 4201 792 4267 tamar]
809 4205 864 4251 viu.
877 4211 929 4252 not.
941 4205 981 4254 29.
991 4207 1049 4253 adl.
1063 4207 1097 4257 X.
1108 4223 1130 4256 e.
1143 4209 1165 4256 7.

127 4275 178 4312 mss
191 4269 292 4312 ‘unctor
317 4269 407 4314 creatu
431 4271 489 4313 erat
529 4267 650 4314 Resecuit
709 4265 740 4314 lt
755 4267 791 4314 Et
815 4269 892 4316 oediiir
911 4271 1000 4316 cunetis
1021 4269 1084 4332 not]
1111 4273 1192 4319 Reati-

128 4328 239 4390 Sigonius
256 4343 342 4378 vocem
356 4335 457 4391 amator,
473 4343 529 4392 quae
545 4344 645 4380 mosum
674 4333 771 4393 tuimns
789 4345 931 4394 germanam
951 4334 1015 4382 Livii
1036 4337 1192 4404 scripturum,

96 4430 98 4442 .
129 4395 248 4442 trahebat.
279 4396 497 4460 ldemmtuqua
510 4403 645 4458 sequuntur
675 4403 776 4447 auctm
791 4397 888 4448 Putet
904 4400 980 4448 sltem
997 4400 1084 4448 itidem
1105 4413 1136 4450 ex
1152 4413 1192 4448 re-
