3064 4976
418 218 511 278 nra.
538 196 625 276 xxi.
652 217 755 278 cnr.
782 217 883 277 nxn.
1151 219 1189 288 6⁷

116 379 196 444 caris
222 377 321 447 rebus
337 386 393 468 (ne
412 383 522 486 gravia
543 381 760 470 inpedimenta
780 381 952 448 ferentibus
974 383 1091 465 essent)
1106 383 1186 450 citra
1194 400 1223 448 u.
1237 401 1332 454 orat.

117 465 314 553 Pyrenaeum
329 467 456 534 relictis.
1192 467 1224 515 Α·
1235 467 1263 516 (i
1274 467 1330 516 ²¹⁸*

158 553 258 620 LXI.
285 555 478 644 Priusquam
490 567 576 621 certa
588 555 682 642 hujus
694 555 792 619 cladis
803 555 888 620 fama
901 555 1066 636 accideret,
1083 569 1184 644 trans7
1194 585 1332 634 flamm

154 663 243 705 essus
266 641 395 708 iberum
416 642 600 708 Hasdrubal
616 664 688 706 cum
704 654 777 706 octo
791 641 930 707 millibus
943 643 1097 728 peditum,
1113 644 1246 726 mil-sero
1256 652 1329 699 rave-

115 663 153 792 Ε
166 729 325 814 equitum,
349 741 512 816 tamquam
536 730 576 795 ad
604 729 743 814 primum
770 727 940 794 adventum
964 723 1238 796 Romanorummi'

116 814 325 894 obcursurus,
342 831 510 902 postquam
524 815 663 902 perditas
674 837 723 880 res
735 813 775 879 ad
790 815 916 880 Scissim
928 817 1109 904 amissaque
1116 839 1185 883 cas-

116 911 166 964 tra
180 903 318 987 accepit,
332 903 394 967 iter
408 902 451 967 ad
461 925 549 968 mare
559 903 726 966 convertit.
763 903 861 966 Haud
872 903 987 988 procul
999 903 1185 971 Tarracone

116 987 265 1054 classicos
295 989 409 1053 milites
438 989 627 1076 navalesque
648 989 758 1064 socios,
781 1011 878 1076 vagos
900 989 1105 1080 palantesque
1126 1015 1185 1078 per

117 1098 224 1160 agros,
243 1075 458 1161 (quodserme
473 1077 518 1153 fit,
533 1089 566 1141 ut
581 1075 729 1140 secundae
744 1099 793 1140 res
808 1098 848 1140 ne
870 1073 1038 1163 legentium
1062 1081 1184 1160 creent)
1249 1155 1250 1164 χ

116 1162 225 1246 equite
251 1163 370 1247 passim
397 1163 533 1240 dimisso,
557 1185 629 1228 cum
657 1185 773 1250 magna
795 1099 891 1241 caerle,
908 1165 1027 1248 majore
1047 1163 1122 1252 fuga
1144 1165 1184 1231 ad

116 1269 211 1312 naves
227 1249 403 1334 compellit.
425 1271 484 1314 nec
499 1250 617 1314 diutius
632 1249 716 1313 circa
730 1272 767 1314 ea
781 1251 852 1313 loca
864 1251 981 1314 morari
996 1274 1100 1330 ausus,
1112 1273 1184 1316 nea

121 1335 272 1420 Scipione
287 1335 530 1421 obprimeretur,
546 1349 634 1402 trans
650 1336 779 1400 Iberum
799 1357 864 1400 sese
879 1337 1009 1422 recepit.
1054 1337 1098 1402 Et
1115 1339 1184 1403 Sci-

119 1422 180 1504 pio,
197 1422 317 1508 raptim
333 1423 372 1487 ad
388 1425 505 1488 famam
522 1443 676 1487 novorum
688 1421 825 1486 hostium
843 1419 970 1508 agmine
985 1437 1066 1502 acto,
1083 1447 1182 1512 quum

117 1509 149 1571 in
177 1531 302 1593 paucos
331 1509 534 1594 ⁷1praefectos
564 1510 690 1574 navium
721 1508 1004 1588 animadvertisset,
1033 1511 1184 1596 praesidio

64 1625 66 1630 ·
118 1595 306 1660 Tarracone
336 1595 463 1660 mo'dico
491 1596 614 1674 relicto,
645 1595 815 1680 Emporias
844 1617 916 1661 cum
951 1595 1050 1662 classe
1078 1598 1183 1664 rediit.

117 1681 262 1746 Vixdum
286 1681 430 1770 digresso
444 1705 493 1764 eo,
511 1682 694 1747 Hasdrubal
716 1683 842 1747 aderat:
866 1695 906 1761 et,
931 1683 1103 1772 Ilergetum
1149 1702 1345 1752 o·vrsntaoet-

118 1768 208 1852 pulo,
224 1769 279 1856 qui
300 1769 427 1833 obsides
450 1769 592 1854 Scipioni
607 1768 748 1846 dederat,
764 1769 804 1833 ad
820 1769 1027 1835 defectionem
1043 1707 1181 1857 inpuliq
1191 1782 1262 1816 (Μ
1274 1767 1302 1816 ¹³·
1313 1770 1345 1819 ¹¹·

122 1875 194 1917 curn
211 1877 322 1920 eorum
337 1856 479 1941 ipsorum
500 1859 667 1943 juventute
688 1879 706 1920 a
746 1879 780 1919 os
795 1854 934 1922 fidelium
958 1859 1110 1923 Romanis
1133 1883 1182 1924 so-
1190 1847 1273 1895 Ψ*

117 1943 238 2006 ciorum
262 1957 377 2008 vastat.
423 1943 539 2008 Excito
561 1942 678 2007 deinde
701 1877 850 2029 Sdipione
870 1941 1023 2024 hibernis,
1047 1958 1115 2011 toto
1137 1948 1181 2011 cis

117 2027 250 2092 Iberum
274 2051 384 2093 rursus
407 2029 489 2094 cedit
504 2052 593 2117 agro.
638 2029 756 2114 Scipio,
773 2029 912 2094 relictam
929 2029 969 2094 ab
985 2044 1113 2097 auctore
1127 2033 1271 2105 de-scipto
1285 2045 1343 2092 trer-

116 2111 264 2179 fectionis
288 2115 460 2200 Ilergetum
486 2130 611 2202 gentem
628 2137 726 2202 quum
752 2115 866 2180 infesto
889 2118 1029 2182 exercitu
1051 2111 1335 2220 invasis-gfftssffla

117 2217 171 2279 set,
189 2202 366 2288 compulsis
376 2203 524 2267 omnibus
536 2202 762 2290 Athanagiam,
779 2201 889 2267 urbem
907 2208 992 2289 (quae
1006 2219 1103 2288 caput
1114 2207 1182 2292 ejus
1228 2207 1235 2222 '

117 2288 230 2374 populi
259 2291 342 2372 erat)
368 2289 586 2354 circumsedit:
611 2289 757 2376 intraque
785 2289 852 2353 dies
878 2311 1007 2375 paucos,
1037 2292 1182 2378 pluribus

118 2397 214 2462 quarn
241 2389 316 2441 ante
342 2375 508 2440 obsidibus
535 2377 705 2462 imperatis,
736 2374 900 2464 Ilergetes,
926 2378 1060 2462 pecunia
1085 2379 1179 2444 etiam

116 2463 279 2539 multatos,
305 2463 339 2526 in
358 2464 411 2550 jus
437 2463 652 2549 ditionemque
673 2462 803 2546 recepit.
848 2461 928 2529 Inde
949 2465 982 2529 in
1004 2466 1182 2532 Ausetanos

115 2570 219 2636 prope
242 2543 508 2626 lberam,'socios
523 2563 554 2614 et
569 2549 654 2634 ipsos
682 2547 868 2626 Poenorum,
892 2551 1052 2634 procedit:
1076 2567 1180 2640 atque,

116 2637 197 2701 urbe
220 2657 332 2700 eorum
353 2637 489 2714 obsessa,
507 2639 681 2701 Lacetanos
704 2635 857 2699 auxilium
882 2635 1024 2702 finitimis
1047 2641 1182 2705 ferentes

116 2737 222 2801 nocte,
240 2721 326 2786 baud
348 2723 460 2808 procul
477 2725 545 2810 jam
562 2724 651 2800 urbe,
668 2744 767 2810 quum
783 2723 901 2788 intrare
915 2723 1040 2804 vellent,
1057 2725 1183 2811 excepit

115 2811 248 2874 insidiis.
295 2809 385 2874 Caesa
400 2809 440 2874 ad
462 2809 629 2874 duodecim
652 2808 767 2874 millia:
791 2810 877 2876 exuti
899 2833 980 2896 pene
999 2834 1109 2876 omnes
1131 2835 1182 2878 ar-

115 2897 183 2974 mis,
200 2897 317 2960 domos
335 2897 449 2980 passim
471 2899 613 2982 palantes
627 2918 684 2982 per
698 2917 793 2984 agros
809 2895 978 2984 diffugere3
1001 2921 1061 2970 nec
1075 2899 1182 2964 obses·

116 3006 165 3047 sos
182 2983 248 3048 alia
268 2981 334 3047 nlla
349 3005 409 3062 res,
421 3005 515 3068 quarn
538 2983 647 3070 iniqua
661 2981 919 3071 obpugnantibus
934 2983 1043 3064 biems,
1056 2986 1182 3052 tutaba-

117 3084 177 3133 tur.
202 3069 337 3158 triginta
352 3069 418 3133 dies
432 3069 555 3133 obsidio
575 3069 649 3135 fuit:
675 3084 732 3153 per
755 3091 834 3157 quos
855 3091 928 3134 raro
952 3093 1100 3161 umquam
1123 3075 1182 3148 nix

116 3157 224 3220 minus
240 3170 378 3242 quatuor
401 3156 498 3241 pedes
524 3155 586 3222 alta
602 3155 722 3241 jacuit:
746 3156 888 3243 adeoque
902 3157 928 3201 ⁷²
959 3158 1061 3225 luteos
1083 3184 1121 3226 ac
1136 3161 1182 3224 vi·

116 3265 190 3308 neas
207 3243 433 3308 Romanorum
456 3260 636 3329 operuerat,
661 3256 754 3308 ntea
775 3243 850 3320 sola,
867 3180 994 3330 ignibus
1016 3247 1183 3335 aliquoties

116 3330 269 3416 conjectis
302 3330 342 3393 ab
375 3328 475 3406 hoste,
502 3330 597 3394 etiam
623 3342 835 3394 tutamentum
863 3330 968 3397 fuerit.
1015 3332 1182 3400 Postremo

116 3416 405 3504 quumAmusitus
419 3417 528 3508 pn‘ncc
551 3441 565 3482 s
586 3438 696 3481 eorum
715 3417 753 3480 ad
770 3415 1008 3492 Hasdrubalem
1024 3419 1181 3504 profugis-

115 3517 170 3581 set,
186 3503 337 3590 ⁷³viginti
353 3503 478 3589 argenti
499 3440 625 3569 talentis
646 3503 728 3588 pacti
749 3502 917 3569 deduntur.
964 3505 1180 3570 Tarraconem

117 3590 149 3653 in
165 3590 304 3654 hiberna
320 3588 456 3653 reditum
472 3603 528 3654 est.
1077 3609 1081 3615 ·

159 3676 277 3741 LXII.
302 3675 418 3760 Romae
436 3691 491 3741 aut
511 3677 596 3742 circa
610 3677 719 3742 urbem
741 3677 842 3742 multa
860 3701 896 3742 ca
917 3678 1021 3744 hicme
1035 3679 1183 3768 prodigia
1191 3697 1309 3758 Prodigia.

117 3761 215 3828 lacta:
240 3777 299 3827 aut
321 3764 420 3848 (quod
446 3765 572 3827 evenire
593 3763 681 3842 solet,
703 3766 797 3829 motis
822 3765 919 3828 semel
941 3768 974 3828 in
997 3766 1182 3854 religionem

118 3850 246 3930 animis)
262 3848 364 3912 multa
381 3850 542 3926 nunciata,
564 3863 733 3924 ettemere
748 3851 870 3930 credita
885 3866 975 3915 sunt:
997 3853 1029 3916 in
1047 3853 1118 3939 quis
1132 3855 1198 3936 ins

117 3957 259 4020 genuum
285 3934 438 4001 infantem
466 3951 646 4000 semestrem
667 3937 709 4002 'in
738 3937 809 4002 foro
834 3937 961 4002 olitorio
983 3941 1183 4026 triumphurn

119 4021 288 4087 clamasse:
311 4021 427 4086 ctioro
441 4020 554 4086 boario
575 4021 688 4112 bovem
712 4025 744 4087 in
765 4023 890 4088 tertiam
913 4027 1183 4114 contignationem

154 4205 182 4252 tl
200 4205 329 4269 Profictoa
346 4207 455 4270 navium]
474 4203 582 4268 Scriptus
593 4223 636 4268 op-
667 4210 811 4257 differebant
821 4225 836 4256 a
847 4211 933 4269 vineis,
945 4199 970 4258 et
981 4213 1012 4260 ad
1030 4189 1185 4258 similesne·

124 4267 197 4316 timus
210 4272 326 4330 puniam.-
343 4274 409 4320 unde
426 4273 563 4320 Gronovius
579 4275 636 4320 effe-
670 4288 710 4320 me
722 4289 780 4333 usus
792 4276 977 4324 adhibebantur.
1014 4317 1030 4336 y.

125 4334 271 4381 citnaainm.
307 4335 390 4398 Vulgo
397 4337 533 4398 paululum.
704 4337 735 4384 73
755 4339 955 4400 Vigintinrgentl
971 4342 1075 4405 talentis]
1093 4339 1185 4388 Marcie

158 4397 319 4464 tt'pneos]
347 4401 430 4448 Plntei
458 4415 507 4447 non
531 4403 636 4450 multum
670 4404 923 4462 argentInostrattbus
936 4403 1006 4452 lars.

410 4497 415 4506 ·
723 4475 778 4530 at
