<?xml version="1.0" encoding="UTF-8"?>
<!DOCTYPE html PUBLIC "-//W3C//DTD XHTML 1.0 Transitional//EN"
    "http://www.w3.org/TR/xhtml1/DTD/xhtml1-transitional.dtd">
<html xmlns="http://www.w3.org/1999/xhtml" xml:lang="en" lang="en">
 <head>
  <title>
</title>
<meta http-equiv="Content-Type" content="text/html;charset=utf-8" />
  <meta name='ocr-system' content='tesseract 3.04.00' />
  <meta name='ocr-capabilities' content='ocr_page ocr_carea ocr_par ocr_line ocrx_word'/>
</head>
<body>
  <div class='ocr_page' id='page_1' title='image "./tliviipatavinih00crevgoog/tliviipatavinih00crevgoog_0191.png"; bbox 0 0 3036 4972; ppageno 0'>
   <div class='ocr_carea' id='block_1_1' title="bbox 306 139 1063 208">
    <p class='ocr_par' dir='ltr' id='par_1_1' title="bbox 306 139 1063 208">
     <span class='ocr_line' id='line_1_1' title="bbox 306 139 1063 208; baseline -0.009 -1"><span class='ocrx_word' id='word_1_1' title='bbox 306 149 398 208; x_wconf 71' lang='lat'><strong>184·</strong></span> <span class='ocrx_word' id='word_1_2' title='bbox 655 167 657 173; x_wconf 59' lang='lat'><strong><em>¹</em></strong></span> <span class='ocrx_word' id='word_1_3' title='bbox 689 139 968 201; x_wconf 77' lang='lat' dir='ltr'>T1T1L1v11</span> <span class='ocrx_word' id='word_1_4' title='bbox 1056 168 1063 180; x_wconf 73' lang='lat'><strong><em>¹</em></strong></span> 
     </span>
    </p>
   </div>
   <div class='ocr_carea' id='block_1_2' title="bbox 146 294 1449 3224">
    <p class='ocr_par' dir='ltr' id='par_1_2' title="bbox 146 294 1449 3224">
     <span class='ocr_line' id='line_1_2' title="bbox 146 294 1363 390; baseline -0.01 -17"><span class='ocrx_word' id='word_1_5' title='bbox 146 321 281 374; x_wconf 78' lang='lat' dir='ltr'><strong>unsar.</strong></span> <span class='ocrx_word' id='word_1_6' title='bbox 306 299 484 380; x_wconf 74' lang='lat' dir='ltr'><strong>Et‘Nolae,</strong></span> <span class='ocrx_word' id='word_1_7' title='bbox 509 305 589 371; x_wconf 85' lang='lat' dir='ltr'><strong>sicut</strong></span> <span class='ocrx_word' id='word_1_8' title='bbox 613 303 719 390; x_wconf 85' lang='lat' dir='ltr'><strong>priore</strong></span> <span class='ocrx_word' id='word_1_9' title='bbox 740 324 836 385; x_wconf 88' lang='lat' dir='ltr'><strong>anno,</strong></span> <span class='ocrx_word' id='word_1_10' title='bbox 861 303 987 370; x_wconf 82' lang='lat' dir='ltr'><strong>senatus</strong></span> <span class='ocrx_word' id='word_1_11' title='bbox 1003 294 1244 380; x_wconf 78' lang='lat' dir='ltr'><strong>Romanorum,</strong></span> <span class='ocrx_word' id='word_1_12' title='bbox 1272 297 1363 382; x_wconf 90' lang='lat' dir='ltr'><strong>plebs</strong></span> 
     </span>
     <span class='ocr_line' id='line_1_3' title="bbox 148 387 1363 500; baseline -0.009 -41"><span class='ocrx_word' id='word_1_13' title='bbox 148 387 282 500; x_wconf 45' lang='lat' dir='ltr'><strong>ssrfajnffi</strong></span> <span class='ocrx_word' id='word_1_14' title='bbox 309 391 502 459; x_wconf 74' lang='lat' dir='ltr'>Hannibalis</span> <span class='ocrx_word' id='word_1_15' title='bbox 515 404 600 456; x_wconf 84' lang='lat' dir='ltr'><strong>erat:</strong></span> <span class='ocrx_word' id='word_1_16' title='bbox 624 389 815 475; x_wconf 89' lang='lat' dir='ltr'><strong>consiliaque</strong></span> <span class='ocrx_word' id='word_1_17' title='bbox 837 391 962 454; x_wconf 88' lang='lat' dir='ltr'><strong>occulta</strong></span> <span class='ocrx_word' id='word_1_18' title='bbox 974 389 1015 454; x_wconf 88' lang='lat' dir='ltr'><strong>de</strong></span> <span class='ocrx_word' id='word_1_19' title='bbox 1028 389 1115 454; x_wconf 78' lang='lat' dir='ltr'><strong>caede</strong></span> <span class='ocrx_word' id='word_1_20' title='bbox 1134 389 1363 474; x_wconf 88' lang='lat' dir='ltr'><strong>principumet</strong></span> 
     </span>
     <span class='ocr_line' id='line_1_4' title="bbox 150 463 1363 566; baseline -0.007 -24"><span class='ocrx_word' id='word_1_21' title='bbox 150 463 301 566; x_wconf 41' lang='lat' dir='ltr'><strong>&amp;mg-¹2¹³</strong></span> <span class='ocrx_word' id='word_1_22' title='bbox 308 478 488 564; x_wconf 84' lang='lat' dir='ltr'><strong>proditione</strong></span> <span class='ocrx_word' id='word_1_23' title='bbox 503 476 590 542; x_wconf 89' lang='lat' dir='ltr'><strong>urbis</strong></span> <span class='ocrx_word' id='word_1_24' title='bbox 604 473 775 540; x_wconf 84' lang='lat' dir='ltr'><strong>inibantur.</strong></span> <span class='ocrx_word' id='word_1_25' title='bbox 814 475 940 551; x_wconf 84' lang='lat' dir='ltr'><strong>Quibus</strong></span> <span class='ocrx_word' id='word_1_26' title='bbox 954 499 995 540; x_wconf 92' lang='lat' dir='ltr'><strong>ne</strong></span> <span class='ocrx_word' id='word_1_27' title='bbox 1009 474 1133 560; x_wconf 84' lang='lat' dir='ltr'><strong>incepta</strong></span> <span class='ocrx_word' id='word_1_28' title='bbox 1145 474 1363 556; x_wconf 80' lang='lat' dir='ltr'>procederent,</span> 
     </span>
     <span class='ocr_line' id='line_1_5' title="bbox 309 558 1365 648; baseline -0.011 -18"><span class='ocrx_word' id='word_1_29' title='bbox 309 566 392 640; x_wconf 88' lang='lat' dir='ltr'><strong>inter</strong></span> <span class='ocrx_word' id='word_1_30' title='bbox 413 562 556 648; x_wconf 81' lang='lat' dir='ltr'><strong>Capuam</strong></span> <span class='ocrx_word' id='word_1_31' title='bbox 573 573 675 626; x_wconf 89' lang='lat' dir='ltr'><strong>castra</strong></span> <span class='ocrx_word' id='word_1_32' title='bbox 700 583 737 624; x_wconf 89' lang='lat' dir='ltr'><strong>ue</strong></span> <span class='ocrx_word' id='word_1_33' title='bbox 760 560 963 638; x_wconf 80' lang='lat' dir='ltr'><strong>Hannibalis,</strong></span> <span class='ocrx_word' id='word_1_34' title='bbox 979 583 1051 647; x_wconf 87' lang='lat' dir='ltr'><strong>quae</strong></span> <span class='ocrx_word' id='word_1_35' title='bbox 1072 561 1105 624; x_wconf 93' lang='lat' dir='ltr'><strong>in</strong></span> <span class='ocrx_word' id='word_1_36' title='bbox 1128 558 1241 624; x_wconf 81' lang='lat' dir='ltr'><strong>Tifatis</strong></span> <span class='ocrx_word' id='word_1_37' title='bbox 1263 568 1365 632; x_wconf 89' lang='lat' dir='ltr'><strong>crant,</strong></span> 
     </span>
     <span class='ocr_line' id='line_1_6' title="bbox 296 642 1366 732; baseline -0.012 -14"><span class='ocrx_word' id='word_1_38' title='bbox 296 649 458 718; x_wconf 80' lang='lat' dir='ltr'><strong>traducto</strong></span> <span class='ocrx_word' id='word_1_39' title='bbox 472 649 623 722; x_wconf 83' lang='lat' dir='ltr'><strong>exercitu,</strong></span> <span class='ocrx_word' id='word_1_40' title='bbox 640 646 687 711; x_wconf 87' lang='lat' dir='ltr'><strong>Fa</strong></span> <span class='ocrx_word' id='word_1_41' title='bbox 711 646 759 710; x_wconf 92' lang='lat' dir='ltr'><strong>ius</strong></span> <span class='ocrx_word' id='word_1_42' title='bbox 773 645 799 685; x_wconf 78' lang='lat'><strong>⁸⁵</strong></span> <span class='ocrx_word' id='word_1_43' title='bbox 809 669 902 732; x_wconf 89' lang='lat' dir='ltr'><strong>super</strong></span> <span class='ocrx_word' id='word_1_44' title='bbox 917 647 1085 712; x_wconf 85' lang='lat' dir='ltr'><strong>Vesuvium</strong></span> <span class='ocrx_word' id='word_1_45' title='bbox 1100 646 1132 711; x_wconf 91' lang='lat' dir='ltr'><strong>in</strong></span> <span class='ocrx_word' id='word_1_46' title='bbox 1148 645 1255 710; x_wconf 79' lang='lat' dir='ltr'><strong>castris</strong></span> <span class='ocrx_word' id='word_1_47' title='bbox 1268 642 1366 716; x_wconf 87' lang='lat' dir='ltr'><strong>Clau·</strong></span> 
     </span>
     <span class='ocr_line' id='line_1_7' title="bbox 258 728 1368 818; baseline -0.008 -18"><span class='ocrx_word' id='word_1_48' title='bbox 258 801 262 812; x_wconf 74' lang='grc'><em>,</em></span> <span class='ocrx_word' id='word_1_49' title='bbox 312 736 414 801; x_wconf 89' lang='lat' dir='ltr'><strong>dianis</strong></span> <span class='ocrx_word' id='word_1_50' title='bbox 435 735 591 809; x_wconf 87' lang='lat' dir='ltr'><strong>consedit;</strong></span> <span class='ocrx_word' id='word_1_51' title='bbox 614 731 689 797; x_wconf 89' lang='lat' dir='ltr'><strong>inde</strong></span> <span class='ocrx_word' id='word_1_52' title='bbox 707 731 757 797; x_wconf 91' lang='lat' dir='ltr'><strong>M.</strong></span> <span class='ocrx_word' id='word_1_53' title='bbox 774 732 961 818; x_wconf 89' lang='lat' dir='ltr'><strong>Marcellum</strong></span> <span class='ocrx_word' id='word_1_54' title='bbox 988 729 1206 817; x_wconf 81' lang='lat' dir='ltr'><strong>proconsulem</strong></span> <span class='ocrx_word' id='word_1_55' title='bbox 1231 749 1306 796; x_wconf 88' lang='lat' dir='ltr'><strong>cum</strong></span> <span class='ocrx_word' id='word_1_56' title='bbox 1327 728 1368 792; x_wconf 91' lang='lat' dir='ltr'><strong>iis</strong></span> 
     </span>
     <span class='ocr_line' id='line_1_8' title="bbox 313 817 1154 906; baseline -0.007 -19"><span class='ocrx_word' id='word_1_57' title='bbox 313 821 422 906; x_wconf 68' lang='lat' dir='ltr'><strong>impiis,</strong></span> <span class='ocrx_word' id='word_1_58' title='bbox 438 839 516 906; x_wconf 87' lang='lat' dir='ltr'><strong>quas</strong></span> <span class='ocrx_word' id='word_1_59' title='bbox 527 818 674 897; x_wconf 87' lang='lat' dir='ltr'><strong>habebat,</strong></span> <span class='ocrx_word' id='word_1_60' title='bbox 686 817 802 882; x_wconf 91' lang='lat' dir='ltr'><strong>Nolam</strong></span> <span class='ocrx_word' id='word_1_61' title='bbox 818 819 850 883; x_wconf 90' lang='lat' dir='ltr'><strong>in</strong></span> <span class='ocrx_word' id='word_1_62' title='bbox 864 819 1043 902; x_wconf 80' lang='lat' dir='ltr'><strong>praesidinm</strong></span> <span class='ocrx_word' id='word_1_63' title='bbox 1061 817 1154 882; x_wconf 87' lang='lat' dir='ltr'><strong>misit.</strong></span> 
     </span>
     <span class='ocr_line' id='line_1_9' title="bbox 154 899 1369 990; baseline -0.007 -17"><span class='ocrx_word' id='word_1_64' title='bbox 154 919 236 967; x_wconf 74' lang='lat' dir='ltr'><strong>nain</strong></span> <span class='ocrx_word' id='word_1_65' title='bbox 246 916 300 964; x_wconf 71' lang='lat' dir='ltr'><strong>su·</strong></span> <span class='ocrx_word' id='word_1_66' title='bbox 360 907 432 972; x_wconf 70' lang='lat' dir='ltr'><strong>Xla</strong></span> <span class='ocrx_word' id='word_1_67' title='bbox 455 906 499 970; x_wconf 86' lang='lat' dir='ltr'><strong>Et</strong></span> <span class='ocrx_word' id='word_1_68' title='bbox 511 906 545 971; x_wconf 91' lang='lat' dir='ltr'><strong>in</strong></span> <span class='ocrx_word' id='word_1_69' title='bbox 567 904 714 972; x_wconf 82' lang='lat' dir='ltr'><strong>Sardinia</strong></span> <span class='ocrx_word' id='word_1_70' title='bbox 728 926 778 968; x_wconf 91' lang='lat' dir='ltr'><strong>res</strong></span> <span class='ocrx_word' id='word_1_71' title='bbox 792 905 881 990; x_wconf 82' lang='lat' dir='ltr'><strong>⁸⁶per</strong></span> <span class='ocrx_word' id='word_1_72' title='bbox 896 905 938 971; x_wconf 85' lang='lat' dir='ltr'><strong>T.</strong></span> <span class='ocrx_word' id='word_1_73' title='bbox 954 903 1112 970; x_wconf 90' lang='lat' dir='ltr'><strong>Manlium</strong></span> <span class='ocrx_word' id='word_1_74' title='bbox 1132 915 1297 988; x_wconf 84' lang='lat' dir='ltr'><strong>praetorem</strong></span> <span class='ocrx_word' id='word_1_75' title='bbox 1313 899 1369 964; x_wconf 91' lang='lat' dir='ltr'><strong>ad·</strong></span> 
     </span>
     <span class='ocr_line' id='line_1_10' title="bbox 156 983 1369 1076; baseline -0.012 -13"><span class='ocrx_word' id='word_1_76' title='bbox 156 983 308 1042; x_wconf 47' lang='lat' dir='ltr'><strong>‘numm&#39;</strong></span> <span class='ocrx_word' id='word_1_77' title='bbox 317 993 485 1062; x_wconf 83' lang='lat' dir='ltr'><strong>ministrari</strong></span> <span class='ocrx_word' id='word_1_78' title='bbox 500 1005 627 1076; x_wconf 71' lang='lat' dir='ltr'><strong>coeptaa</strong></span> <span class='ocrx_word' id='word_1_79' title='bbox 642 1013 716 1076; x_wconf 89' lang='lat' dir='ltr'><strong>quae</strong></span> <span class='ocrx_word' id='word_1_80' title='bbox 738 991 861 1054; x_wconf 86' lang='lat' dir='ltr'><strong>omissae</strong></span> <span class='ocrx_word' id='word_1_81' title='bbox 883 1003 982 1065; x_wconf 88' lang='lat' dir='ltr'><strong>erant,</strong></span> <span class='ocrx_word' id='word_1_82' title='bbox 995 1003 1159 1076; x_wconf 85' lang='lat' dir='ltr'><strong>postquam</strong></span> <span class='ocrx_word' id='word_1_83' title='bbox 1175 988 1220 1065; x_wconf 86' lang='lat' dir='ltr'><strong>Q.</strong></span> <span class='ocrx_word' id='word_1_84' title='bbox 1238 987 1369 1052; x_wconf 89' lang='lat' dir='ltr'><strong>Mucius</strong></span> 
     </span>
     <span class='ocr_line' id='line_1_11' title="bbox 317 1072 1398 1166; baseline -0.008 -22"><span class='ocrx_word' id='word_1_85' title='bbox 317 1093 435 1166; x_wconf 70' lang='lat' dir='ltr'><strong>praetor</strong></span> <span class='ocrx_word' id='word_1_86' title='bbox 448 1078 536 1160; x_wconf 87' lang='lat' dir='ltr'><strong>gravi</strong></span> <span class='ocrx_word' id='word_1_87' title='bbox 553 1075 664 1140; x_wconf 90' lang='lat' dir='ltr'><strong>morbo</strong></span> <span class='ocrx_word' id='word_1_88' title='bbox 680 1087 727 1140; x_wconf 89' lang='lat' dir='ltr'><strong>est</strong></span> <span class='ocrx_word' id='word_1_89' title='bbox 738 1075 907 1160; x_wconf 92' lang='lat' dir='ltr'><strong>inplicitus.</strong></span> <span class='ocrx_word' id='word_1_90' title='bbox 952 1075 1105 1154; x_wconf 86' lang='lat' dir='ltr'><strong>Manlius,</strong></span> <span class='ocrx_word' id='word_1_91' title='bbox 1120 1074 1252 1140; x_wconf 87' lang='lat' dir='ltr'><strong>navibus</strong></span> <span class='ocrx_word' id='word_1_92' title='bbox 1266 1072 1370 1157; x_wconf 84' lang='lat' dir='ltr'><strong>longis</strong></span> <span class='ocrx_word' id='word_1_93' title='bbox 1395 1103 1398 1106; x_wconf 96' lang='lat'>·</span> 
     </span>
     <span class='ocr_line' id='line_1_12' title="bbox 318 1160 1372 1248; baseline -0.009 -18"><span class='ocrx_word' id='word_1_94' title='bbox 318 1165 359 1230; x_wconf 87' lang='lat' dir='ltr'><strong>ad</strong></span> <span class='ocrx_word' id='word_1_95' title='bbox 376 1163 504 1230; x_wconf 79' lang='lat' dir='ltr'><strong>Carales</strong></span> <span class='ocrx_word' id='word_1_96' title='bbox 522 1161 693 1238; x_wconf 86' lang='lat' dir='ltr'><strong>subductis,</strong></span> <span class='ocrx_word' id='word_1_97' title='bbox 715 1161 940 1248; x_wconf 84' lang='lat' dir='ltr'><strong>navalibusque</strong></span> <span class='ocrx_word' id='word_1_98' title='bbox 961 1163 1051 1228; x_wconf 87' lang='lat' dir='ltr'><strong>sociis</strong></span> <span class='ocrx_word' id='word_1_99' title='bbox 1070 1160 1209 1239; x_wconf 87' lang='lat' dir='ltr'><strong>armatis,</strong></span> <span class='ocrx_word' id='word_1_100' title='bbox 1227 1172 1264 1224; x_wconf 87' lang='lat' dir='ltr'><strong>ut</strong></span> <span class='ocrx_word' id='word_1_101' title='bbox 1284 1171 1372 1246; x_wconf 79' lang='lat' dir='ltr'><strong>terra</strong></span> 
     </span>
     <span class='ocr_line' id='line_1_13' title="bbox 319 1243 1372 1336; baseline -0.008 -20"><span class='ocrx_word' id='word_1_102' title='bbox 319 1271 387 1316; x_wconf 86' lang='lat' dir='ltr'><strong>rem</strong></span> <span class='ocrx_word' id='word_1_103' title='bbox 409 1259 544 1336; x_wconf 83' lang='lat' dir='ltr'>gereret,</span> <span class='ocrx_word' id='word_1_104' title='bbox 567 1261 598 1314; x_wconf 87' lang='lat' dir='ltr'><strong>et</strong></span> <span class='ocrx_word' id='word_1_105' title='bbox 618 1271 637 1312; x_wconf 90' lang='lat' dir='ltr'><strong>a</strong></span> <span class='ocrx_word' id='word_1_106' title='bbox 658 1262 795 1332; x_wconf 85' lang='lat' dir='ltr'><strong>praetore</strong></span> <span class='ocrx_word' id='word_1_107' title='bbox 815 1250 953 1314; x_wconf 88' lang='lat' dir='ltr'><strong>exercitu</strong></span> <span class='ocrx_word' id='word_1_108' title='bbox 978 1262 1118 1330; x_wconf 86' lang='lat' dir='ltr'><strong>accepto,</strong></span> <span class='ocrx_word' id='word_1_109' title='bbox 1133 1247 1199 1312; x_wconf 91' lang='lat' dir='ltr'><strong>duo</strong></span> <span class='ocrx_word' id='word_1_110' title='bbox 1212 1258 1244 1310; x_wconf 89' lang='lat' dir='ltr'><strong>et</strong></span> <span class='ocrx_word' id='word_1_111' title='bbox 1258 1243 1287 1308; x_wconf 84' lang='lat' dir='ltr'><strong>ri</strong></span> <span class='ocrx_word' id='word_1_112' title='bbox 1310 1243 1372 1308; x_wconf 87' lang='lat' dir='ltr'><strong>inti</strong></span> 
     </span>
     <span class='ocr_line' id='line_1_14' title="bbox 320 1265 1372 1420; baseline -0.01 -18"><span class='ocrx_word' id='word_1_113' title='bbox 320 1334 592 1420; x_wconf 52' lang='lat' dir='ltr'><strong>millia&#39;peditum,</strong></span> <span class='ocrx_word' id='word_1_114' title='bbox 616 1333 700 1400; x_wconf 90' lang='lat' dir='ltr'><strong>mille</strong></span> <span class='ocrx_word' id='word_1_115' title='bbox 720 1348 752 1399; x_wconf 91' lang='lat' dir='ltr'><strong>et</strong></span> <span class='ocrx_word' id='word_1_116' title='bbox 772 1333 925 1400; x_wconf 88' lang='lat' dir='ltr'><strong>ducentos</strong></span> <span class='ocrx_word' id='word_1_117' title='bbox 950 1358 968 1400; x_wconf 87' lang='lat' dir='ltr'><strong>e</strong></span> <span class='ocrx_word' id='word_1_118' title='bbox 992 1336 1071 1398; x_wconf 85' lang='lat' dir='ltr'><strong>nites</strong></span> <span class='ocrx_word' id='word_1_119' title='bbox 1097 1331 1242 1398; x_wconf 72' lang='lat' dir='ltr'><strong>confecia</strong></span> <span class='ocrx_word' id='word_1_120' title='bbox 1286 1265 1372 1394; x_wconf 50' lang='lat' dir='ltr'><strong>ilum</strong></span> 
     </span>
     <span class='ocr_line' id='line_1_15' title="bbox 320 1357 1374 1507; baseline -0.008 -21"><span class='ocrx_word' id='word_1_121' title='bbox 320 1422 370 1486; x_wconf 91' lang='lat' dir='ltr'><strong>his</strong></span> <span class='ocrx_word' id='word_1_122' title='bbox 394 1420 535 1506; x_wconf 83' lang='lat' dir='ltr'><strong>equitum</strong></span> <span class='ocrx_word' id='word_1_123' title='bbox 560 1419 764 1504; x_wconf 85' lang='lat' dir='ltr'><strong>peditumque</strong></span> <span class='ocrx_word' id='word_1_124' title='bbox 791 1421 890 1505; x_wconf 89' lang='lat' dir='ltr'><strong>copiis</strong></span> <span class='ocrx_word' id='word_1_125' title='bbox 915 1357 1071 1507; x_wconf 70' lang='lat' dir='ltr'><strong>profectus</strong></span> <span class='ocrx_word' id='word_1_126' title='bbox 1100 1419 1133 1483; x_wconf 90' lang='lat' dir='ltr'><strong>in</strong></span> <span class='ocrx_word' id='word_1_127' title='bbox 1162 1439 1273 1506; x_wconf 81' lang='lat' dir='ltr'><strong>agrum</strong></span> <span class='ocrx_word' id='word_1_128' title='bbox 1298 1415 1374 1480; x_wconf 91' lang='lat' dir='ltr'><strong>bos-</strong></span> 
     </span>
     <span class='ocr_line' id='line_1_16' title="bbox 321 1503 1372 1591; baseline -0.008 -19"><span class='ocrx_word' id='word_1_129' title='bbox 321 1509 412 1584; x_wconf 86' lang='lat' dir='ltr'><strong>tium,</strong></span> <span class='ocrx_word' id='word_1_130' title='bbox 439 1505 524 1571; x_wconf 88' lang='lat' dir='ltr'><strong>haud</strong></span> <span class='ocrx_word' id='word_1_131' title='bbox 550 1505 661 1589; x_wconf 89' lang='lat' dir='ltr'><strong>procul</strong></span> <span class='ocrx_word' id='word_1_132' title='bbox 686 1507 727 1570; x_wconf 90' lang='lat' dir='ltr'><strong>ab</strong></span> <span class='ocrx_word' id='word_1_133' title='bbox 744 1505 965 1591; x_wconf 70' lang='lat' dir='ltr'><strong>Hampsicora</strong></span> <span class='ocrx_word' id='word_1_134' title='bbox 993 1505 1101 1570; x_wconf 86' lang='lat' dir='ltr'><strong>cast&#39;ris</strong></span> <span class='ocrx_word' id='word_1_135' title='bbox 1129 1516 1232 1569; x_wconf 88' lang='lat' dir='ltr'><strong>castra</strong></span> <span class='ocrx_word' id='word_1_136' title='bbox 1255 1503 1372 1586; x_wconf 88' lang='lat' dir='ltr'><strong>posuit.</strong></span> 
     </span>
     <span class='ocr_line' id='line_1_17' title="bbox 325 1587 1372 1677; baseline -0.009 -19"><span class='ocrx_word' id='word_1_137' title='bbox 325 1593 538 1677; x_wconf 82' lang='lat' dir='ltr'><strong>Hampsicora</strong></span> <span class='ocrx_word' id='word_1_138' title='bbox 558 1606 626 1656; x_wconf 88' lang='lat' dir='ltr'><strong>tum</strong></span> <span class='ocrx_word' id='word_1_139' title='bbox 646 1590 728 1656; x_wconf 80' lang='lat' dir='ltr'><strong>forte</strong></span> <span class='ocrx_word' id='word_1_140' title='bbox 743 1591 900 1676; x_wconf 90' lang='lat' dir='ltr'><strong>profectus</strong></span> <span class='ocrx_word' id='word_1_141' title='bbox 916 1593 1030 1658; x_wconf 88' lang='lat' dir='ltr'><strong>eratin</strong></span> <span class='ocrx_word' id='word_1_142' title='bbox 1045 1589 1229 1656; x_wconf 64' lang='lat' dir='ltr'><strong>⁸⁷Pellitosl</strong></span> <span class='ocrx_word' id='word_1_143' title='bbox 1245 1587 1372 1665; x_wconf 86' lang='lat' dir='ltr'><strong>Sardos,</strong></span> 
     </span>
     <span class='ocr_line' id='line_1_18' title="bbox 324 1675 1373 1764; baseline -0.008 -20"><span class='ocrx_word' id='word_1_144' title='bbox 324 1680 363 1744; x_wconf 90' lang='lat' dir='ltr'><strong>ad</strong></span> <span class='ocrx_word' id='word_1_145' title='bbox 380 1679 577 1763; x_wconf 86' lang='lat' dir='ltr'><strong>juventutem</strong></span> <span class='ocrx_word' id='word_1_146' title='bbox 592 1677 786 1755; x_wconf 85' lang='lat' dir='ltr'><strong>armandam,</strong></span> <span class='ocrx_word' id='word_1_147' title='bbox 802 1701 866 1764; x_wconf 91' lang='lat' dir='ltr'><strong>qua</strong></span> <span class='ocrx_word' id='word_1_148' title='bbox 880 1680 985 1764; x_wconf 78' lang='lat' dir='ltr'><strong>copias</strong></span> <span class='ocrx_word' id='word_1_149' title='bbox 1004 1689 1143 1764; x_wconf 86' lang='lat' dir='ltr'><strong>augeret.</strong></span> <span class='ocrx_word' id='word_1_150' title='bbox 1187 1675 1373 1760; x_wconf 85' lang='lat' dir='ltr'><strong>Filiusejns,</strong></span> 
     </span>
     <span class='ocr_line' id='line_1_19' title="bbox 322 1759 1376 1848; baseline -0.004 -20"><span class='ocrx_word' id='word_1_151' title='bbox 322 1765 452 1828; x_wconf 90' lang='lat' dir='ltr'><strong>nomine</strong></span> <span class='ocrx_word' id='word_1_152' title='bbox 468 1763 612 1838; x_wconf 91' lang='lat' dir='ltr'><strong>Hiostus,</strong></span> <span class='ocrx_word' id='word_1_153' title='bbox 629 1764 737 1827; x_wconf 88' lang='lat' dir='ltr'><strong>castris</strong></span> <span class='ocrx_word' id='word_1_154' title='bbox 751 1779 903 1848; x_wconf 79' lang='lat' dir='ltr'><strong>praeerat:</strong></span> <span class='ocrx_word' id='word_1_155' title='bbox 924 1765 961 1840; x_wconf 89' lang='lat' dir='ltr'><strong>is,</strong></span> <span class='ocrx_word' id='word_1_156' title='bbox 984 1759 1194 1828; x_wconf 80' lang='lat' dir='ltr'><strong>adolescentia</strong></span> <span class='ocrx_word' id='word_1_157' title='bbox 1214 1761 1313 1838; x_wconf 85' lang='lat' dir='ltr'><strong>ferox,</strong></span> <span class='ocrx_word' id='word_1_158' title='bbox 1329 1777 1376 1824; x_wconf 87' lang='lat' dir='ltr'><strong>te·</strong></span> 
     </span>
     <span class='ocr_line' id='line_1_20' title="bbox 325 1845 1378 1950; baseline -0.009 -32"><span class='ocrx_word' id='word_1_159' title='bbox 325 1872 411 1918; x_wconf 89' lang='lat' dir='ltr'><strong>mere</strong></span> <span class='ocrx_word' id='word_1_160' title='bbox 432 1848 550 1935; x_wconf 83' lang='lat' dir='ltr'><strong>proelio</strong></span> <span class='ocrx_word' id='word_1_161' title='bbox 571 1850 650 1912; x_wconf 88' lang='lat' dir='ltr'><strong>inito</strong></span> <span class='ocrx_word' id='word_1_162' title='bbox 669 1847 757 1912; x_wconf 87' lang='lat' dir='ltr'><strong>fusus</strong></span> <span class='ocrx_word' id='word_1_163' title='bbox 777 1848 973 1950; x_wconf 77' lang='lat' dir='ltr'><strong>fugatusque.</strong></span> <span class='ocrx_word' id='word_1_164' title='bbox 996 1850 1035 1914; x_wconf 92' lang='lat' dir='ltr'><strong>ad</strong></span> <span class='ocrx_word' id='word_1_165' title='bbox 1049 1850 1121 1914; x_wconf 83' lang='lat' dir='ltr'><strong>‘tria</strong></span> <span class='ocrx_word' id='word_1_166' title='bbox 1140 1847 1239 1913; x_wconf 89' lang='lat' dir='ltr'><strong>millia</strong></span> <span class='ocrx_word' id='word_1_167' title='bbox 1259 1845 1378 1911; x_wconf 89' lang='lat' dir='ltr'><strong>Sardo·</strong></span> 
     </span>
     <span class='ocr_line' id='line_1_21' title="bbox 324 1933 1378 2022; baseline -0.006 -22"><span class='ocrx_word' id='word_1_168' title='bbox 324 1959 450 2000; x_wconf 82' lang='lat' dir='ltr'><strong>rum-eo</strong></span> <span class='ocrx_word' id='word_1_169' title='bbox 471 1933 589 2019; x_wconf 89' lang='lat' dir='ltr'><strong>proelio</strong></span> <span class='ocrx_word' id='word_1_170' title='bbox 608 1956 700 2015; x_wconf 86' lang='lat' dir='ltr'><strong>caesa,</strong></span> <span class='ocrx_word' id='word_1_171' title='bbox 715 1935 923 2022; x_wconf 71' lang='lat' dir='ltr'><strong>88octingenti</strong></span> <span class='ocrx_word' id='word_1_172' title='bbox 947 1936 1043 2000; x_wconf 82' lang='lat' dir='ltr'><strong>ferme</strong></span> <span class='ocrx_word' id='word_1_173' title='bbox 1057 1936 1119 1999; x_wconf 86' lang='lat' dir='ltr'><strong>vivi</strong></span> <span class='ocrx_word' id='word_1_174' title='bbox 1145 1935 1239 2019; x_wconf 85' lang='lat' dir='ltr'><strong>capti.</strong></span> <span class='ocrx_word' id='word_1_175' title='bbox 1285 1933 1378 1997; x_wconf 81' lang='lat' dir='ltr'><strong>Alius</strong></span> 
     </span>
     <span class='ocr_line' id='line_1_22' title="bbox 325 2019 1379 2109; baseline -0.004 -23"><span class='ocrx_word' id='word_1_176' title='bbox 325 2022 483 2098; x_wconf 77' lang='lat' dir='ltr'><strong>exercitus</strong></span> <span class='ocrx_word' id='word_1_177' title='bbox 497 2019 601 2105; x_wconf 91' lang='lat' dir='ltr'><strong>primo</strong></span> <span class='ocrx_word' id='word_1_178' title='bbox 616 2042 672 2105; x_wconf 86' lang='lat' dir='ltr'><strong>per</strong></span> <span class='ocrx_word' id='word_1_179' title='bbox 687 2043 780 2108; x_wconf 87' lang='lat' dir='ltr'><strong>agros</strong></span> <span class='ocrx_word' id='word_1_180' title='bbox 795 2021 950 2108; x_wconf 86' lang='lat' dir='ltr'><strong>silvasque</strong></span> <span class='ocrx_word' id='word_1_181' title='bbox 964 2021 1040 2109; x_wconf 79' lang='lat' dir='ltr'><strong>fuga</strong></span> <span class='ocrx_word' id='word_1_182' title='bbox 1052 2021 1189 2106; x_wconf 81' lang='lat' dir='ltr'><strong>palatus3</strong></span> <span class='ocrx_word' id='word_1_183' title='bbox 1212 2019 1298 2098; x_wconf 89' lang='lat' dir='ltr'><strong>dein,</strong></span> <span class='ocrx_word' id='word_1_184' title='bbox 1313 2041 1379 2104; x_wconf 94' lang='lat' dir='ltr'><strong>quo</strong></span> 
     </span>
     <span class='ocr_line' id='line_1_23' title="bbox 325 2104 1382 2196; baseline -0.005 -24"><span class='ocrx_word' id='word_1_185' title='bbox 325 2110 436 2174; x_wconf 88' lang='lat' dir='ltr'><strong>ducem</strong></span> <span class='ocrx_word' id='word_1_186' title='bbox 451 2106 566 2196; x_wconf 83' lang='lat' dir='ltr'><strong>fugisse</strong></span> <span class='ocrx_word' id='word_1_187' title='bbox 581 2104 665 2170; x_wconf 88' lang='lat' dir='ltr'><strong>fama</strong></span> <span class='ocrx_word' id='word_1_188' title='bbox 681 2120 759 2184; x_wconf 89' lang='lat' dir='ltr'><strong>erat,</strong></span> <span class='ocrx_word' id='word_1_189' title='bbox 775 2109 815 2171; x_wconf 89' lang='lat' dir='ltr'><strong>ad</strong></span> <span class='ocrx_word' id='word_1_190' title='bbox 837 2108 947 2173; x_wconf 86' lang='lat' dir='ltr'><strong>urbem</strong></span> <span class='ocrx_word' id='word_1_191' title='bbox 971 2105 1098 2172; x_wconf 90' lang='lat' dir='ltr'><strong>nomine</strong></span> <span class='ocrx_word' id='word_1_192' title='bbox 1114 2105 1266 2181; x_wconf 88' lang='lat' dir='ltr'><strong>Cornum,</strong></span> <span class='ocrx_word' id='word_1_193' title='bbox 1283 2117 1382 2189; x_wconf 90' lang='lat' dir='ltr'><strong>caput</strong></span> 
     </span>
     <span class='ocr_line' id='line_1_24' title="bbox 326 2190 1383 2291; baseline -0.003 -33"><span class='ocrx_word' id='word_1_194' title='bbox 326 2196 392 2281; x_wconf 91' lang='lat' dir='ltr'><strong>ejus</strong></span> <span class='ocrx_word' id='word_1_195' title='bbox 406 2194 554 2281; x_wconf 83' lang='lat' dir='ltr'><strong>regionis,</strong></span> <span class='ocrx_word' id='word_1_196' title='bbox 569 2191 721 2291; x_wconf 81' lang='lat' dir='ltr'><strong>confugit.</strong></span> <span class='ocrx_word' id='word_1_197' title='bbox 744 2192 932 2258; x_wconf 86' lang='lat' dir='ltr'><strong>debellatum</strong></span> <span class='ocrx_word' id='word_1_198' title='bbox 957 2216 996 2258; x_wconf 93' lang='lat' dir='ltr'><strong>ue</strong></span> <span class='ocrx_word' id='word_1_199' title='bbox 1010 2217 1048 2258; x_wconf 91' lang='lat' dir='ltr'><strong>eo</strong></span> <span class='ocrx_word' id='word_1_200' title='bbox 1062 2192 1175 2278; x_wconf 88' lang='lat' dir='ltr'><strong>proelio</strong></span> <span class='ocrx_word' id='word_1_201' title='bbox 1190 2192 1222 2255; x_wconf 90' lang='lat' dir='ltr'><strong>in</strong></span> <span class='ocrx_word' id='word_1_202' title='bbox 1237 2190 1383 2255; x_wconf 88' lang='lat' dir='ltr'><strong>Sardinia</strong></span> 
     </span>
     <span class='ocr_line' id='line_1_25' title="bbox 326 2217 1382 2364; baseline -0.007 -18"><span class='ocrx_word' id='word_1_203' title='bbox 326 2293 417 2358; x_wconf 86' lang='lat' dir='ltr'><strong>esset,</strong></span> <span class='ocrx_word' id='word_1_204' title='bbox 434 2281 466 2343; x_wconf 91' lang='lat' dir='ltr'><strong>ni</strong></span> <span class='ocrx_word' id='word_1_205' title='bbox 481 2277 587 2347; x_wconf 90' lang='lat' dir='ltr'><strong>classis</strong></span> <span class='ocrx_word' id='word_1_206' title='bbox 605 2278 725 2342; x_wconf 75' lang='lat' dir='ltr'><strong>Punica</strong></span> <span class='ocrx_word' id='word_1_207' title='bbox 740 2295 812 2342; x_wconf 88' lang='lat' dir='ltr'><strong>cum</strong></span> <span class='ocrx_word' id='word_1_208' title='bbox 828 2278 907 2344; x_wconf 90' lang='lat' dir='ltr'><strong>duce</strong></span> <span class='ocrx_word' id='word_1_209' title='bbox 923 2217 1136 2356; x_wconf 78' lang='lat' dir='ltr'><strong>Hasdrubale,</strong></span> <span class='ocrx_word' id='word_1_210' title='bbox 1152 2297 1228 2364; x_wconf 70' lang='lat' dir='ltr'><strong>quaa</strong></span> <span class='ocrx_word' id='word_1_211' title='bbox 1245 2289 1382 2362; x_wconf 82' lang='lat' dir='ltr'><strong>tempes-</strong></span> 
     </span>
     <span class='ocr_line' id='line_1_26' title="bbox 327 2361 1384 2450; baseline -0.008 -18"><span class='ocrx_word' id='word_1_212' title='bbox 327 2381 391 2432; x_wconf 86' lang='lat' dir='ltr'><strong>tate</strong></span> <span class='ocrx_word' id='word_1_213' title='bbox 402 2366 522 2450; x_wconf 90' lang='lat' dir='ltr'><strong>dejecta</strong></span> <span class='ocrx_word' id='word_1_214' title='bbox 535 2363 576 2430; x_wconf 90' lang='lat' dir='ltr'><strong>ad</strong></span> <span class='ocrx_word' id='word_1_215' title='bbox 592 2363 733 2428; x_wconf 88' lang='lat' dir='ltr'><strong>Baliares</strong></span> <span class='ocrx_word' id='word_1_216' title='bbox 752 2375 830 2444; x_wconf 87' lang='lat' dir='ltr'><strong>erat,</strong></span> <span class='ocrx_word' id='word_1_217' title='bbox 845 2365 877 2429; x_wconf 93' lang='lat' dir='ltr'><strong>in</strong></span> <span class='ocrx_word' id='word_1_218' title='bbox 898 2379 1039 2450; x_wconf 86' lang='lat' dir='ltr'><strong>tempore</strong></span> <span class='ocrx_word' id='word_1_219' title='bbox 1053 2365 1093 2432; x_wconf 90' lang='lat' dir='ltr'><strong>ad</strong></span> <span class='ocrx_word' id='word_1_220' title='bbox 1108 2386 1195 2449; x_wconf 89' lang='lat' dir='ltr'><strong>spem</strong></span> <span class='ocrx_word' id='word_1_221' title='bbox 1211 2361 1384 2428; x_wconf 89' lang='lat' dir='ltr'><strong>rebellandi</strong></span> 
     </span>
     <span class='ocr_line' id='line_1_27' title="bbox 327 2445 1382 2535; baseline -0.007 -17"><span class='ocrx_word' id='word_1_222' title='bbox 327 2451 513 2518; x_wconf 87' lang='lat' dir='ltr'><strong>advenisset.</strong></span> <span class='ocrx_word' id='word_1_223' title='bbox 557 2445 698 2517; x_wconf 80' lang='lat' dir='ltr'><strong>Manlius</strong></span> <span class='ocrx_word' id='word_1_224' title='bbox 723 2463 795 2534; x_wconf 89' lang='lat' dir='ltr'><strong>post</strong></span> <span class='ocrx_word' id='word_1_225' title='bbox 816 2451 931 2514; x_wconf 88' lang='lat' dir='ltr'><strong>famam</strong></span> <span class='ocrx_word' id='word_1_226' title='bbox 952 2450 1092 2535; x_wconf 80' lang='lat' dir='ltr'><strong>adpulsae</strong></span> <span class='ocrx_word' id='word_1_227' title='bbox 1113 2450 1245 2514; x_wconf 81' lang='lat' dir='ltr'><strong>Punicae</strong></span> <span class='ocrx_word' id='word_1_228' title='bbox 1266 2449 1382 2526; x_wconf 89' lang='lat' dir='ltr'><strong>classis,</strong></span> 
     </span>
     <span class='ocr_line' id='line_1_28' title="bbox 331 2535 1385 2620; baseline -0.003 -18"><span class='ocrx_word' id='word_1_229' title='bbox 331 2536 458 2602; x_wconf 88' lang='lat' dir='ltr'><strong>Carales</strong></span> <span class='ocrx_word' id='word_1_230' title='bbox 484 2559 516 2600; x_wconf 90' lang='lat' dir='ltr'><strong>se</strong></span> <span class='ocrx_word' id='word_1_231' title='bbox 539 2535 668 2618; x_wconf 87' lang='lat' dir='ltr'><strong>recepit.</strong></span> <span class='ocrx_word' id='word_1_232' title='bbox 689 2559 726 2599; x_wconf 90' lang='lat' dir='ltr'><strong>ea</strong></span> <span class='ocrx_word' id='word_1_233' title='bbox 750 2539 875 2601; x_wconf 90' lang='lat' dir='ltr'><strong>occasio</strong></span> <span class='ocrx_word' id='word_1_234' title='bbox 902 2537 1120 2620; x_wconf 80' lang='lat' dir='ltr'><strong>Hampsicorae</strong></span> <span class='ocrx_word' id='word_1_235' title='bbox 1135 2535 1209 2600; x_wconf 91' lang='lat' dir='ltr'><strong>data</strong></span> <span class='ocrx_word' id='word_1_236' title='bbox 1232 2535 1335 2599; x_wconf 91' lang='lat' dir='ltr'><strong>Poeno</strong></span> <span class='ocrx_word' id='word_1_237' title='bbox 1350 2557 1385 2599; x_wconf 85' lang='lat' dir='ltr'><strong>se</strong></span> 
     </span>
     <span class='ocr_line' id='line_1_29' title="bbox 292 2619 1386 2710; baseline -0.001 -23"><span class='ocrx_word' id='word_1_238' title='bbox 292 2694 299 2710; x_wconf 47' lang='grc'><strong><em>,</em></strong></span> <span class='ocrx_word' id='word_1_239' title='bbox 324 2621 492 2710; x_wconf 84' lang='lat' dir='ltr'><strong>jungendi.</strong></span> <span class='ocrx_word' id='word_1_240' title='bbox 538 2619 733 2697; x_wconf 86' lang='lat' dir='ltr'><strong>Hasdrubal,</strong></span> <span class='ocrx_word' id='word_1_241' title='bbox 749 2623 847 2704; x_wconf 89' lang='lat' dir='ltr'><strong>copiis</strong></span> <span class='ocrx_word' id='word_1_242' title='bbox 869 2623 900 2684; x_wconf 91' lang='lat' dir='ltr'><strong>in</strong></span> <span class='ocrx_word' id='word_1_243' title='bbox 924 2635 1039 2686; x_wconf 89' lang='lat' dir='ltr'><strong>terram</strong></span> <span class='ocrx_word' id='word_1_244' title='bbox 1061 2622 1220 2706; x_wconf 85' lang='lat' dir='ltr'><strong>expositis,</strong></span> <span class='ocrx_word' id='word_1_245' title='bbox 1235 2635 1267 2685; x_wconf 86' lang='lat' dir='ltr'><strong>et</strong></span> <span class='ocrx_word' id='word_1_246' title='bbox 1285 2621 1386 2686; x_wconf 86' lang='lat' dir='ltr'><strong>classe</strong></span> 
     </span>
     <span class='ocr_line' id='line_1_30' title="bbox 330 2704 1385 2793; baseline -0.005 -19"><span class='ocrx_word' id='word_1_247' title='bbox 330 2709 459 2774; x_wconf 88' lang='lat' dir='ltr'><strong>remissa</strong></span> <span class='ocrx_word' id='word_1_248' title='bbox 473 2704 713 2793; x_wconf 85' lang='lat' dir='ltr'><strong>Karthaginem,</strong></span> <span class='ocrx_word' id='word_1_249' title='bbox 729 2706 810 2770; x_wconf 90' lang='lat' dir='ltr'><strong>duce</strong></span> <span class='ocrx_word' id='word_1_250' title='bbox 822 2705 1036 2791; x_wconf 88' lang='lat' dir='ltr'><strong>Hampsicora</strong></span> <span class='ocrx_word' id='word_1_251' title='bbox 1046 2708 1086 2771; x_wconf 93' lang='lat' dir='ltr'><strong>ad</strong></span> <span class='ocrx_word' id='word_1_252' title='bbox 1102 2709 1257 2772; x_wconf 92' lang='lat' dir='ltr'><strong>sociorum</strong></span> <span class='ocrx_word' id='word_1_253' title='bbox 1271 2705 1385 2790; x_wconf 89' lang='lat' dir='ltr'><strong>populi</strong></span> 
     </span>
     <span class='ocr_line' id='line_1_31' title="bbox 332 2791 1385 2878; baseline -0.003 -19"><span class='ocrx_word' id='word_1_254' title='bbox 332 2794 470 2873; x_wconf 86' lang='lat' dir='ltr'><strong>Romani</strong></span> <span class='ocrx_word' id='word_1_255' title='bbox 485 2813 596 2878; x_wconf 85' lang='lat' dir='ltr'><strong>agrum</strong></span> <span class='ocrx_word' id='word_1_256' title='bbox 618 2791 835 2875; x_wconf 87' lang='lat' dir='ltr'><strong>populandum</strong></span> <span class='ocrx_word' id='word_1_257' title='bbox 851 2792 1018 2875; x_wconf 89' lang='lat' dir='ltr'><strong>profectus,</strong></span> <span class='ocrx_word' id='word_1_258' title='bbox 1036 2793 1163 2858; x_wconf 85' lang='lat' dir='ltr'><strong>Carales</strong></span> <span class='ocrx_word' id='word_1_259' title='bbox 1178 2804 1385 2877; x_wconf 85' lang='lat' dir='ltr'><strong>perventurus</strong></span> 
     </span>
     <span class='ocr_line' id='line_1_32' title="bbox 330 2875 1449 2965; baseline -0.004 -17"><span class='ocrx_word' id='word_1_260' title='bbox 330 2894 407 2957; x_wconf 87' lang='lat' dir='ltr'><strong>crat,</strong></span> <span class='ocrx_word' id='word_1_261' title='bbox 424 2880 457 2946; x_wconf 91' lang='lat' dir='ltr'><strong>ni</strong></span> <span class='ocrx_word' id='word_1_262' title='bbox 473 2875 617 2944; x_wconf 88' lang='lat' dir='ltr'><strong>Manlius</strong></span> <span class='ocrx_word' id='word_1_263' title='bbox 635 2877 730 2942; x_wconf 90' lang='lat' dir='ltr'><strong>obvio</strong></span> <span class='ocrx_word' id='word_1_264' title='bbox 750 2879 889 2944; x_wconf 87' lang='lat' dir='ltr'><strong>exercitu</strong></span> <span class='ocrx_word' id='word_1_265' title='bbox 909 2879 950 2942; x_wconf 91' lang='lat' dir='ltr'><strong>ab</strong></span> <span class='ocrx_word' id='word_1_266' title='bbox 965 2879 1062 2944; x_wconf 86' lang='lat' dir='ltr'><strong>effusa</strong></span> <span class='ocrx_word' id='word_1_267' title='bbox 1084 2901 1157 2965; x_wconf 80' lang='lat' dir='ltr'><strong>eum</strong></span> <span class='ocrx_word' id='word_1_268' title='bbox 1181 2877 1387 2964; x_wconf 85' lang='lat' dir='ltr'><strong>populatione</strong></span> <span class='ocrx_word' id='word_1_269' title='bbox 1447 2893 1449 2898; x_wconf 80' lang='grc'><strong>“</strong></span> 
     </span>
     <span class='ocr_line' id='line_1_33' title="bbox 331 2961 1387 3048; baseline -0.002 -17"><span class='ocrx_word' id='word_1_270' title='bbox 331 2965 543 3032; x_wconf 77' lang='lat' dir='ltr'><strong>continuisset.</strong></span> <span class='ocrx_word' id='word_1_271' title='bbox 590 2961 701 3028; x_wconf 91' lang='lat' dir='ltr'><strong>Primo</strong></span> <span class='ocrx_word' id='word_1_272' title='bbox 728 2977 830 3030; x_wconf 88' lang='lat' dir='ltr'><strong>castra</strong></span> <span class='ocrx_word' id='word_1_273' title='bbox 849 2965 957 3048; x_wconf 78' lang='lat' dir='ltr'><strong>castris</strong></span> <span class='ocrx_word' id='word_1_274' title='bbox 978 2965 1104 3029; x_wconf 89' lang='lat' dir='ltr'><strong>modico</strong></span> <span class='ocrx_word' id='word_1_275' title='bbox 1129 2963 1293 3028; x_wconf 84' lang='lat' dir='ltr'><strong>intervallo</strong></span> <span class='ocrx_word' id='word_1_276' title='bbox 1312 2977 1387 3029; x_wconf 88' lang='lat' dir='ltr'><strong>sunt</strong></span> 
     </span>
     <span class='ocr_line' id='line_1_34' title="bbox 311 3047 1389 3138; baseline 0.005 -28"><span class='ocrx_word' id='word_1_277' title='bbox 311 3053 466 3138; x_wconf 60' lang='lat' dir='ltr'><strong>¹digesta,</strong></span> <span class='ocrx_word' id='word_1_278' title='bbox 492 3047 607 3114; x_wconf 92' lang='lat' dir='ltr'><strong>deinde</strong></span> <span class='ocrx_word' id='word_1_279' title='bbox 642 3050 891 3134; x_wconf 86' lang='lat' dir='ltr'><strong>procursationes</strong></span> <span class='ocrx_word' id='word_1_280' title='bbox 924 3050 1067 3138; x_wconf 90' lang='lat' dir='ltr'><strong>leviaque</strong></span> <span class='ocrx_word' id='word_1_281' title='bbox 1099 3050 1270 3114; x_wconf 85' lang='lat' dir='ltr'><strong>certamina</strong></span> <span class='ocrx_word' id='word_1_282' title='bbox 1296 3051 1389 3115; x_wconf 83' lang='lat' dir='ltr'><strong>vario</strong></span> 
     </span>
     <span class='ocr_line' id='line_1_35' title="bbox 287 3136 1390 3224; baseline 0 -24"><span class='ocrx_word' id='word_1_283' title='bbox 287 3207 290 3215; x_wconf 33' lang='lat'><strong><em>¹</em></strong></span> <span class='ocrx_word' id='word_1_284' title='bbox 333 3151 446 3222; x_wconf 76' lang='lat' dir='ltr'><strong>everrtu</strong></span> <span class='ocrx_word' id='word_1_285' title='bbox 462 3137 556 3202; x_wconf 84' lang='lat' dir='ltr'><strong>inita:</strong></span> <span class='ocrx_word' id='word_1_286' title='bbox 580 3147 737 3218; x_wconf 87' lang='lat' dir='ltr'><strong>postremo</strong></span> <span class='ocrx_word' id='word_1_287' title='bbox 752 3137 935 3201; x_wconf 88' lang='lat' dir='ltr'><strong>descensum</strong></span> <span class='ocrx_word' id='word_1_288' title='bbox 958 3137 991 3200; x_wconf 92' lang='lat' dir='ltr'><strong>in</strong></span> <span class='ocrx_word' id='word_1_289' title='bbox 1014 3137 1123 3216; x_wconf 88' lang='lat' dir='ltr'><strong>aciem,</strong></span> <span class='ocrx_word' id='word_1_290' title='bbox 1139 3136 1296 3224; x_wconf 86' lang='lat' dir='ltr'><strong>signisque</strong></span> <span class='ocrx_word' id='word_1_291' title='bbox 1310 3157 1390 3200; x_wconf 87' lang='lat' dir='ltr'><strong>con·</strong></span> 
     </span>
    </p>
   </div>
   <div class='ocr_carea' id='block_1_3' title="bbox 173 3221 1390 3312">
    <p class='ocr_par' dir='ltr' id='par_1_3' title="bbox 173 3221 1390 3312">
     <span class='ocr_line' id='line_1_36' title="bbox 173 3221 1390 3312; baseline -0.002 -21"><span class='ocrx_word' id='word_1_292' title='bbox 173 3243 298 3296; x_wconf 62' lang='lat' dir='ltr'><strong>ratium.</strong></span> <span class='ocrx_word' id='word_1_293' title='bbox 334 3224 416 3304; x_wconf 91' lang='lat' dir='ltr'><strong>latis,</strong></span> <span class='ocrx_word' id='word_1_294' title='bbox 436 3223 523 3312; x_wconf 88' lang='lat' dir='ltr'><strong>justo</strong></span> <span class='ocrx_word' id='word_1_295' title='bbox 551 3221 666 3309; x_wconf 90' lang='lat' dir='ltr'><strong>proelio</strong></span> <span class='ocrx_word' id='word_1_296' title='bbox 698 3243 755 3309; x_wconf 89' lang='lat' dir='ltr'><strong>per</strong></span> <span class='ocrx_word' id='word_1_297' title='bbox 790 3236 926 3309; x_wconf 88' lang='lat' dir='ltr'><strong>quatuor</strong></span> <span class='ocrx_word' id='word_1_298' title='bbox 958 3221 1054 3286; x_wconf 88' lang='lat' dir='ltr'><strong>horas</strong></span> <span class='ocrx_word' id='word_1_299' title='bbox 1085 3236 1272 3308; x_wconf 84' lang='lat' dir='ltr'><strong>pugnatum.</strong></span> <span class='ocrx_word' id='word_1_300' title='bbox 1318 3222 1390 3288; x_wconf 90' lang='lat' dir='ltr'><strong>Diu</strong></span> 
     </span>
    </p>
   </div>
   <div class='ocr_carea' id='block_1_4' title="bbox 172 3321 1399 4218">
    <p class='ocr_par' dir='ltr' id='par_1_4' title="bbox 172 3321 971 3486">
     <span class='ocr_line' id='line_1_37' title="bbox 172 3321 603 3375; baseline 0 -20"><span class='ocrx_word' id='word_1_301' title='bbox 172 3321 301 3369; x_wconf 82' lang='lat' dir='ltr'><strong>qnosupe-</strong></span> <span class='ocrx_word' id='word_1_302' title='bbox 504 3339 505 3346; x_wconf 52' lang='lat'><strong>.</strong></span> <span class='ocrx_word' id='word_1_303' title='bbox 602 3367 603 3375; x_wconf 10' lang='grc' dir='ltr'>ἵ</span> 
     </span>
     <span class='ocr_line' id='line_1_38' title="bbox 173 3372 971 3484; baseline 0.005 -58"><span class='ocrx_word' id='word_1_304' title='bbox 173 3372 307 3484; x_wconf 54' lang='grc' dir='ltr'><strong>τίοῐέῐῑῡ·</strong></span> <span class='ocrx_word' id='word_1_305' title='bbox 761 3376 971 3430; x_wconf 73' lang='lat' dir='ltr'><strong>bl&#39;etttdosoroa</strong></span> 
     </span>
     <span class='ocr_line' id='line_1_39' title="bbox 173 3449 428 3486; baseline -0.004 -1"><span class='ocrx_word' id='word_1_306' title='bbox 173 3449 215 3484; x_wconf 81' lang='lat' dir='ltr'><strong>ma</strong></span> <span class='ocrx_word' id='word_1_307' title='bbox 242 3468 250 3486; x_wconf 89' lang='lat'><strong>.</strong></span> <span class='ocrx_word' id='word_1_308' title='bbox 426 3479 428 3484; x_wconf 93' lang='lat'><strong>.</strong></span> 
     </span>
    </p>

    <p class='ocr_par' dir='ltr' id='par_1_5' title="bbox 336 3511 1396 3759">
     <span class='ocr_line' id='line_1_40' title="bbox 368 3511 1391 3576; baseline 0.003 -17"><span class='ocrx_word' id='word_1_309' title='bbox 368 3511 401 3560; x_wconf 82' lang='lat'><strong>85</strong></span> <span class='ocrx_word' id='word_1_310' title='bbox 417 3511 494 3572; x_wconf 76' lang='lat' dir='ltr'><strong>Super</strong></span> <span class='ocrx_word' id='word_1_311' title='bbox 508 3513 668 3560; x_wconf 77' lang='lat' dir='ltr'><strong>Vautulamia</strong></span> <span class='ocrx_word' id='word_1_312' title='bbox 682 3514 765 3560; x_wconf 75' lang='lat' dir='ltr'><strong>saura</strong></span> <span class='ocrx_word' id='word_1_313' title='bbox 777 3513 850 3560; x_wconf 78' lang='lat' dir='ltr'><strong>ctae·</strong></span> <span class='ocrx_word' id='word_1_314' title='bbox 911 3512 944 3561; x_wconf 76' lang='lat' dir='ltr'><strong>Sl</strong></span> <span class='ocrx_word' id='word_1_315' title='bbox 969 3511 1067 3558; x_wconf 69' lang='lat' dir='ltr'><strong>Pellitos</strong></span> <span class='ocrx_word' id='word_1_316' title='bbox 1095 3511 1193 3576; x_wconf 76' lang='lat' dir='ltr'><strong>Sardoa]</strong></span> <span class='ocrx_word' id='word_1_317' title='bbox 1225 3513 1264 3562; x_wconf 88' lang='lat' dir='ltr'><strong>Sic</strong></span> <span class='ocrx_word' id='word_1_318' title='bbox 1292 3515 1391 3575; x_wconf 86' lang='lat' dir='ltr'><strong>optimi,</strong></span> 
     </span>
     <span class='ocr_line' id='line_1_41' title="bbox 336 3576 1393 3639; baseline -0.003 -15"><span class='ocrx_word' id='word_1_319' title='bbox 336 3576 425 3639; x_wconf 64' lang='lat' dir='ltr'><strong>dunis]</strong></span> <span class='ocrx_word' id='word_1_320' title='bbox 444 3577 507 3638; x_wconf 81' lang='lat' dir='ltr'><strong>Lege</strong></span> <span class='ocrx_word' id='word_1_321' title='bbox 517 3591 574 3626; x_wconf 87' lang='lat' dir='ltr'><strong>cum</strong></span> <span class='ocrx_word' id='word_1_322' title='bbox 583 3577 694 3624; x_wconf 84' lang='lat' dir='ltr'><strong>cluverlo</strong></span> <span class='ocrx_word' id='word_1_323' title='bbox 704 3591 774 3638; x_wconf 73' lang='lat' dir='ltr'><strong>super</strong></span> <span class='ocrx_word' id='word_1_324' title='bbox 781 3577 850 3624; x_wconf 77' lang='lat' dir='ltr'><strong>Sura·</strong></span> <span class='ocrx_word' id='word_1_325' title='bbox 880 3583 942 3624; x_wconf 82' lang='lat' dir='ltr'><strong>teste</strong></span> <span class='ocrx_word' id='word_1_326' title='bbox 953 3577 1081 3622; x_wconf 83' lang='lat' dir='ltr'><strong>Gronorio.</strong></span> <span class='ocrx_word' id='word_1_327' title='bbox 1098 3577 1180 3638; x_wconf 81' lang='lat' dir='ltr'><strong>Vulgo</strong></span> <span class='ocrx_word' id='word_1_328' title='bbox 1190 3577 1300 3627; x_wconf 72' lang='lat' dir='ltr'><strong>Pallidus.</strong></span> <span class='ocrx_word' id='word_1_329' title='bbox 1319 3578 1393 3628; x_wconf 77' lang='lat' dir='ltr'><strong>*rea</strong></span> 
     </span>
     <span class='ocr_line' id='line_1_42' title="bbox 337 3639 1395 3704; baseline 0.005 -18"><span class='ocrx_word' id='word_1_330' title='bbox 337 3641 421 3694; x_wconf 66' lang='lat' dir='ltr'><strong>auum,</strong></span> <span class='ocrx_word' id='word_1_331' title='bbox 438 3654 470 3688; x_wconf 87' lang='lat' dir='ltr'><strong>ex</strong></span> <span class='ocrx_word' id='word_1_332' title='bbox 489 3653 558 3702; x_wconf 81' lang='lat' dir='ltr'><strong>capp·</strong></span> <span class='ocrx_word' id='word_1_333' title='bbox 571 3639 608 3687; x_wconf 75' lang='lat'><strong>1⁷.</strong></span> <span class='ocrx_word' id='word_1_334' title='bbox 629 3647 654 3686; x_wconf 84' lang='lat' dir='ltr'><strong>et</strong></span> <span class='ocrx_word' id='word_1_335' title='bbox 668 3639 708 3688; x_wconf 77' lang='grc'><strong>32.</strong></span> <span class='ocrx_word' id='word_1_336' title='bbox 726 3655 808 3702; x_wconf 87' lang='lat' dir='ltr'><strong>supra,</strong></span> <span class='ocrx_word' id='word_1_337' title='bbox 824 3647 849 3688; x_wconf 85' lang='lat' dir='ltr'><strong>at</strong></span> <span class='ocrx_word' id='word_1_338' title='bbox 880 3641 919 3686; x_wconf 87' lang='lat' dir='ltr'><strong>liti</strong></span> <span class='ocrx_word' id='word_1_339' title='bbox 944 3640 1061 3686; x_wconf 74' lang='lat' dir='ltr'><strong>seruata</strong></span> <span class='ocrx_word' id='word_1_340' title='bbox 1087 3643 1200 3700; x_wconf 84' lang='lat' dir='ltr'><strong>populns,</strong></span> <span class='ocrx_word' id='word_1_341' title='bbox 1222 3643 1264 3702; x_wconf 89' lang='lat' dir='ltr'><strong>qui</strong></span> <span class='ocrx_word' id='word_1_342' title='bbox 1289 3643 1347 3704; x_wconf 86' lang='lat' dir='ltr'><strong>quia</strong></span> <span class='ocrx_word' id='word_1_343' title='bbox 1367 3645 1395 3691; x_wconf 91' lang='lat' dir='ltr'><strong>in</strong></span> 
     </span>
     <span class='ocr_line' id='line_1_43' title="bbox 338 3703 1396 3759; baseline 0.003 -7"><span class='ocrx_word' id='word_1_344' title='bbox 338 3704 378 3752; x_wconf 76' lang='lat'><strong>46.</strong></span> <span class='ocrx_word' id='word_1_345' title='bbox 387 3703 426 3750; x_wconf 79' lang='lat' dir='ltr'><strong>ta.</strong></span> <span class='ocrx_word' id='word_1_346' title='bbox 438 3705 508 3751; x_wconf 81' lang='lat' dir='ltr'><strong>inira.</strong></span> <span class='ocrx_word' id='word_1_347' title='bbox 881 3705 1005 3751; x_wconf 87' lang='lat' dir='ltr'><strong>montibus</strong></span> <span class='ocrx_word' id='word_1_348' title='bbox 1026 3705 1176 3759; x_wconf 85' lang='lat' dir='ltr'><strong>habitabant,</strong></span> <span class='ocrx_word' id='word_1_349' title='bbox 1191 3705 1246 3752; x_wconf 85' lang='lat' dir='ltr'><strong>ideo</strong></span> <span class='ocrx_word' id='word_1_350' title='bbox 1262 3707 1293 3754; x_wconf 85' lang='lat' dir='ltr'><strong>ad</strong></span> <span class='ocrx_word' id='word_1_351' title='bbox 1309 3721 1396 3755; x_wconf 86' lang='lat' dir='ltr'><strong>arcen-</strong></span> 
     </span>
    </p>

    <p class='ocr_par' dir='ltr' id='par_1_6' title="bbox 338 3766 1399 4218">
     <span class='ocr_line' id='line_1_44' title="bbox 371 3766 1399 3830; baseline 0.006 -16"><span class='ocrx_word' id='word_1_352' title='bbox 371 3767 403 3814; x_wconf 81' lang='grc'><strong>86</strong></span> <span class='ocrx_word' id='word_1_353' title='bbox 427 3768 477 3813; x_wconf 81' lang='lat' dir='ltr'><strong>Par</strong></span> <span class='ocrx_word' id='word_1_354' title='bbox 509 3768 538 3816; x_wconf 80' lang='grc' dir='ltr'><strong>Τ.</strong></span> <span class='ocrx_word' id='word_1_355' title='bbox 564 3767 688 3816; x_wconf 77' lang='lat' dir='ltr'><strong>Manlium</strong></span> <span class='ocrx_word' id='word_1_356' title='bbox 714 3766 850 3830; x_wconf 75' lang='lat' dir='ltr'><strong>praetorem]</strong></span> <span class='ocrx_word' id='word_1_357' title='bbox 881 3771 941 3814; x_wconf 85' lang='lat' dir='ltr'><strong>dum</strong></span> <span class='ocrx_word' id='word_1_358' title='bbox 952 3768 1031 3828; x_wconf 70' lang='lat' dir='ltr'><strong>frigus</strong></span> <span class='ocrx_word' id='word_1_359' title='bbox 1042 3768 1170 3815; x_wconf 78' lang='lat' dir='ltr'><strong>mastrucis</strong></span> <span class='ocrx_word' id='word_1_360' title='bbox 1182 3775 1209 3815; x_wconf 88' lang='lat' dir='ltr'><strong>et</strong></span> <span class='ocrx_word' id='word_1_361' title='bbox 1224 3771 1327 3830; x_wconf 62' lang='lat' dir='ltr'><strong>palibus</strong></span> <span class='ocrx_word' id='word_1_362' title='bbox 1342 3779 1399 3820; x_wconf 79' lang='lat' dir='ltr'><strong>ute·</strong></span> 
     </span>
     <span class='ocr_line' id='line_1_45' title="bbox 340 3831 1397 3894; baseline 0.009 -18"><span class='ocrx_word' id='word_1_363' title='bbox 340 3831 388 3878; x_wconf 87' lang='lat' dir='ltr'><strong>Vel</strong></span> <span class='ocrx_word' id='word_1_364' title='bbox 413 3833 544 3891; x_wconf 81' lang='lat' dir='ltr'><strong>legendum</strong></span> <span class='ocrx_word' id='word_1_365' title='bbox 563 3839 601 3877; x_wconf 87' lang='lat' dir='ltr'><strong>est</strong></span> <span class='ocrx_word' id='word_1_366' title='bbox 616 3837 792 3894; x_wconf 65' lang='lat' dir='ltr'><strong>properaturum,</strong></span> <span class='ocrx_word' id='word_1_367' title='bbox 812 3833 851 3877; x_wconf 86' lang='lat' dir='ltr'><strong>vel</strong></span> <span class='ocrx_word' id='word_1_368' title='bbox 882 3835 985 3878; x_wconf 67' lang='lat' dir='ltr'><strong>matur:</strong></span> <span class='ocrx_word' id='word_1_369' title='bbox 1023 3833 1087 3878; x_wconf 86' lang='lat' dir='ltr'><strong>unde</strong></span> <span class='ocrx_word' id='word_1_370' title='bbox 1111 3832 1160 3879; x_wconf 88' lang='lat' dir='ltr'><strong>illis</strong></span> <span class='ocrx_word' id='word_1_371' title='bbox 1189 3847 1278 3882; x_wconf 86' lang='lat' dir='ltr'><strong>nomen</strong></span> <span class='ocrx_word' id='word_1_372' title='bbox 1305 3835 1397 3887; x_wconf 85' lang='lat' dir='ltr'><strong>Pelliti.</strong></span> 
     </span>
     <span class='ocr_line' id='line_1_46' title="bbox 338 3895 1398 3958; baseline 0.004 -16"><span class='ocrx_word' id='word_1_373' title='bbox 338 3898 426 3956; x_wconf 62' lang='lat' dir='ltr'><strong>rator</strong></span> <span class='ocrx_word' id='word_1_374' title='bbox 448 3895 487 3952; x_wconf 78' lang='lat' dir='ltr'><strong>iric</strong></span> <span class='ocrx_word' id='word_1_375' title='bbox 504 3896 610 3942; x_wconf 85' lang='lat' dir='ltr'><strong>sumitur</strong></span> <span class='ocrx_word' id='word_1_376' title='bbox 626 3911 670 3956; x_wconf 85' lang='lat' dir='ltr'><strong>pro</strong></span> <span class='ocrx_word' id='word_1_377' title='bbox 688 3898 851 3957; x_wconf 82' lang='lat' dir='ltr'><strong>acquiram</strong></span> <span class='ocrx_word' id='word_1_378' title='bbox 883 3897 965 3958; x_wconf 85' lang='lat' dir='ltr'><strong>†vi‹t.</strong></span> <span class='ocrx_word' id='word_1_379' title='bbox 976 3896 1073 3942; x_wconf 83' lang='lat' dir='ltr'><strong>tertiam</strong></span> <span class='ocrx_word' id='word_1_380' title='bbox 1092 3896 1228 3957; x_wconf 78' lang='lat' dir='ltr'><strong>Epistulam</strong></span> <span class='ocrx_word' id='word_1_381' title='bbox 1245 3905 1352 3946; x_wconf 81' lang='lat' dir='ltr'><strong>nostram</strong></span> <span class='ocrx_word' id='word_1_382' title='bbox 1364 3904 1398 3953; x_wconf 77' lang='lat' dir='ltr'><strong>ad</strong></span> 
     </span>
     <span class='ocr_line' id='line_1_47' title="bbox 340 3959 1399 4020; baseline 0.006 -14"><span class='ocrx_word' id='word_1_383' title='bbox 340 3961 454 4020; x_wconf 75' lang='lat' dir='ltr'><strong>praetorio</strong></span> <span class='ocrx_word' id='word_1_384' title='bbox 469 3960 571 4018; x_wconf 87' lang='lat' dir='ltr'><strong>impen&#39;o</strong></span> <span class='ocrx_word' id='word_1_385' title='bbox 581 3966 626 4012; x_wconf 83' lang='lat' dir='ltr'><strong>est.</strong></span> <span class='ocrx_word' id='word_1_386' title='bbox 638 3962 750 4020; x_wconf 86' lang='lat' dir='ltr'><strong>quamvis</strong></span> <span class='ocrx_word' id='word_1_387' title='bbox 762 3968 853 4020; x_wconf 83' lang='lat' dir='ltr'><strong>praetu-</strong></span> <span class='ocrx_word' id='word_1_388' title='bbox 885 3961 916 4007; x_wconf 89' lang='lat' dir='ltr'><strong>R.</strong></span> <span class='ocrx_word' id='word_1_389' title='bbox 932 3963 959 4008; x_wconf 84' lang='grc' dir='ltr'><strong>Ρ.</strong></span> <span class='ocrx_word' id='word_1_390' title='bbox 971 3959 1135 4018; x_wconf 69' lang='lat' dir='ltr'><strong>namuurum,</strong></span> <span class='ocrx_word' id='word_1_391' title='bbox 1153 3963 1184 4010; x_wconf 88' lang='lat' dir='ltr'><strong>de</strong></span> <span class='ocrx_word' id='word_1_392' title='bbox 1202 3962 1275 4010; x_wconf 84' lang='lat' dir='ltr'><strong>Plinii</strong></span> <span class='ocrx_word' id='word_1_393' title='bbox 1290 3964 1399 4018; x_wconf 76' lang='lat' dir='ltr'><strong>adidone</strong></span> 
     </span>
     <span class='ocr_line' id='line_1_48' title="bbox 340 4025 1087 4082; baseline 0.005 -13"><span class='ocrx_word' id='word_1_394' title='bbox 340 4037 395 4070; x_wconf 87' lang='lat' dir='ltr'><strong>ram</strong></span> <span class='ocrx_word' id='word_1_395' title='bbox 416 4037 465 4070; x_wconf 91' lang='lat' dir='ltr'><strong>non</strong></span> <span class='ocrx_word' id='word_1_396' title='bbox 490 4029 565 4082; x_wconf 79' lang='lat' dir='ltr'><strong>gerat.</strong></span> <span class='ocrx_word' id='word_1_397' title='bbox 608 4025 638 4072; x_wconf 83' lang='lat' dir='ltr'><strong>T.</strong></span> <span class='ocrx_word' id='word_1_398' title='bbox 655 4026 727 4072; x_wconf 80' lang='lat' dir='ltr'><strong>enim·</strong></span> <span class='ocrx_word' id='word_1_399' title='bbox 744 4025 852 4073; x_wconf 86' lang='lat' dir='ltr'><strong>Manlius</strong></span> <span class='ocrx_word' id='word_1_400' title='bbox 884 4025 1087 4073; x_wconf 85' lang='lat' dir='ltr'><strong>aheoadornata.</strong></span> 
     </span>
     <span class='ocr_line' id='line_1_49' title="bbox 341 4087 1397 4153; baseline 0.007 -19"><span class='ocrx_word' id='word_1_401' title='bbox 341 4088 449 4134; x_wconf 83' lang='lat' dir='ltr'><strong>nonfuit</strong></span> <span class='ocrx_word' id='word_1_402' title='bbox 465 4092 554 4148; x_wconf 77' lang='lat' dir='ltr'><strong>praetor</strong></span> <span class='ocrx_word' id='word_1_403' title='bbox 570 4088 616 4142; x_wconf 79' lang='lat' dir='ltr'><strong>hoc</strong></span> <span class='ocrx_word' id='word_1_404' title='bbox 633 4096 746 4146; x_wconf 65' lang='lat' dir='ltr'><strong>annunt</strong></span> <span class='ocrx_word' id='word_1_405' title='bbox 759 4098 854 4137; x_wconf 87' lang='lat' dir='ltr'><strong>constat</strong></span> <span class='ocrx_word' id='word_1_406' title='bbox 916 4089 948 4136; x_wconf 82' lang='lat'><strong>88</strong></span> <span class='ocrx_word' id='word_1_407' title='bbox 966 4087 1099 4148; x_wconf 74' lang='lat' dir='ltr'><strong>Ortiagmtl</strong></span> <span class='ocrx_word' id='word_1_408' title='bbox 1108 4089 1199 4153; x_wconf 77' lang='lat' dir='ltr'><strong>fernae]</strong></span> <span class='ocrx_word' id='word_1_409' title='bbox 1218 4091 1292 4139; x_wconf 86' lang='lat' dir='ltr'><strong>Hunc</strong></span> <span class='ocrx_word' id='word_1_410' title='bbox 1309 4103 1397 4140; x_wconf 83' lang='lat' dir='ltr'><strong>numa-</strong></span> 
     </span>
     <span class='ocr_line' id='line_1_50' title="bbox 342 4151 1398 4218; baseline 0.007 -20"><span class='ocrx_word' id='word_1_411' title='bbox 342 4165 452 4212; x_wconf 84' lang='lat' dir='ltr'><strong>excapp.</strong></span> <span class='ocrx_word' id='word_1_412' title='bbox 463 4151 589 4200; x_wconf 64' lang='lat' dir='ltr'><strong>auam</strong></span> <span class='ocrx_word' id='word_1_413' title='bbox 623 4153 678 4202; x_wconf 80' lang='lat' dir='ltr'><strong>Nisi</strong></span> <span class='ocrx_word' id='word_1_414' title='bbox 694 4156 855 4202; x_wconf 80' lang='lat' dir='ltr'><strong>lortevoxea</strong></span> <span class='ocrx_word' id='word_1_415' title='bbox 887 4168 941 4200; x_wconf 86' lang='lat' dir='ltr'><strong>rum</strong></span> <span class='ocrx_word' id='word_1_416' title='bbox 966 4153 1057 4198; x_wconf 84' lang='lat' dir='ltr'><strong>babent</strong></span> <span class='ocrx_word' id='word_1_417' title='bbox 1084 4155 1190 4204; x_wconf 86' lang='lat' dir='ltr'><strong>mellaris</strong></span> <span class='ocrx_word' id='word_1_418' title='bbox 1216 4163 1282 4207; x_wconf 79' lang='lat' dir='ltr'><strong>nolte</strong></span> <span class='ocrx_word' id='word_1_419' title='bbox 1306 4157 1398 4218; x_wconf 82' lang='lat' dir='ltr'><strong>scripti.</strong></span> 
     </span>
    </p>
   </div>
   <div class='ocr_carea' id='block_1_5' title="bbox 343 4209 1219 4329">
    <p class='ocr_par' dir='ltr' id='par_1_7' title="bbox 343 4209 1219 4329">
     <span class='ocr_line' id='line_1_51' title="bbox 343 4209 1219 4329; baseline 0.009 -69"><span class='ocrx_word' id='word_1_420' title='bbox 343 4217 445 4328; x_wconf 66' lang='lat' dir='ltr'><strong>delenqa¹</strong></span> <span class='ocrx_word' id='word_1_421' title='bbox 452 4223 565 4329; x_wconf 55' lang='lat' dir='ltr'><strong>estgdqrae</strong></span> <span class='ocrx_word' id='word_1_422' title='bbox 576 4209 674 4279; x_wconf 83' lang='lat' dir='ltr'><strong>qiridem</strong></span> <span class='ocrx_word' id='word_1_423' title='bbox 685 4222 753 4267; x_wconf 84' lang='lat' dir='ltr'><strong>abest</strong></span> <span class='ocrx_word' id='word_1_424' title='bbox 764 4223 794 4268; x_wconf 93' lang='lat' dir='ltr'><strong>ab</strong></span> <span class='ocrx_word' id='word_1_425' title='bbox 805 4217 855 4269; x_wconf 87' lang='lat' dir='ltr'><strong>uno</strong></span> <span class='ocrx_word' id='word_1_426' title='bbox 888 4219 1015 4266; x_wconf 81' lang='lat' dir='ltr'><strong>Editorum</strong></span> <span class='ocrx_word' id='word_1_427' title='bbox 1027 4219 1108 4278; x_wconf 86' lang='lat' dir='ltr'><strong>turba,</strong></span> <span class='ocrx_word' id='word_1_428' title='bbox 1118 4221 1219 4268; x_wconf 71' lang='lat' dir='ltr'><strong>tractasti.</strong></span> 
     </span>
     <span class='ocr_line' id='line_1_52' title="bbox 343 4295 537 4329; baseline 0 -2"><span class='ocrx_word' id='word_1_429' title='bbox 343 4295 482 4329; x_wconf 84' lang='lat' dir='ltr'><strong>enosrrsc</strong></span> <span class='ocrx_word' id='word_1_430' title='bbox 533 4313 537 4327; x_wconf 88' lang='lat'><strong>.</strong></span> 
     </span>
    </p>
   </div>
   <div class='ocr_carea' id='block_1_6' title="bbox 0 0 1555 4972">
    <p class='ocr_par' dir='ltr' id='par_1_8' title="bbox 0 0 1555 4972">
     <span class='ocr_line' id='line_1_53' title="bbox 0 0 1555 4972; baseline 0 0"><span class='ocrx_word' id='word_1_431' title='bbox 0 0 1555 4972; x_wconf 95' lang='lat' dir='ltr'><strong> </strong></span> 
     </span>
    </p>
   </div>
  </div>
 </body>
</html>
