3140 4972
454 205 549 270 LIB.
575 202 822 266 XXIV.·CAP.
849 203 952 266 xxn.
1031 275 1037 279 ,
1130 199 1237 277 ’219

173 369 408 458 ΥῙῚτῐοηιωφιὲ,
419 369 506 438 dono
520 369 596 438 data
611 365 750 436 Hieroni
764 393 784 434 a
798 367 920 456 populo
937 369 1095 447 Romano,
1109 368 1238 457 fixeque
1247 388 1276 436 u.
1286 389 1314 439 c.
1325 387 1403 460 ⁵³⁸¹,

175 457 215 524 eb
229 480 278 536 eo,
294 457 477 537 detrahunt,
492 471 657 544 precantes
671 456 794 534 Jovem,
811 469 847 520 ut
861 453 970 520 volens
983 455 1140 542 propitius
1153 469 1238 540 'pree-
1247 455 1277 506 Α·
1287 455 1314 504 ⁰·
1327 453 1384 504 2¹⁴·

174 543 246 609 best
261 567 350 612 sucre
364 565 462 623 arms,
478 566 538 629 pro
552 543 666 630 patrie,
680 564 741 630 pro
755 542 866 608 Deum
887 542 1039 618 delubris,
1062 565 1121 627 pro
1144 543 1239 612 liber·

175 642 238 696 tste
253 653 320 696 sese
341 630 548 697 armantibus.
594 629 680 696 Haec
701 651 828 780 quopue
851 629 1033 708 multitudo,
1049 631 1238 696 stationibus

174 717 253 803 ⁵per
277 718 436 803 principes
459 717 626 804 regionum
649 717 737 780 urbrs
788 715 935 800 ispositis,
959 715 1153 804 adjungitur.
1198 717 1238 782 lu

175 803 285 869 Insuis
309 805 393 870 inter
416 816 519 870 cetere
538 801 793 868 Andranodorus
812 801 968 887 presidiis
982 802 1110 870 ⁶firmet
1123 803 1240 882 horrea

175 889 314 976 publica.
373 890 490 968 Imeus,
519 907 598 954 saxo
634 886 791 976 quadrato
826 900 942 974 septus,
972 902 1067 976 atque
1095 891 1175 956 arcis
1203 890 1239 959 iu

174 977 306 1044 modum
331 978 499 1054 emunitus,
515 976 640 1061 sepitur
654 975 695 1040 ab
705 976 886 1060 juventute,
904 997 978 1061 quoe
1000 975 1150 1060 praesidio
1172 977 1239 1062 ejus

175 1063 237 1131 loci
252 1062 414 1130 adtributa
426 1075 505 1141 erat,
520 1063 713 1148 mittuntque
728 1060 861 1128 nuncios
876 1062 909 1126 in
924 1060 1152 1141 Achradinam,
1164 1062 1240 1128 hor·

176 1172 230 1216 rea
243 1148 500 1237 frumentumque
514 1150 548 1213 in
562 1161 687 1214 senatus
701 1161 856 1233 potestate
870 1170 944 1214 esse.
1337 1215 1340 1224 ,

220 1235 343 1302 XXII.
367 1235 455 1304 Luce
477 1238 580 1320 prime
601 1235 738 1320 populus
757 1235 1024 1300 omnis'armetur
1045 1233 1239 1322 inermisque

176 1322 209 1388 in
219 1322 434 1389 Achradinam
454 1322 496 1388 sd
516 1322 636 1388 curiam
652 1322 808 1388 convenit.
829 1321 875 1386 ibi
890 1344 950 1406 pro
966 1321 1157 1388 Concordiae
1172 1345 1238 1400 urs,

177 1433 248 1496 quae
263 1409 297 1474 in
311 1432 350 1474 eo
365 1410 425 1476 site
439 1409 511 1475 loco
525 1421 603 1486 erat,
619 1407 871 1494 exprincipibus
894 1429 975 1474 unus
997 1410 1126 1474 nomine
1142 1409 1238 1496 Poly·
1249 1423 1358 1501 porgens

177 1515 268 1562 aenus
282 1497 469 1563 concionem
484 1511 517 1561 et
530 1495 662 1562 liberam
677 1507 709 1560 et
723 1495 919 1560 moderatam
929 1493 1058 1562 hebuit:
1081 1497 1239 1562 ⁷Seruitn·
1248 1489 1390 1535 mmm*

176 1586 261 1648 dinis
275 1585 533 1669 indimtotisqne
545 1585 680 1648 homines
694 1591 842 1664 expertos,
857 1584 1002 1648 aduersus
1012 1593 1113 1674 notum
1128 1587 1239 1652 malurn
1247 1555 1399 1668 mmm*

177 1672 320 1737 irritatos
334 1693 405 1738 erse.
448 1670 620 1749 Discordia
633 1669 735 1734 ciuilis
749 1690 824 1753 quas
844 1671 979 1750 inportet
992 1671 1103 1747 clades,
1119 1672 1242 1736 audisse

177 1759 276 1841 magis
299 1780 322 1820 o
344 1757 490 1840 putribns
511 1757 729 1843 Syranesanos,
752 1777 842 1839 qnam
871 1757 953 1838 ipsos
977 1759 1098 1822 uidisse.
1142 1761 1240 1824 Arma

179 1846 261 1928 qnod
280 1845 405 1928 inpigre
424 1844 570 1926 ceperint,
596 1843 747 1908 laudare.-
778 1843 877 1927 magis
901 1843 1107 1921 laudaturum,
1129 1845 1159 1908 si
1178 1865 1241 1908 non

179 1939 315 2006 utinm,
331 1932 396 1996 nisi
408 1931 517 1999 ultima
532 1931 709 1994 necessitate
722 1930 830 1994 coacti.
874 1929 915 1993 In
930 1933 1102 2011 presentia
1123 1931 1242 2016 legatos

177 2018 222 2080 ad
234 2015 493 2080 Andranodornrn
514 2017 597 2080 mitti
615 2018 748 2098 placere,
764 2017 819 2098 qni
838 2016 1029 2092 deumne,
1043 2027 1078 2082 nt
1092 2019 1127 2080 in
1135 2026 1241 2100 potes·

173 2112 244 2169 'tete
258 2113 380 2168 mnctns
393 2126 431 2168 ere
451 2104 565 2186 populi
578 2103 639 2168 sit:
656 2111 761 2184 porte
781 2102 900 2166 Insnlae
917 2111 1071 2184 pateant,-
1095 2102 1241 2168 ⁸reeedat

172 2191 366 2272 presidium.
403 2191 440 2256 Si
452 2191 577 2254 tutelam
592 2190 691 2252 alieni
703 2189 794 2272 regni
806 2209 890 2252 senem
904 2209 1031 2272 regnum
1039 2189 1239 2273 aelitfacere,

177 2277 363 2340 mindense
382 2277 619 2352 censere,rnnito
642 2275 745 2340 aerius
765 2274 805 2338 ab
826 2274 1065 2350 Andranodorc,
1089 2296 1179 2358 pianr
1200 2276 1241 2338 ab

179 2363 380 2448 Hieronymo,
397 2365 496 2446 repeti
508 2363 689 2426 libertatern.
734 2360 788 2424 Ab
803 2360 862 2424 hac
877 2360 1030 2426 concione
1044 2360 1140 2448 legati
1155 2361 1241 2426 missi
1249 2373 1335 2434 Legati
1345 2375 1402 2420 mtt-

177 2461 263 2513 suut.
309 2449 444 2514 Senatus
457 2447 534 2514 iude
553 2446 665 2513 heberi
678 2459 801 2533 coeptus
816 2459 871 2512 est.
895 2447 981 2532 quod
995 2448 1088 2526 sicut,
1102 2439 1377 2551 regueu-ffiffnffi

177 2547 210 2599 te
224 2533 382 2616 Hierone,
398 2546 556 2602 manserat
576 2534 740 2620 publicum
755 2532 934 2612 consilium,
949 2535 993 2600 ita
1014 2549 1086 2620 post
1105 2549 1240 2600 mortem
1250 2571 1345 2616 uorum

177 2621 254 2706 ejus,
282 2635 356 2688 ante
377 2643 447 2686 earn
470 2620 566 2699 diem,
586 2621 675 2686 nulla
695 2619 736 2686 de
761 2643 796 2686 re
819 2642 923 2708 neque
947 2621 1122 2701 convocati,
1139 2643 1242 2706 neque

179 2708 316 2776 consulti
336 2707 471 2774 fuerant.
516 2708 564 2776 Ut
578 2722 707 2774 ventum
722 2707 764 2774 ad
778 2707 1050 2774 Andrenodarum
1065 2722 1121 2786 est,
1138 2708 1241 2794 ipsum

178 2794 307 2882 quidem
330 2795 478 2860 movebat
499 2807 531 2861 et
552 2794 668 2860 civium
689 2816 869 2872 consensus,
885 2807 917 2859 et
938 2817 1035 2881 quum
1059 2795 1130 2860 siiae
1145 2817 1241 2861 occu·

177 2881 379 2966 pstae·urbis
402 2895 518 2968 pestes,
542 2893 610 2948 tum
631 2882 727 2966 ⁹pars
749 2880 879 2964 insulae,
904 2881 1007 2948 velut·
1021 2882 1241 2960 munitissime,

179 2967 307 3054 prodita
328 2981 423 3055 atque
446 2968 590 3034 alienata.
636 2969 699 3034 Sed
722 2979 886 3034 evocatum
902 2989 975 3032 eum
990 2969 1031 3034 ab
1046 2968 1157 3057 legetis
1171 2969 1241 3036 De-

179 3056 321 3121 meram*
335 3077 427 3136 uxor,
447 3055 515 3122 filie
532 3055 696 3133 Hieronis,
712 3053 820 3119 inflata
835 3053 941 3120 adhuc
956 3055 1051 3144 regiis
1076 3057 1189 3121 animis
1203 3079 1241 3122 ac

551 3226 703 3276 enimin
713 3231 790 3280 Gron.
799 3229 868 3277 Cres.

212 3391 555 3456 nferrpetncpmegnuen
563 3392 694 3457 medidies
722 3394 897 3456 preeuntl’ut.
916 3397 1003 3452 codex,
1019 3396 1104 3442 eodem
1119 3397 1241 3446 Gronovio
1339 3393 1346 3400 ⁴

178 3458 587 3590 prfflpffiedrbldsorrreegdonddiiieu]
617 3523 694 3570 Series
726 3460 1012 3586 ddioedddrigteomcm
1031 3459 1242 3586 diffiraldcdttiuid

179 3588 324 3635 curationis
335 3591 432 3637 ridetur
441 3592 664 3652 poscereprmmt.
719 3571 805 3650 'regere
823 3557 900 3649 posse,
912 3592 1035 3649 ridemur,
1051 3595 1133 3651 portas
1151 3591 1242 3637 Inraloe

213 3651 400 3702 tSeronautuie
415 3686 441 3703 ..
458 3654 570 3717 aperior]
589 3654 694 3701 nicor-
727 3653 1070 3716 nperiat,reddeiproesidinm.
1093 3655 1242 3704 Pru-nutum

179 3715 278 3764 tendas
293 3725 374 3779 potest
385 3725 410 3766 et
420 3719 543 3766 rcrisdme
559 3733 608 3767 vox
622 3719 695 3765 enni·
727 3723 810 3766 autem
824 3719 864 3765 hic
875 3721 1034 3782 intelligimus
1051 3722 1132 3767 locum
1150 3721 1242 3781 ipsum,

179 3779 564 3840 tudinia‚etinsolensverborum
575 3789 696 3830 structura
728 3797 777 3830 non
797 3784 888 3831 milites
916 3788 969 3832 loco
994 3787 1096 3833 tutando
1125 3787 1242 3834 addictas.

178 3848 451 3906 annumeranti.
479 3847 576 3908 Lipsius
586 3845 693 3910 conjicit,
728 3849 768 3895 Sic
775 3849 865 3896 dicitur
868 3849 1011 3911 presidium
1022 3850 1152 3911 relinquere
1162 3851 1243 3906 miles,

179 3912 271 3958 mni
290 3913 403 3969 taedinmr
431 3914 578 3970 Gronovius,
600 3915 694 3962 seruitii
725 3913 912 3972 quielocoaibi
923 3915 1045 3976 assignem
1060 3917 1172 3966 discedit.
1204 3915 1244 3962 Sic

175 3987 257 4035 pereas
269 3977 472 4040 inermumque.
725 3977 775 4024 Cic.
786 3979 817 4024 de
828 3978 895 4026 Orat.
913 3980 929 4026 l.
949 3980 983 4028 11.
999 3995 1023 4026 n.
1041 3981 1096 4030 308.
1108 3985 1243 4029 vereamur-

211 4041 228 4086 8
244 4041 347 4088 Iieeedot
359 4043 512 4107 meridiem]
529 4042 568 4091 Sic
579 4043 656 4091 edidit
666 4058 697 4092 ex
728 4055 772 4102 que
783 4043 810 4088 in
821 4043 922 4092 nostium
932 4047 1026 4102 cestris,
1038 4059 1065 4092 ae
1075 4059 1118 4092 nur
1124 4045 1244 4108 peridis

177 4101 320 4168 conjecture
336 4109 479 4156 Gronovius.
511 4108 581 4155 Prius
596 4105 695 4156 reddetr
728 4107 860 4154 dimittunt.

178 4173 245 4228 quod
256 4171 357 4230 quidem
366 4174 510 4220 mendosum
521 4187 573 4234 esse
583 4173 695 4220 nondum
761 4171 777 4218 9
793 4173 859 4219 Pars
874 4174 974 4228 inanire,
989 4175 1052 4222 velet
1067 4175 1241 4238 munitisiimn]

178 4235 236 4280 satis
247 4249 392 4296 persuasum
401 4238 469 4284 nobis
480 4243 523 4284 est.
557 4234 656 4284 Etenim
667 4241 693 4284 in
726 4238 791 4298 Lege
808 4251 864 4285 cum
877 4241 1007 4296 Gronovi0‚
1026 4253 1083 4301 pars
1098 4235 1189 4290 inerte
1207 4241 1246 4288 uel

178 4299 208 4346 iis
223 4315 281 4362 quae
300 4303 443 4363 precedunt
462 4316 505 4364 pro
518 4306 595 4364 porte
612 4304 694 4351 insuite
725 4305 893 4352 munitissime·
