<?xml version="1.0" encoding="UTF-8"?>
<!DOCTYPE html PUBLIC "-//W3C//DTD XHTML 1.0 Transitional//EN"
    "http://www.w3.org/TR/xhtml1/DTD/xhtml1-transitional.dtd">
<html xmlns="http://www.w3.org/1999/xhtml" xml:lang="en" lang="en">
 <head>
  <title>
</title>
<meta http-equiv="Content-Type" content="text/html;charset=utf-8" />
  <meta name='ocr-system' content='tesseract 3.04.00' />
  <meta name='ocr-capabilities' content='ocr_page ocr_carea ocr_par ocr_line ocrx_word'/>
</head>
<body>
  <div class='ocr_page' id='page_1' title='image "./tliviipatavinih00crevgoog_0063.png"; bbox 0 0 3064 4976; ppageno 0'>
   <div class='ocr_carea' id='block_1_1' title="bbox 298 94 1064 220">
    <p class='ocr_par' dir='ltr' id='par_1_1' title="bbox 298 94 1064 220">
     <span class='ocr_line' id='line_1_1' title="bbox 298 94 1064 220; baseline 0 -18"><span class='ocrx_word' id='word_1_1' title='bbox 298 137 338 202; x_wconf 78' lang='lat' dir='ltr'><strong>aa</strong></span> <span class='ocrx_word' id='word_1_2' title='bbox 441 213 445 220; x_wconf 48' lang='grc'><em>,</em></span> <span class='ocrx_word' id='word_1_3' title='bbox 666 139 801 212; x_wconf 80' lang='lat' dir='ltr'><strong>¹rrrr</strong></span> <span class='ocrx_word' id='word_1_4' title='bbox 828 94 963 202; x_wconf 74' lang='lat' dir='ltr'><strong>mvn</strong></span> <span class='ocrx_word' id='word_1_5' title='bbox 1016 157 1019 162; x_wconf 49' lang='grc'><strong>’</strong></span> <span class='ocrx_word' id='word_1_6' title='bbox 1062 167 1064 172; x_wconf 93' lang='grc'>-</span> 
     </span>
    </p>
   </div>
   <div class='ocr_carea' id='block_1_2' title="bbox 46 297 1360 2289">
    <p class='ocr_par' dir='ltr' id='par_1_2' title="bbox 137 297 1357 388">
     <span class='ocr_line' id='line_1_2' title="bbox 137 297 1357 388; baseline 0.008 -28"><span class='ocrx_word' id='word_1_7' title='bbox 137 310 274 362; x_wconf 52' lang='lat' dir='ltr'><strong>nuc-mu</strong></span> <span class='ocrx_word' id='word_1_8' title='bbox 288 304 361 388; x_wconf 70' lang='lat' dir='ltr'><strong>buli</strong></span> <span class='ocrx_word' id='word_1_9' title='bbox 377 297 575 376; x_wconf 70' lang='lat' dir='ltr'><strong>Clastidium.</strong></span> <span class='ocrx_word' id='word_1_10' title='bbox 599 303 632 370; x_wconf 92' lang='lat' dir='ltr'><strong>id</strong></span> <span class='ocrx_word' id='word_1_11' title='bbox 653 302 803 378; x_wconf 84' lang='lat' dir='ltr'><strong>borreum</strong></span> <span class='ocrx_word' id='word_1_12' title='bbox 817 303 1003 372; x_wconf 83' lang='lat' dir='ltr'><strong>fuitPoenis</strong></span> <span class='ocrx_word' id='word_1_13' title='bbox 1023 304 1204 380; x_wconf 75' lang='lat' dir='ltr'><strong>sedentibus</strong></span> <span class='ocrx_word' id='word_1_14' title='bbox 1218 304 1260 375; x_wconf 87' lang='lat' dir='ltr'><strong>ad</strong></span> <span class='ocrx_word' id='word_1_15' title='bbox 1274 303 1357 373; x_wconf 62' lang='lat' dir='ltr'><strong>ltre-</strong></span> 
     </span>
    </p>

    <p class='ocr_par' dir='ltr' id='par_1_3' title="bbox 137 377 1359 564">
     <span class='ocr_line' id='line_1_3' title="bbox 137 377 1359 480; baseline 0.004 -25"><span class='ocrx_word' id='word_1_16' title='bbox 137 378 168 426; x_wconf 61' lang='grc' dir='ltr'><strong>Α·</strong></span> <span class='ocrx_word' id='word_1_17' title='bbox 177 379 206 426; x_wconf 83' lang='lat'><strong>⁰·</strong></span> <span class='ocrx_word' id='word_1_18' title='bbox 216 377 272 426; x_wconf 81' lang='lat'><strong>²¹⁸·</strong></span> <span class='ocrx_word' id='word_1_19' title='bbox 297 391 393 456; x_wconf 86' lang='lat' dir='ltr'><strong>biam.</strong></span> <span class='ocrx_word' id='word_1_20' title='bbox 415 409 417 414; x_wconf 83' lang='lat'>·</span> <span class='ocrx_word' id='word_1_21' title='bbox 438 391 477 456; x_wconf 90' lang='lat' dir='ltr'><strong>Io</strong></span> <span class='ocrx_word' id='word_1_22' title='bbox 492 391 634 475; x_wconf 89' lang='lat' dir='ltr'><strong>captivos</strong></span> <span class='ocrx_word' id='word_1_23' title='bbox 648 413 690 456; x_wconf 88' lang='lat' dir='ltr'><strong>ex</strong></span> <span class='ocrx_word' id='word_1_24' title='bbox 710 391 828 458; x_wconf 88' lang='lat' dir='ltr'><strong>tradito</strong></span> <span class='ocrx_word' id='word_1_25' title='bbox 848 391 1010 476; x_wconf 75' lang='lat' dir='ltr'><strong>praesidio,</strong></span> <span class='ocrx_word' id='word_1_26' title='bbox 1026 403 1062 456; x_wconf 90' lang='lat' dir='ltr'><strong>ut</strong></span> <span class='ocrx_word' id='word_1_27' title='bbox 1075 391 1160 458; x_wconf 82' lang='lat' dir='ltr'><strong>fama</strong></span> <span class='ocrx_word' id='word_1_28' title='bbox 1180 391 1359 480; x_wconf 44' lang='lat' dir='ltr'><strong>damen&amp;</strong></span> 
     </span>
     <span class='ocr_line' id='line_1_4' title="bbox 297 477 1185 564; baseline 0.002 -22"><span class='ocrx_word' id='word_1_29' title='bbox 297 478 330 542; x_wconf 93' lang='lat' dir='ltr'><strong>in</strong></span> <span class='ocrx_word' id='word_1_30' title='bbox 344 477 502 563; x_wconf 89' lang='lat' dir='ltr'><strong>principio</strong></span> <span class='ocrx_word' id='word_1_31' title='bbox 518 497 623 542; x_wconf 89' lang='lat' dir='ltr'><strong>rerum</strong></span> <span class='ocrx_word' id='word_1_32' title='bbox 638 477 861 564; x_wconf 87' lang='lat' dir='ltr'><strong>conligeretur,</strong></span> <span class='ocrx_word' id='word_1_33' title='bbox 877 477 956 542; x_wconf 89' lang='lat' dir='ltr'><strong>nihil</strong></span> <span class='ocrx_word' id='word_1_34' title='bbox 972 477 1114 544; x_wconf 86' lang='lat' dir='ltr'><strong>saevitum</strong></span> <span class='ocrx_word' id='word_1_35' title='bbox 1129 492 1185 546; x_wconf 90' lang='lat' dir='ltr'><strong>est.</strong></span> 
     </span>
    </p>

    <p class='ocr_par' dir='ltr' id='par_1_4' title="bbox 136 563 1360 650">
     <span class='ocr_line' id='line_1_5' title="bbox 136 563 1360 650; baseline 0.002 -22"><span class='ocrx_word' id='word_1_36' title='bbox 136 573 185 650; x_wconf 63' lang='lat' dir='ltr'><strong>Res</strong></span> <span class='ocrx_word' id='word_1_37' title='bbox 194 573 259 649; x_wconf 64' lang='lat' dir='ltr'><strong>mres</strong></span> <span class='ocrx_word' id='word_1_38' title='bbox 342 563 475 628; x_wconf 85' lang='lat' dir='ltr'>XLIX.</span> <span class='ocrx_word' id='word_1_39' title='bbox 497 563 607 640; x_wconf 85' lang='lat' dir='ltr'><strong>Quum</strong></span> <span class='ocrx_word' id='word_1_40' title='bbox 627 563 669 628; x_wconf 92' lang='lat' dir='ltr'><strong>ad</strong></span> <span class='ocrx_word' id='word_1_41' title='bbox 685 563 836 628; x_wconf 84' lang='lat' dir='ltr'><strong>Trebiam</strong></span> <span class='ocrx_word' id='word_1_42' title='bbox 857 577 1002 628; x_wconf 86' lang='lat' dir='ltr'><strong>terrestre</strong></span> <span class='ocrx_word' id='word_1_43' title='bbox 1023 565 1211 632; x_wconf 81' lang='lat' dir='ltr'><strong>constitisset</strong></span> <span class='ocrx_word' id='word_1_44' title='bbox 1224 563 1360 644; x_wconf 78' lang='lat' dir='ltr'><strong>bellum,</strong></span> 
     </span>
    </p>

    <p class='ocr_par' dir='ltr' id='par_1_5' title="bbox 46 637 1359 748">
     <span class='ocr_line' id='line_1_6' title="bbox 46 637 1359 748; baseline -0.001 -34"><span class='ocrx_word' id='word_1_45' title='bbox 46 657 48 668; x_wconf 93' lang='lat'>&#39;</span> <span class='ocrx_word' id='word_1_46' title='bbox 135 637 281 748; x_wconf 47' lang='lat' dir='ltr'>{mari</span> <span class='ocrx_word' id='word_1_47' title='bbox 299 650 424 716; x_wconf 79' lang='lat' dir='ltr'><strong>interim</strong></span> <span class='ocrx_word' id='word_1_48' title='bbox 449 653 533 714; x_wconf 83' lang='lat' dir='ltr'><strong>circa</strong></span> <span class='ocrx_word' id='word_1_49' title='bbox 560 650 700 715; x_wconf 89' lang='lat' dir='ltr'><strong>Siciliam</strong></span> <span class='ocrx_word' id='word_1_50' title='bbox 726 649 905 734; x_wconf 81' lang='lat' dir='ltr'><strong>insulasque</strong></span> <span class='ocrx_word' id='word_1_51' title='bbox 929 650 1031 714; x_wconf 87' lang='lat' dir='ltr'><strong>Italiae</strong></span> <span class='ocrx_word' id='word_1_52' title='bbox 1056 652 1254 730; x_wconf 77' lang='lat' dir='ltr'><strong>inminentes,</strong></span> <span class='ocrx_word' id='word_1_53' title='bbox 1281 664 1314 715; x_wconf 94' lang='lat' dir='ltr'><strong>et</strong></span> <span class='ocrx_word' id='word_1_54' title='bbox 1337 673 1359 714; x_wconf 84' lang='lat' dir='ltr'><strong>a</strong></span> 
     </span>
    </p>

    <p class='ocr_par' dir='ltr' id='par_1_6' title="bbox 135 735 1359 827">
     <span class='ocr_line' id='line_1_7' title="bbox 135 735 1359 827; baseline -0.002 -25"><span class='ocrx_word' id='word_1_55' title='bbox 135 773 276 827; x_wconf 71' lang='lat' dir='ltr'><strong>quegestoe.</strong></span> <span class='ocrx_word' id='word_1_56' title='bbox 300 738 489 821; x_wconf 87' lang='lat' dir='ltr'><strong>Sempronio</strong></span> <span class='ocrx_word' id='word_1_57' title='bbox 509 739 645 817; x_wconf 84' lang='lat' dir='ltr'><strong>consule,</strong></span> <span class='ocrx_word' id='word_1_58' title='bbox 667 749 791 800; x_wconf 82' lang='lat' dir='ltr'><strong>etanta</strong></span> <span class='ocrx_word' id='word_1_59' title='bbox 815 735 985 800; x_wconf 88' lang='lat' dir='ltr'><strong>adventum</strong></span> <span class='ocrx_word' id='word_1_60' title='bbox 1007 737 1083 822; x_wconf 90' lang='lat' dir='ltr'><strong>ejus,</strong></span> <span class='ocrx_word' id='word_1_61' title='bbox 1108 749 1193 802; x_wconf 86' lang='lat' dir='ltr'><strong>terra</strong></span> <span class='ocrx_word' id='word_1_62' title='bbox 1214 737 1359 823; x_wconf 84' lang='lat' dir='ltr'><strong>marique</strong></span> 
     </span>
    </p>

    <p class='ocr_par' dir='ltr' id='par_1_7' title="bbox 297 821 1358 910">
     <span class='ocr_line' id='line_1_8' title="bbox 297 821 1358 910; baseline -0.001 -23"><span class='ocrx_word' id='word_1_63' title='bbox 297 845 347 888; x_wconf 90' lang='lat' dir='ltr'><strong>res</strong></span> <span class='ocrx_word' id='word_1_64' title='bbox 360 836 468 910; x_wconf 84' lang='lat' dir='ltr'><strong>gestae.</strong></span> <span class='ocrx_word' id='word_1_65' title='bbox 491 823 602 910; x_wconf 83' lang='lat' dir='ltr'><strong>viginti</strong></span> <span class='ocrx_word' id='word_1_66' title='bbox 617 822 858 908; x_wconf 89' lang='lat' dir='ltr'><strong>quinqueremes</strong></span> <span class='ocrx_word' id='word_1_67' title='bbox 870 844 941 886; x_wconf 88' lang='lat' dir='ltr'><strong>cum</strong></span> <span class='ocrx_word' id='word_1_68' title='bbox 956 821 1043 886; x_wconf 89' lang='lat' dir='ltr'><strong>mille</strong></span> <span class='ocrx_word' id='word_1_69' title='bbox 1058 825 1187 890; x_wconf 89' lang='lat' dir='ltr'><strong>armatis</strong></span> <span class='ocrx_word' id='word_1_70' title='bbox 1203 824 1244 890; x_wconf 83' lang='lat' dir='ltr'><strong>ad</strong></span> <span class='ocrx_word' id='word_1_71' title='bbox 1258 823 1358 907; x_wconf 90' lang='lat' dir='ltr'><strong>depo-</strong></span> 
     </span>
    </p>

    <p class='ocr_par' dir='ltr' id='par_1_8' title="bbox 296 907 1357 995">
     <span class='ocr_line' id='line_1_9' title="bbox 296 907 1357 995; baseline -0.002 -21"><span class='ocrx_word' id='word_1_72' title='bbox 296 909 468 994; x_wconf 89' lang='lat' dir='ltr'><strong>pulandam</strong></span> <span class='ocrx_word' id='word_1_73' title='bbox 494 931 582 973; x_wconf 89' lang='lat' dir='ltr'><strong>oram</strong></span> <span class='ocrx_word' id='word_1_74' title='bbox 606 907 706 972; x_wconf 86' lang='lat' dir='ltr'><strong>ltaliae</strong></span> <span class='ocrx_word' id='word_1_75' title='bbox 728 932 747 972; x_wconf 87' lang='lat' dir='ltr'><strong>a</strong></span> <span class='ocrx_word' id='word_1_76' title='bbox 771 907 1090 995; x_wconf 80' lang='lat' dir='ltr'><strong>Karthaginiensibus</strong></span> <span class='ocrx_word' id='word_1_77' title='bbox 1111 913 1226 992; x_wconf 72' lang='lat' dir='ltr'><strong>misam,</strong></span> <span class='ocrx_word' id='word_1_78' title='bbox 1241 930 1357 976; x_wconf 89' lang='lat' dir='ltr'><strong>novem</strong></span> 
     </span>
    </p>

    <p class='ocr_par' dir='ltr' id='par_1_9' title="bbox 297 993 1357 1079">
     <span class='ocr_line' id='line_1_10' title="bbox 297 993 1357 1079; baseline 0.002 -21"><span class='ocrx_word' id='word_1_79' title='bbox 297 995 442 1079; x_wconf 86' lang='lat' dir='ltr'><strong>Liparas,</strong></span> <span class='ocrx_word' id='word_1_80' title='bbox 470 1005 546 1060; x_wconf 90' lang='lat' dir='ltr'><strong>octo</strong></span> <span class='ocrx_word' id='word_1_81' title='bbox 571 993 705 1070; x_wconf 86' lang='lat' dir='ltr'><strong>insulam</strong></span> <span class='ocrx_word' id='word_1_82' title='bbox 727 993 865 1058; x_wconf 78' lang='lat' dir='ltr'><strong>Vulcani</strong></span> <span class='ocrx_word' id='word_1_83' title='bbox 891 1008 1070 1075; x_wconf 87' lang='lat' dir='ltr'><strong>tenuerunt,</strong></span> <span class='ocrx_word' id='word_1_84' title='bbox 1094 1009 1158 1064; x_wconf 87' lang='lat' dir='ltr'><strong>tres</strong></span> <span class='ocrx_word' id='word_1_85' title='bbox 1180 997 1213 1060; x_wconf 90' lang='lat' dir='ltr'><strong>in</strong></span> <span class='ocrx_word' id='word_1_86' title='bbox 1238 995 1357 1062; x_wconf 83' lang='lat' dir='ltr'><strong>fretum</strong></span> 
     </span>
    </p>

    <p class='ocr_par' dir='ltr' id='par_1_10' title="bbox 296 1079 1357 1164">
     <span class='ocr_line' id='line_1_11' title="bbox 296 1079 1357 1164; baseline 0 -18"><span class='ocrx_word' id='word_1_87' title='bbox 296 1080 409 1146; x_wconf 87' lang='lat' dir='ltr'><strong>avertit</strong></span> <span class='ocrx_word' id='word_1_88' title='bbox 428 1093 533 1146; x_wconf 85' lang='lat' dir='ltr'><strong>aestus.</strong></span> <span class='ocrx_word' id='word_1_89' title='bbox 578 1080 629 1144; x_wconf 90' lang='lat' dir='ltr'><strong>Ad</strong></span> <span class='ocrx_word' id='word_1_90' title='bbox 653 1102 704 1144; x_wconf 89' lang='lat' dir='ltr'><strong>eas</strong></span> <span class='ocrx_word' id='word_1_91' title='bbox 726 1093 908 1164; x_wconf 90' lang='lat' dir='ltr'><strong>conspectas</strong></span> <span class='ocrx_word' id='word_1_92' title='bbox 922 1103 941 1144; x_wconf 92' lang='lat' dir='ltr'><strong>a</strong></span> <span class='ocrx_word' id='word_1_93' title='bbox 957 1079 1105 1146; x_wconf 87' lang='lat' dir='ltr'><strong>Messana</strong></span> <span class='ocrx_word' id='word_1_94' title='bbox 1119 1082 1285 1150; x_wconf 85' lang='lat' dir='ltr'><strong>duodecim</strong></span> <span class='ocrx_word' id='word_1_95' title='bbox 1299 1104 1357 1146; x_wconf 87' lang='lat' dir='ltr'><strong>ue-</strong></span> 
     </span>
    </p>

    <p class='ocr_par' dir='ltr' id='par_1_11' title="bbox 296 1166 1357 1256">
     <span class='ocr_line' id='line_1_12' title="bbox 296 1166 1357 1256; baseline 0.004 -26"><span class='ocrx_word' id='word_1_96' title='bbox 296 1189 349 1232; x_wconf 90' lang='lat' dir='ltr'><strong>ves</strong></span> <span class='ocrx_word' id='word_1_97' title='bbox 371 1167 412 1232; x_wconf 90' lang='lat' dir='ltr'><strong>ab</strong></span> <span class='ocrx_word' id='word_1_98' title='bbox 436 1167 582 1232; x_wconf 89' lang='lat' dir='ltr'><strong>Hierone</strong></span> <span class='ocrx_word' id='word_1_99' title='bbox 602 1188 675 1250; x_wconf 84' lang='lat' dir='ltr'><strong>rege</strong></span> <span class='ocrx_word' id='word_1_100' title='bbox 700 1166 969 1253; x_wconf 85' lang='lat' dir='ltr'><strong>Syracusanorum</strong></span> <span class='ocrx_word' id='word_1_101' title='bbox 992 1168 1105 1247; x_wconf 75' lang='lat' dir='ltr'><strong>misse,</strong></span> <span class='ocrx_word' id='word_1_102' title='bbox 1121 1170 1257 1256; x_wconf 88' lang='lat' dir='ltr'><strong>quitum</strong></span> <span class='ocrx_word' id='word_1_103' title='bbox 1274 1167 1357 1234; x_wconf 86' lang='lat' dir='ltr'><strong>forte</strong></span> 
     </span>
    </p>

    <p class='ocr_par' dir='ltr' id='par_1_12' title="bbox 295 1251 1358 1342">
     <span class='ocr_line' id='line_1_13' title="bbox 295 1251 1358 1342; baseline 0 -22"><span class='ocrx_word' id='word_1_104' title='bbox 295 1253 456 1320; x_wconf 75' lang='lat' dir='ltr'><strong>Messanae</strong></span> <span class='ocrx_word' id='word_1_105' title='bbox 471 1265 548 1331; x_wconf 88' lang='lat' dir='ltr'><strong>erat,</strong></span> <span class='ocrx_word' id='word_1_106' title='bbox 564 1251 725 1317; x_wconf 86' lang='lat' dir='ltr'><strong>consulem</strong></span> <span class='ocrx_word' id='word_1_107' title='bbox 743 1253 923 1318; x_wconf 89' lang='lat' dir='ltr'><strong>Romanum</strong></span> <span class='ocrx_word' id='word_1_108' title='bbox 943 1255 1122 1338; x_wconf 89' lang='lat' dir='ltr'><strong>opperiens,</strong></span> <span class='ocrx_word' id='word_1_109' title='bbox 1136 1254 1223 1320; x_wconf 93' lang='lat' dir='ltr'><strong>nullo</strong></span> <span class='ocrx_word' id='word_1_110' title='bbox 1238 1277 1358 1342; x_wconf 87' lang='lat' dir='ltr'><strong>repug-</strong></span> 
     </span>
    </p>

    <p class='ocr_par' dir='ltr' id='par_1_13' title="bbox 295 1326 1355 1441">
     <span class='ocr_line' id='line_1_14' title="bbox 295 1326 1355 1441; baseline 0.003 -38"><span class='ocrx_word' id='word_1_111' title='bbox 295 1326 392 1404; x_wconf 75' lang='lat' dir='ltr'><strong>ndnte</strong></span> <span class='ocrx_word' id='word_1_112' title='bbox 402 1350 509 1426; x_wconf 87' lang='lat' dir='ltr'><strong>captas</strong></span> <span class='ocrx_word' id='word_1_113' title='bbox 525 1332 617 1408; x_wconf 84' lang='lat' dir='ltr'><strong>naves</strong></span> <span class='ocrx_word' id='word_1_114' title='bbox 629 1337 810 1403; x_wconf 86' lang='lat' dir='ltr'><strong>Messanam</strong></span> <span class='ocrx_word' id='word_1_115' title='bbox 822 1337 855 1402; x_wconf 91' lang='lat' dir='ltr'><strong>in</strong></span> <span class='ocrx_word' id='word_1_116' title='bbox 870 1351 997 1424; x_wconf 89' lang='lat' dir='ltr'><strong>portum</strong></span> <span class='ocrx_word' id='word_1_117' title='bbox 1009 1339 1221 1409; x_wconf 84' lang='lat' dir='ltr'><strong>deduxerunt.</strong></span> <span class='ocrx_word' id='word_1_118' title='bbox 1267 1341 1355 1441; x_wconf 84' lang='lat' dir='ltr'><strong>Cog-</strong></span> 
     </span>
    </p>

    <p class='ocr_par' dir='ltr' id='par_1_14' title="bbox 288 1424 1357 1513">
     <span class='ocr_line' id='line_1_15' title="bbox 288 1424 1357 1513; baseline 0.002 -23"><span class='ocrx_word' id='word_1_119' title='bbox 288 1426 397 1491; x_wconf 44' lang='lat' dir='ltr'><strong>snitum</strong></span> <span class='ocrx_word' id='word_1_120' title='bbox 424 1448 463 1490; x_wconf 83' lang='lat' dir='ltr'><strong>ex</strong></span> <span class='ocrx_word' id='word_1_121' title='bbox 488 1447 524 1490; x_wconf 87' lang='lat' dir='ltr'><strong>ca</strong></span> <span class='ocrx_word' id='word_1_122' title='bbox 549 1424 628 1503; x_wconf 79' lang='lat' dir='ltr'><strong>livia,</strong></span> <span class='ocrx_word' id='word_1_123' title='bbox 652 1437 768 1510; x_wconf 85' lang='lat' dir='ltr'><strong>praeter</strong></span> <span class='ocrx_word' id='word_1_124' title='bbox 789 1425 902 1512; x_wconf 87' lang='lat' dir='ltr'><strong>viginti</strong></span> <span class='ocrx_word' id='word_1_125' title='bbox 927 1447 1032 1504; x_wconf 84' lang='lat' dir='ltr'><strong>naves,</strong></span> <span class='ocrx_word' id='word_1_126' title='bbox 1052 1427 1141 1513; x_wconf 89' lang='lat' dir='ltr'><strong>cujus</strong></span> <span class='ocrx_word' id='word_1_127' title='bbox 1166 1427 1227 1513; x_wconf 92' lang='lat' dir='ltr'><strong>ipsi</strong></span> <span class='ocrx_word' id='word_1_128' title='bbox 1248 1427 1357 1492; x_wconf 78' lang='lat' dir='ltr'><strong>classus</strong></span> 
     </span>
    </p>

    <p class='ocr_par' dir='ltr' id='par_1_15' title="bbox 295 1449 1360 1600">
     <span class='ocr_line' id='line_1_16' title="bbox 295 1449 1360 1600; baseline -0.001 -23"><span class='ocrx_word' id='word_1_129' title='bbox 295 1523 408 1590; x_wconf 82' lang='lat' dir='ltr'><strong>essent,</strong></span> <span class='ocrx_word' id='word_1_130' title='bbox 425 1510 458 1576; x_wconf 91' lang='lat' dir='ltr'><strong>in</strong></span> <span class='ocrx_word' id='word_1_131' title='bbox 474 1449 599 1576; x_wconf 77' lang='lat' dir='ltr'><strong>ltaliam</strong></span> <span class='ocrx_word' id='word_1_132' title='bbox 616 1511 736 1588; x_wconf 87' lang='lat' dir='ltr'><strong>missas,</strong></span> <span class='ocrx_word' id='word_1_133' title='bbox 751 1511 891 1598; x_wconf 90' lang='lat' dir='ltr'><strong>quinque</strong></span> <span class='ocrx_word' id='word_1_134' title='bbox 912 1523 944 1576; x_wconf 89' lang='lat' dir='ltr'><strong>et</strong></span> <span class='ocrx_word' id='word_1_135' title='bbox 963 1512 1093 1598; x_wconf 85' lang='lat' dir='ltr'><strong>triginta</strong></span> <span class='ocrx_word' id='word_1_136' title='bbox 1107 1514 1183 1578; x_wconf 87' lang='lat' dir='ltr'><strong>alias</strong></span> <span class='ocrx_word' id='word_1_137' title='bbox 1197 1514 1360 1600; x_wconf 60' lang='lat' dir='ltr'><strong>quinquen,</strong></span> 
     </span>
    </p>

    <p class='ocr_par' dir='ltr' id='par_1_16' title="bbox 203 1596 1355 1686">
     <span class='ocr_line' id='line_1_17' title="bbox 203 1596 1355 1686; baseline 0.001 -24"><span class='ocrx_word' id='word_1_138' title='bbox 203 1613 208 1632; x_wconf 79' lang='lat'><strong><em>‘</em></strong></span> <span class='ocrx_word' id='word_1_139' title='bbox 293 1620 395 1662; x_wconf 90' lang='lat' dir='ltr'><strong>remes</strong></span> <span class='ocrx_word' id='word_1_140' title='bbox 411 1596 550 1662; x_wconf 85' lang='lat' dir='ltr'><strong>Siciliam</strong></span> <span class='ocrx_word' id='word_1_141' title='bbox 566 1615 673 1682; x_wconf 84' lang='lat' dir='ltr'><strong>petere</strong></span> <span class='ocrx_word' id='word_1_142' title='bbox 693 1599 732 1662; x_wconf 88' lang='lat' dir='ltr'><strong>ad</strong></span> <span class='ocrx_word' id='word_1_143' title='bbox 748 1597 961 1664; x_wconf 88' lang='lat' dir='ltr'><strong>sollicitandos</strong></span> <span class='ocrx_word' id='word_1_144' title='bbox 975 1611 1094 1664; x_wconf 87' lang='lat' dir='ltr'><strong>veteres</strong></span> <span class='ocrx_word' id='word_1_145' title='bbox 1108 1601 1218 1666; x_wconf 89' lang='lat' dir='ltr'><strong>socios.</strong></span> <span class='ocrx_word' id='word_1_146' title='bbox 1263 1599 1355 1686; x_wconf 90' lang='lat' dir='ltr'><strong>Lily-</strong></span> 
     </span>
    </p>

    <p class='ocr_par' dir='ltr' id='par_1_17' title="bbox 295 1683 1354 1770">
     <span class='ocr_line' id='line_1_18' title="bbox 295 1683 1354 1770; baseline -0.003 -18"><span class='ocrx_word' id='word_1_147' title='bbox 295 1685 357 1752; x_wconf 84' lang='lat' dir='ltr'><strong>baei</strong></span> <span class='ocrx_word' id='word_1_148' title='bbox 371 1683 549 1768; x_wconf 87' lang='lat' dir='ltr'><strong>occupandi</strong></span> <span class='ocrx_word' id='word_1_149' title='bbox 564 1684 758 1770; x_wconf 87' lang='lat' dir='ltr'><strong>praeeipuam</strong></span> <span class='ocrx_word' id='word_1_150' title='bbox 773 1706 880 1748; x_wconf 90' lang='lat' dir='ltr'><strong>curam</strong></span> <span class='ocrx_word' id='word_1_151' title='bbox 897 1705 981 1750; x_wconf 87' lang='lat' dir='ltr'><strong>esses</strong></span> <span class='ocrx_word' id='word_1_152' title='bbox 1004 1685 1132 1750; x_wconf 87' lang='lat' dir='ltr'><strong>credero</strong></span> <span class='ocrx_word' id='word_1_153' title='bbox 1147 1687 1256 1755; x_wconf 85' lang='lat' dir='ltr'><strong>eadem</strong></span> <span class='ocrx_word' id='word_1_154' title='bbox 1272 1701 1354 1750; x_wconf 87' lang='lat' dir='ltr'><strong>tom-</strong></span> 
     </span>
    </p>

    <p class='ocr_par' dir='ltr' id='par_1_18' title="bbox 293 1768 1352 1858">
     <span class='ocr_line' id='line_1_19' title="bbox 293 1768 1352 1858; baseline 0.001 -23"><span class='ocrx_word' id='word_1_155' title='bbox 293 1781 424 1855; x_wconf 90' lang='lat' dir='ltr'><strong>pestate,</strong></span> <span class='ocrx_word' id='word_1_156' title='bbox 441 1792 505 1856; x_wconf 88' lang='lat' dir='ltr'><strong>qna</strong></span> <span class='ocrx_word' id='word_1_157' title='bbox 526 1769 585 1854; x_wconf 90' lang='lat' dir='ltr'><strong>ipsi</strong></span> <span class='ocrx_word' id='word_1_158' title='bbox 606 1770 726 1856; x_wconf 85' lang='lat' dir='ltr'><strong>disjecti</strong></span> <span class='ocrx_word' id='word_1_159' title='bbox 741 1768 845 1834; x_wconf 87' lang='lat' dir='ltr'><strong>forent</strong></span> <span class='ocrx_word' id='word_1_160' title='bbox 865 1791 934 1834; x_wconf 87' lang='lat' dir='ltr'><strong>eam</strong></span> <span class='ocrx_word' id='word_1_161' title='bbox 950 1793 1075 1858; x_wconf 91' lang='lat' dir='ltr'><strong>quoque</strong></span> <span class='ocrx_word' id='word_1_162' title='bbox 1089 1771 1273 1841; x_wconf 81' lang='lat' dir='ltr'><strong>classemad</strong></span> <span class='ocrx_word' id='word_1_163' title='bbox 1291 1771 1352 1836; x_wconf 83' lang='lat' dir='ltr'><strong>AE-</strong></span> 
     </span>
    </p>

    <p class='ocr_par' dir='ltr' id='par_1_19' title="bbox 292 1855 1353 1944">
     <span class='ocr_line' id='line_1_20' title="bbox 292 1855 1353 1944; baseline 0.004 -24"><span class='ocrx_word' id='word_1_164' title='bbox 292 1871 383 1944; x_wconf 85' lang='lat' dir='ltr'><strong>gates</strong></span> <span class='ocrx_word' id='word_1_165' title='bbox 398 1857 514 1920; x_wconf 90' lang='lat' dir='ltr'><strong>insulas</strong></span> <span class='ocrx_word' id='word_1_166' title='bbox 528 1855 692 1941; x_wconf 88' lang='lat' dir='ltr'><strong>dejectam.</strong></span> <span class='ocrx_word' id='word_1_167' title='bbox 737 1855 821 1920; x_wconf 84' lang='lat' dir='ltr'><strong>Haec</strong></span> <span class='ocrx_word' id='word_1_168' title='bbox 842 1856 924 1921; x_wconf 90' lang='lat' dir='ltr'><strong>sicut</strong></span> <span class='ocrx_word' id='word_1_169' title='bbox 937 1857 1045 1922; x_wconf 89' lang='lat' dir='ltr'><strong>audita</strong></span> <span class='ocrx_word' id='word_1_170' title='bbox 1065 1871 1164 1937; x_wconf 71' lang='lat' dir='ltr'><strong>erant,</strong></span> <span class='ocrx_word' id='word_1_171' title='bbox 1179 1857 1267 1930; x_wconf 70' lang='lat' dir='ltr'><strong>²⁴ren</strong></span> <span class='ocrx_word' id='word_1_172' title='bbox 1282 1858 1353 1924; x_wconf 69' lang='grc' dir='ltr'><strong>Μ.κ</strong></span> 
     </span>
    </p>

    <p class='ocr_par' dir='ltr' id='par_1_20' title="bbox 292 1941 1351 2030">
     <span class='ocr_line' id='line_1_21' title="bbox 292 1941 1351 2030; baseline 0 -22"><span class='ocrx_word' id='word_1_173' title='bbox 292 1941 428 2008; x_wconf 85' lang='lat' dir='ltr'><strong>AEmilio</strong></span> <span class='ocrx_word' id='word_1_174' title='bbox 455 1943 597 2028; x_wconf 73' lang='lat' dir='ltr'><strong>praetori,</strong></span> <span class='ocrx_word' id='word_1_175' title='bbox 623 1943 712 2030; x_wconf 87' lang='lat' dir='ltr'><strong>cujus</strong></span> <span class='ocrx_word' id='word_1_176' title='bbox 744 1941 851 2008; x_wconf 87' lang='lat' dir='ltr'><strong>Sicilia</strong></span> <span class='ocrx_word' id='word_1_177' title='bbox 879 1957 946 2006; x_wconf 89' lang='lat' dir='ltr'><strong>erat</strong></span> <span class='ocrx_word' id='word_1_178' title='bbox 974 1944 1148 2029; x_wconf 85' lang='lat' dir='ltr'><strong>provincia,</strong></span> <span class='ocrx_word' id='word_1_179' title='bbox 1172 1944 1351 2030; x_wconf 76' lang='lat' dir='ltr'><strong>perscribit,</strong></span> 
     </span>
    </p>

    <p class='ocr_par' dir='ltr' id='par_1_21' title="bbox 240 2027 1355 2116">
     <span class='ocr_line' id='line_1_22' title="bbox 240 2027 1355 2116; baseline 0 -22"><span class='ocrx_word' id='word_1_180' title='bbox 240 2056 244 2064; x_wconf 93' lang='lat'>·</span> <span class='ocrx_word' id='word_1_181' title='bbox 292 2041 472 2115; x_wconf 87' lang='lat' dir='ltr'><strong>monetque,</strong></span> <span class='ocrx_word' id='word_1_182' title='bbox 489 2027 668 2115; x_wconf 76' lang='lat' dir='ltr'><strong>Lilybaeum</strong></span> <span class='ocrx_word' id='word_1_183' title='bbox 684 2028 777 2093; x_wconf 88' lang='lat' dir='ltr'><strong>firmo</strong></span> <span class='ocrx_word' id='word_1_184' title='bbox 799 2030 1100 2113; x_wconf 84' lang='lat' dir='ltr'><strong>teneretpraesidio.</strong></span> <span class='ocrx_word' id='word_1_185' title='bbox 1143 2030 1169 2070; x_wconf 80' lang='lat'><strong>²⁵</strong></span> <span class='ocrx_word' id='word_1_186' title='bbox 1180 2031 1355 2116; x_wconf 82' lang='lat' dir='ltr'><strong>Extemplo</strong></span> 
     </span>
    </p>

    <p class='ocr_par' dir='ltr' id='par_1_22' title="bbox 293 2114 1351 2204">
     <span class='ocr_line' id='line_1_23' title="bbox 293 2114 1351 2204; baseline 0 -24"><span class='ocrx_word' id='word_1_187' title='bbox 293 2129 325 2180; x_wconf 90' lang='lat' dir='ltr'><strong>et</strong></span> <span class='ocrx_word' id='word_1_188' title='bbox 343 2117 426 2181; x_wconf 85' lang='lat' dir='ltr'><strong>circa</strong></span> <span class='ocrx_word' id='word_1_189' title='bbox 448 2127 616 2200; x_wconf 86' lang='lat' dir='ltr'><strong>praetorem</strong></span> <span class='ocrx_word' id='word_1_190' title='bbox 641 2114 683 2180; x_wconf 88' lang='lat' dir='ltr'><strong>ad</strong></span> <span class='ocrx_word' id='word_1_191' title='bbox 700 2115 840 2201; x_wconf 82' lang='lat' dir='ltr'><strong>civitates</strong></span> <span class='ocrx_word' id='word_1_192' title='bbox 864 2115 948 2178; x_wconf 89' lang='lat' dir='ltr'><strong>missi</strong></span> <span class='ocrx_word' id='word_1_193' title='bbox 971 2117 1066 2195; x_wconf 77' lang='lat' dir='ltr'><strong>legati</strong></span> <span class='ocrx_word' id='word_1_194' title='bbox 1086 2117 1280 2204; x_wconf 86' lang='lat' dir='ltr'><strong>tribunique,</strong></span> <span class='ocrx_word' id='word_1_195' title='bbox 1318 2119 1351 2188; x_wconf 90' lang='lat' dir='ltr'><strong>ui</strong></span> 
     </span>
    </p>

    <p class='ocr_par' dir='ltr' id='par_1_23' title="bbox 292 2139 1353 2289">
     <span class='ocr_line' id='line_1_24' title="bbox 292 2139 1353 2289; baseline 0.002 -23"><span class='ocrx_word' id='word_1_196' title='bbox 292 2199 366 2266; x_wconf 74' lang='lat' dir='ltr'><strong>suos</strong></span> <span class='ocrx_word' id='word_1_197' title='bbox 390 2203 429 2266; x_wconf 85' lang='lat' dir='ltr'><strong>ad</strong></span> <span class='ocrx_word' id='word_1_198' title='bbox 450 2223 558 2266; x_wconf 86' lang='lat' dir='ltr'><strong>curam</strong></span> <span class='ocrx_word' id='word_1_199' title='bbox 581 2200 734 2265; x_wconf 79' lang='lat' dir='ltr'><strong>custodiar</strong></span> <span class='ocrx_word' id='word_1_200' title='bbox 755 2201 971 2278; x_wconf 81' lang='lat' dir='ltr'><strong>intenderent3</strong></span> <span class='ocrx_word' id='word_1_201' title='bbox 1004 2201 1112 2268; x_wconf 85' lang='lat' dir='ltr'><strong>²⁶ante</strong></span> <span class='ocrx_word' id='word_1_202' title='bbox 1133 2205 1239 2271; x_wconf 88' lang='lat' dir='ltr'><strong>omnia</strong></span> <span class='ocrx_word' id='word_1_203' title='bbox 1261 2139 1353 2289; x_wconf 79' lang='lat' dir='ltr'><strong>Lily-</strong></span> 
     </span>
    </p>
   </div>
   <div class='ocr_carea' id='block_1_3' title="bbox 292 2286 1351 2376">
    <p class='ocr_par' dir='ltr' id='par_1_24' title="bbox 292 2286 1351 2376">
     <span class='ocr_line' id='line_1_25' title="bbox 292 2286 1351 2376; baseline 0 -22"><span class='ocrx_word' id='word_1_204' title='bbox 292 2287 397 2354; x_wconf 82' lang='lat' dir='ltr'><strong>baeum</strong></span> <span class='ocrx_word' id='word_1_205' title='bbox 413 2287 528 2354; x_wconf 86' lang='lat' dir='ltr'><strong>teneri:</strong></span> <span class='ocrx_word' id='word_1_206' title='bbox 551 2289 590 2352; x_wconf 91' lang='lat' dir='ltr'><strong>ad</strong></span> <span class='ocrx_word' id='word_1_207' title='bbox 605 2286 791 2373; x_wconf 85' lang='lat' dir='ltr'><strong>adparatum</strong></span> <span class='ocrx_word' id='word_1_208' title='bbox 807 2286 893 2369; x_wconf 87' lang='lat' dir='ltr'><strong>belli,</strong></span> <span class='ocrx_word' id='word_1_209' title='bbox 907 2287 1012 2354; x_wconf 92' lang='lat' dir='ltr'><strong>edicto</strong></span> <span class='ocrx_word' id='word_1_210' title='bbox 1025 2291 1198 2376; x_wconf 85' lang='lat' dir='ltr'><strong>proposito,</strong></span> <span class='ocrx_word' id='word_1_211' title='bbox 1216 2302 1252 2356; x_wconf 88' lang='lat' dir='ltr'><strong>ut</strong></span> <span class='ocrx_word' id='word_1_212' title='bbox 1264 2289 1351 2354; x_wconf 73' lang='lat' dir='ltr'><strong>²⁷so-</strong></span> 
     </span>
    </p>
   </div>
   <div class='ocr_carea' id='block_1_4' title="bbox 662 2481 1075 2536">
    <p class='ocr_par' dir='ltr' id='par_1_25' title="bbox 662 2481 1075 2536">
     <span class='ocr_line' id='line_1_26' title="bbox 662 2481 1075 2536; baseline 0.01 -9"><span class='ocrx_word' id='word_1_213' title='bbox 662 2481 988 2533; x_wconf 66' lang='lat' dir='ltr'><strong>transmittemns.</strong></span> <span class='ocrx_word' id='word_1_214' title='bbox 1071 2529 1075 2536; x_wconf 85' lang='grc'><em>,</em></span> 
     </span>
    </p>
   </div>
   <div class='ocr_carea' id='block_1_5' title="bbox 204 2643 1417 4382">
    <p class='ocr_par' dir='ltr' id='par_1_26' title="bbox 289 2643 1417 2968">
     <span class='ocr_line' id='line_1_27' title="bbox 323 2643 1351 2710; baseline -0.001 -17"><span class='ocrx_word' id='word_1_215' title='bbox 323 2643 356 2694; x_wconf 75' lang='lat'><strong>24</strong></span> <span class='ocrx_word' id='word_1_216' title='bbox 371 2645 425 2693; x_wconf 79' lang='lat' dir='ltr'><strong>Rea</strong></span> <span class='ocrx_word' id='word_1_217' title='bbox 440 2645 481 2692; x_wconf 84' lang='lat' dir='ltr'><strong>M.</strong></span> <span class='ocrx_word' id='word_1_218' title='bbox 494 2645 607 2710; x_wconf 83' lang='lat' dir='ltr'><strong>AEms&#39;ls‘o]</strong></span> <span class='ocrx_word' id='word_1_219' title='bbox 641 2647 707 2696; x_wconf 84' lang='lat' dir='ltr'><strong>Editi</strong></span> <span class='ocrx_word' id='word_1_220' title='bbox 723 2649 805 2698; x_wconf 86' lang='lat' dir='ltr'><strong>hacte-</strong></span> <span class='ocrx_word' id='word_1_221' title='bbox 869 2650 901 2698; x_wconf 76' lang='lat' dir='ltr'><strong>et</strong></span> <span class='ocrx_word' id='word_1_222' title='bbox 917 2649 984 2698; x_wconf 80' lang='lat' dir='ltr'><strong>Sosii</strong></span> <span class='ocrx_word' id='word_1_223' title='bbox 999 2645 1105 2709; x_wconf 75' lang='lat' dir='ltr'><strong>males]</strong></span> <span class='ocrx_word' id='word_1_224' title='bbox 1138 2645 1258 2708; x_wconf 76' lang='lat' dir='ltr'><strong>Sociorum</strong></span> <span class='ocrx_word' id='word_1_225' title='bbox 1276 2659 1351 2692; x_wconf 78' lang='lat' dir='ltr'><strong>aava·</strong></span> 
     </span>
     <span class='ocr_line' id='line_1_28' title="bbox 290 2703 1352 2773; baseline -0.002 -15"><span class='ocrx_word' id='word_1_226' title='bbox 290 2723 337 2760; x_wconf 85' lang='lat' dir='ltr'><strong>nus</strong></span> <span class='ocrx_word' id='word_1_227' title='bbox 357 2703 503 2773; x_wconf 87' lang='lat' dir='ltr'><strong>adjiciebant</strong></span> <span class='ocrx_word' id='word_1_228' title='bbox 524 2724 609 2758; x_wconf 87' lang='lat' dir='ltr'><strong>vocem</strong></span> <span class='ocrx_word' id='word_1_229' title='bbox 631 2711 743 2760; x_wconf 79' lang='lat' dir='ltr'><strong>Messana</strong></span> <span class='ocrx_word' id='word_1_230' title='bbox 766 2717 804 2762; x_wconf 84' lang='lat' dir='ltr'><strong>vel</strong></span> <span class='ocrx_word' id='word_1_231' title='bbox 836 2714 896 2766; x_wconf 81' lang='lat' dir='ltr'><strong>liam</strong></span> <span class='ocrx_word' id='word_1_232' title='bbox 917 2715 1015 2762; x_wconf 88' lang='lat' dir='ltr'><strong>nomine</strong></span> <span class='ocrx_word' id='word_1_233' title='bbox 1036 2711 1159 2758; x_wconf 88' lang='lat' dir='ltr'><strong>interdum</strong></span> <span class='ocrx_word' id='word_1_234' title='bbox 1181 2711 1352 2770; x_wconf 86' lang='lat' dir='ltr'><strong>intelliguntur</strong></span> 
     </span>
     <span class='ocr_line' id='line_1_29' title="bbox 290 2775 1417 2838; baseline -0.002 -17"><span class='ocrx_word' id='word_1_235' title='bbox 290 2775 424 2823; x_wconf 77' lang='lat' dir='ltr'><strong>Messana.-</strong></span> <span class='ocrx_word' id='word_1_236' title='bbox 447 2789 530 2835; x_wconf 85' lang='lat' dir='ltr'><strong>quam,</strong></span> <span class='ocrx_word' id='word_1_237' title='bbox 550 2781 579 2822; x_wconf 93' lang='lat' dir='ltr'><strong>ut</strong></span> <span class='ocrx_word' id='word_1_238' title='bbox 605 2775 717 2837; x_wconf 86' lang='lat' dir='ltr'><strong>otiosam,</strong></span> <span class='ocrx_word' id='word_1_239' title='bbox 738 2785 763 2825; x_wconf 86' lang='lat' dir='ltr'><strong>et</strong></span> <span class='ocrx_word' id='word_1_240' title='bbox 789 2793 805 2826; x_wconf 83' lang='lat' dir='ltr'><strong>a</strong></span> <span class='ocrx_word' id='word_1_241' title='bbox 837 2779 882 2825; x_wconf 86' lang='lat' dir='ltr'><strong>soli</strong></span> <span class='ocrx_word' id='word_1_242' title='bbox 908 2779 1011 2838; x_wconf 72' lang='lat' dir='ltr'><strong>renuges</strong></span> <span class='ocrx_word' id='word_1_243' title='bbox 1041 2790 1070 2822; x_wconf 86' lang='lat' dir='ltr'><strong>ac</strong></span> <span class='ocrx_word' id='word_1_244' title='bbox 1096 2780 1193 2830; x_wconf 73' lang='lat' dir='ltr'><strong>nautas</strong></span> <span class='ocrx_word' id='word_1_245' title='bbox 1226 2775 1351 2821; x_wconf 89' lang='lat' dir='ltr'><strong>interdum</strong></span> <span class='ocrx_word' id='word_1_246' title='bbox 1415 2799 1417 2804; x_wconf 86' lang='lat'><em>·</em></span> 
     </span>
     <span class='ocr_line' id='line_1_30' title="bbox 289 2837 1352 2904; baseline -0.002 -18"><span class='ocrx_word' id='word_1_247' title='bbox 289 2840 455 2902; x_wconf 82' lang='lat' dir='ltr'><strong>compluribus</strong></span> <span class='ocrx_word' id='word_1_248' title='bbox 470 2840 565 2900; x_wconf 84' lang='lat' dir='ltr'><strong>scriptis</strong></span> <span class='ocrx_word' id='word_1_249' title='bbox 579 2840 725 2902; x_wconf 76' lang='lat' dir='ltr'><strong>ignoratam,</strong></span> <span class='ocrx_word' id='word_1_250' title='bbox 741 2844 805 2891; x_wconf 85' lang='lat' dir='ltr'><strong>dele·</strong></span> <span class='ocrx_word' id='word_1_251' title='bbox 836 2849 861 2890; x_wconf 90' lang='lat' dir='ltr'><strong>et</strong></span> <span class='ocrx_word' id='word_1_252' title='bbox 887 2843 935 2904; x_wconf 86' lang='lat' dir='ltr'><strong>ipsi</strong></span> <span class='ocrx_word' id='word_1_253' title='bbox 961 2842 1061 2898; x_wconf 86' lang='lat' dir='ltr'><strong>milites,</strong></span> <span class='ocrx_word' id='word_1_254' title='bbox 1087 2852 1136 2884; x_wconf 90' lang='lat' dir='ltr'><strong>non</strong></span> <span class='ocrx_word' id='word_1_255' title='bbox 1153 2839 1252 2899; x_wconf 88' lang='lat' dir='ltr'><strong>quidem</strong></span> <span class='ocrx_word' id='word_1_256' title='bbox 1270 2839 1289 2884; x_wconf 83' lang='lat' dir='ltr'><strong>ii</strong></span> <span class='ocrx_word' id='word_1_257' title='bbox 1307 2837 1352 2897; x_wconf 84' lang='lat' dir='ltr'><strong>qui</strong></span> 
     </span>
     <span class='ocr_line' id='line_1_31' title="bbox 290 2903 1352 2968; baseline 0 -18"><span class='ocrx_word' id='word_1_258' title='bbox 290 2903 378 2952; x_wconf 87' lang='lat' dir='ltr'><strong>vimus.</strong></span> <span class='ocrx_word' id='word_1_259' title='bbox 835 2909 925 2964; x_wconf 77' lang='lat' dir='ltr'><strong>autad</strong></span> <span class='ocrx_word' id='word_1_260' title='bbox 942 2907 1039 2953; x_wconf 83' lang='lat' dir='ltr'><strong>navales</strong></span> <span class='ocrx_word' id='word_1_261' title='bbox 1056 2917 1150 2966; x_wconf 79' lang='lat' dir='ltr'><strong>pugnes</strong></span> <span class='ocrx_word' id='word_1_262' title='bbox 1168 2903 1197 2948; x_wconf 86' lang='lat' dir='ltr'><strong>in</strong></span> <span class='ocrx_word' id='word_1_263' title='bbox 1211 2917 1288 2968; x_wconf 73' lang='lat' dir='ltr'><strong>naves</strong></span> <span class='ocrx_word' id='word_1_264' title='bbox 1301 2904 1352 2950; x_wconf 88' lang='lat' dir='ltr'><strong>im·</strong></span> 
     </span>
    </p>

    <p class='ocr_par' dir='ltr' id='par_1_27' title="bbox 288 2966 1355 3220">
     <span class='ocr_line' id='line_1_32' title="bbox 321 2966 1351 3032; baseline 0.001 -17"><span class='ocrx_word' id='word_1_265' title='bbox 321 2967 354 3015; x_wconf 76' lang='lat'><strong>25</strong></span> <span class='ocrx_word' id='word_1_266' title='bbox 370 2967 734 3032; x_wconf 78' lang='lat' dir='ltr'><strong>Eatemploeteireaproetorem]</strong></span> <span class='ocrx_word' id='word_1_267' title='bbox 753 2972 803 3020; x_wconf 86' lang='lat' dir='ltr'><strong>Ex·</strong></span> <span class='ocrx_word' id='word_1_268' title='bbox 835 2978 969 3032; x_wconf 85' lang='lat' dir='ltr'><strong>ponuntur,</strong></span> <span class='ocrx_word' id='word_1_269' title='bbox 991 2976 1034 3018; x_wconf 87' lang='lat' dir='ltr'><strong>aut</strong></span> <span class='ocrx_word' id='word_1_270' title='bbox 1058 2974 1086 3016; x_wconf 92' lang='lat' dir='ltr'><strong>ut</strong></span> <span class='ocrx_word' id='word_1_271' title='bbox 1113 2969 1299 3014; x_wconf 80' lang='lat' dir='ltr'><strong>transvehuntur</strong></span> <span class='ocrx_word' id='word_1_272' title='bbox 1323 2966 1351 3013; x_wconf 89' lang='lat' dir='ltr'><strong>in</strong></span> 
     </span>
     <span class='ocr_line' id='line_1_33' title="bbox 289 3031 1351 3096; baseline 0 -18"><span class='ocrx_word' id='word_1_273' title='bbox 289 3034 381 3092; x_wconf 88' lang='lat' dir='ltr'><strong>templo</strong></span> <span class='ocrx_word' id='word_1_274' title='bbox 399 3032 474 3079; x_wconf 86' lang='lat' dir='ltr'><strong>etiam</strong></span> <span class='ocrx_word' id='word_1_275' title='bbox 489 3033 563 3094; x_wconf 89' lang='lat' dir='ltr'><strong>legati</strong></span> <span class='ocrx_word' id='word_1_276' title='bbox 584 3036 722 3094; x_wconf 88' lang='lat' dir='ltr'><strong>tribunique</strong></span> <span class='ocrx_word' id='word_1_277' title='bbox 741 3036 804 3084; x_wconf 83' lang='lat' dir='ltr'><strong>circa</strong></span> <span class='ocrx_word' id='word_1_278' title='bbox 835 3037 942 3096; x_wconf 88' lang='lat' dir='ltr'><strong>aliquam</strong></span> <span class='ocrx_word' id='word_1_279' title='bbox 969 3048 1046 3093; x_wconf 88' lang='lat' dir='ltr'><strong>oram,</strong></span> <span class='ocrx_word' id='word_1_280' title='bbox 1073 3031 1116 3078; x_wconf 87' lang='lat' dir='ltr'><strong>ubi</strong></span> <span class='ocrx_word' id='word_1_281' title='bbox 1142 3031 1246 3091; x_wconf 80' lang='lat' dir='ltr'><strong>pedestri</strong></span> <span class='ocrx_word' id='word_1_282' title='bbox 1268 3031 1351 3078; x_wconf 86' lang='lat' dir='ltr'><strong>Marte</strong></span> 
     </span>
     <span class='ocr_line' id='line_1_34' title="bbox 288 3095 1355 3160; baseline 0.001 -17"><span class='ocrx_word' id='word_1_283' title='bbox 288 3103 424 3157; x_wconf 71' lang='lat' dir='ltr'><strong>maiorem.</strong></span> <span class='ocrx_word' id='word_1_284' title='bbox 447 3099 506 3152; x_wconf 87' lang='lat' dir='ltr'><strong>sive,</strong></span> <span class='ocrx_word' id='word_1_285' title='bbox 529 3101 571 3158; x_wconf 91' lang='lat' dir='ltr'><strong>qui</strong></span> <span class='ocrx_word' id='word_1_286' title='bbox 590 3101 653 3146; x_wconf 87' lang='lat' dir='ltr'><strong>eirca</strong></span> <span class='ocrx_word' id='word_1_287' title='bbox 674 3106 803 3159; x_wconf 77' lang='lat' dir='ltr'><strong>praetorem</strong></span> <span class='ocrx_word' id='word_1_288' title='bbox 835 3106 959 3160; x_wconf 62' lang='lat' dir='ltr'><strong>pugnem</strong></span> <span class='ocrx_word' id='word_1_289' title='bbox 986 3099 1028 3146; x_wconf 89' lang='lat' dir='ltr'><strong>sed</strong></span> <span class='ocrx_word' id='word_1_290' title='bbox 1054 3098 1072 3144; x_wconf 87' lang='lat' dir='ltr'><strong>ii</strong></span> <span class='ocrx_word' id='word_1_291' title='bbox 1093 3109 1197 3156; x_wconf 88' lang='lat' dir='ltr'><strong>quorum</strong></span> <span class='ocrx_word' id='word_1_292' title='bbox 1224 3095 1355 3157; x_wconf 52' lang='lat' dir='ltr'><strong>proprium,</strong></span> 
     </span>
     <span class='ocr_line' id='line_1_35' title="bbox 288 3161 1350 3220; baseline -0.002 -12"><span class='ocrx_word' id='word_1_293' title='bbox 288 3162 446 3220; x_wconf 29' lang='lat' dir='ltr'><strong>erant,¹missi</strong></span> <span class='ocrx_word' id='word_1_294' title='bbox 457 3168 514 3208; x_wconf 89' lang='lat' dir='ltr'><strong>sunt</strong></span> <span class='ocrx_word' id='word_1_295' title='bbox 525 3165 556 3210; x_wconf 88' lang='lat' dir='ltr'><strong>ad</strong></span> <span class='ocrx_word' id='word_1_296' title='bbox 566 3165 682 3211; x_wconf 86' lang='lat' dir='ltr'><strong>civitates.</strong></span> <span class='ocrx_word' id='word_1_297' title='bbox 835 3165 942 3212; x_wconf 84' lang='lat' dir='ltr'><strong>officinm</strong></span> <span class='ocrx_word' id='word_1_298' title='bbox 964 3179 992 3210; x_wconf 83' lang='lat' dir='ltr'><strong>ac</strong></span> <span class='ocrx_word' id='word_1_299' title='bbox 1013 3175 1104 3209; x_wconf 86' lang='lat' dir='ltr'><strong>munus</strong></span> <span class='ocrx_word' id='word_1_300' title='bbox 1125 3166 1161 3206; x_wconf 91' lang='lat' dir='ltr'><strong>est</strong></span> <span class='ocrx_word' id='word_1_301' title='bbox 1183 3161 1245 3208; x_wconf 88' lang='lat' dir='ltr'><strong>tueri</strong></span> <span class='ocrx_word' id='word_1_302' title='bbox 1265 3173 1350 3216; x_wconf 62' lang='lat' dir='ltr'><strong>aava,</strong></span> 
     </span>
    </p>

    <p class='ocr_par' dir='ltr' id='par_1_28' title="bbox 285 3223 1351 4125">
     <span class='ocr_line' id='line_1_36' title="bbox 321 3223 1350 3290; baseline -0.002 -18"><span class='ocrx_word' id='word_1_303' title='bbox 321 3223 353 3272; x_wconf 81' lang='lat'><strong>26</strong></span> <span class='ocrx_word' id='word_1_304' title='bbox 368 3225 432 3272; x_wconf 82' lang='lat' dir='ltr'><strong>Ante</strong></span> <span class='ocrx_word' id='word_1_305' title='bbox 441 3227 518 3273; x_wconf 82' lang='lat' dir='ltr'><strong>munia</strong></span> <span class='ocrx_word' id='word_1_306' title='bbox 529 3225 658 3288; x_wconf 73' lang='lat' dir='ltr'><strong>Lilybaeum</strong></span> <span class='ocrx_word' id='word_1_307' title='bbox 669 3229 757 3280; x_wconf 77' lang='lat' dir='ltr'><strong>terreri.-</strong></span> <span class='ocrx_word' id='word_1_308' title='bbox 773 3228 804 3276; x_wconf 84' lang='lat' dir='ltr'><strong>ad</strong></span> <span class='ocrx_word' id='word_1_309' title='bbox 835 3223 913 3289; x_wconf 85' lang='lat' dir='ltr'><strong>iisque</strong></span> <span class='ocrx_word' id='word_1_310' title='bbox 938 3227 1051 3290; x_wconf 73' lang='lat' dir='ltr'><strong>prasidio</strong></span> <span class='ocrx_word' id='word_1_311' title='bbox 1075 3238 1135 3271; x_wconf 85' lang='lat' dir='ltr'><strong>esse.</strong></span> <span class='ocrx_word' id='word_1_312' title='bbox 1167 3223 1249 3271; x_wconf 83' lang='lat' dir='ltr'><strong>Priore</strong></span> <span class='ocrx_word' id='word_1_313' title='bbox 1276 3239 1350 3271; x_wconf 86' lang='lat' dir='ltr'><strong>sensu</strong></span> 
     </span>
     <span class='ocr_line' id='line_1_37' title="bbox 287 3288 1350 3354; baseline -0.002 -18"><span class='ocrx_word' id='word_1_314' title='bbox 287 3294 426 3350; x_wconf 79' lang='lat' dir='ltr'><strong>apparatam</strong></span> <span class='ocrx_word' id='word_1_315' title='bbox 438 3291 501 3354; x_wconf 78' lang='lat' dir='ltr'><strong>betti]</strong></span> <span class='ocrx_word' id='word_1_316' title='bbox 518 3291 599 3338; x_wconf 87' lang='lat' dir='ltr'><strong>Primo</strong></span> <span class='ocrx_word' id='word_1_317' title='bbox 610 3293 695 3353; x_wconf 86' lang='lat' dir='ltr'><strong>supple</strong></span> <span class='ocrx_word' id='word_1_318' title='bbox 706 3306 736 3339; x_wconf 81' lang='lat' dir='ltr'><strong>ex</strong></span> <span class='ocrx_word' id='word_1_319' title='bbox 747 3305 803 3340; x_wconf 85' lang='lat' dir='ltr'><strong>sen·</strong></span> <span class='ocrx_word' id='word_1_320' title='bbox 835 3294 939 3352; x_wconf 81' lang='lat' dir='ltr'><strong>sumpsit</strong></span> <span class='ocrx_word' id='word_1_321' title='bbox 950 3293 1044 3349; x_wconf 83' lang='lat' dir='ltr'><strong>Livius,</strong></span> <span class='ocrx_word' id='word_1_322' title='bbox 1060 3292 1119 3336; x_wconf 90' lang='lat' dir='ltr'><strong>dum</strong></span> <span class='ocrx_word' id='word_1_323' title='bbox 1135 3289 1153 3337; x_wconf 93' lang='lat' dir='ltr'><strong>l.</strong></span> <span class='ocrx_word' id='word_1_324' title='bbox 1163 3289 1264 3335; x_wconf 90' lang='lat' dir='ltr'>XXIV.</span> <span class='ocrx_word' id='word_1_325' title='bbox 1276 3303 1296 3336; x_wconf 82' lang='lat' dir='ltr'><strong>c.</strong></span> <span class='ocrx_word' id='word_1_326' title='bbox 1310 3288 1350 3336; x_wconf 89' lang='lat'><strong>11.</strong></span> 
     </span>
     <span class='ocr_line' id='line_1_38' title="bbox 287 3354 1349 3416; baseline 0.001 -17"><span class='ocrx_word' id='word_1_327' title='bbox 287 3357 406 3416; x_wconf 54' lang='lat' dir='ltr'><strong>suq’assit</strong></span> <span class='ocrx_word' id='word_1_328' title='bbox 418 3360 512 3414; x_wconf 79' lang='lat' dir='ltr'><strong>pretor.</strong></span> <span class='ocrx_word' id='word_1_329' title='bbox 545 3357 738 3416; x_wconf 69' lang='lat' dir='ltr'><strong>Deindequum</strong></span> <span class='ocrx_word' id='word_1_330' title='bbox 754 3371 803 3403; x_wconf 90' lang='lat' dir='ltr'><strong>uno</strong></span> <span class='ocrx_word' id='word_1_331' title='bbox 835 3369 896 3416; x_wconf 91' lang='lat' dir='ltr'><strong>quos</strong></span> <span class='ocrx_word' id='word_1_332' title='bbox 912 3359 991 3416; x_wconf 90' lang='lat' dir='ltr'><strong>primo</strong></span> <span class='ocrx_word' id='word_1_333' title='bbox 1005 3360 1090 3402; x_wconf 82' lang='lat' dir='ltr'><strong>mantas</strong></span> <span class='ocrx_word' id='word_1_334' title='bbox 1105 3354 1282 3412; x_wconf 84' lang='lat' dir='ltr'><strong>nominaverat,</strong></span> <span class='ocrx_word' id='word_1_335' title='bbox 1295 3355 1349 3400; x_wconf 78' lang='lat' dir='ltr'><strong>etl.</strong></span> 
     </span>
     <span class='ocr_line' id='line_1_39' title="bbox 287 3418 1349 3481; baseline -0.001 -17"><span class='ocrx_word' id='word_1_336' title='bbox 287 3424 370 3469; x_wconf 89' lang='lat' dir='ltr'><strong>tenore</strong></span> <span class='ocrx_word' id='word_1_337' title='bbox 387 3421 507 3480; x_wconf 85' lang='lat' dir='ltr'><strong>legeretur</strong></span> <span class='ocrx_word' id='word_1_338' title='bbox 525 3423 597 3468; x_wconf 81' lang='lat' dir='ltr'><strong>teneri</strong></span> <span class='ocrx_word' id='word_1_339' title='bbox 616 3420 646 3466; x_wconf 83' lang='lat' dir='ltr'><strong>ad</strong></span> <span class='ocrx_word' id='word_1_340' title='bbox 664 3425 804 3481; x_wconf 81' lang='lat' dir='ltr'><strong>apparatam</strong></span> <span class='ocrx_word' id='word_1_341' title='bbox 835 3420 937 3468; x_wconf 86' lang='lat' dir='ltr'>XXVI.</span> <span class='ocrx_word' id='word_1_342' title='bbox 956 3436 977 3468; x_wconf 88' lang='lat' dir='ltr'><strong>e.</strong></span> <span class='ocrx_word' id='word_1_343' title='bbox 996 3419 1037 3468; x_wconf 79' lang='lat'><strong>35.</strong></span> <span class='ocrx_word' id='word_1_344' title='bbox 1052 3431 1113 3481; x_wconf 88' lang='lat' dir='ltr'><strong>quos</strong></span> <span class='ocrx_word' id='word_1_345' title='bbox 1131 3418 1229 3480; x_wconf 79' lang='lat' dir='ltr'><strong>remiges</strong></span> <span class='ocrx_word' id='word_1_346' title='bbox 1244 3419 1349 3473; x_wconf 85' lang='lat' dir='ltr'><strong>dixerat,</strong></span> 
     </span>
     <span class='ocr_line' id='line_1_40' title="bbox 286 3481 1350 3544; baseline -0.002 -14"><span class='ocrx_word' id='word_1_347' title='bbox 286 3481 347 3540; x_wconf 75' lang='lat' dir='ltr'><strong>aaut,</strong></span> <span class='ocrx_word' id='word_1_348' title='bbox 363 3485 514 3532; x_wconf 83' lang='lat' dir='ltr'><strong>mutavimus</strong></span> <span class='ocrx_word' id='word_1_349' title='bbox 530 3485 719 3542; x_wconf 85' lang='lat' dir='ltr'><strong>distinctionem,</strong></span> <span class='ocrx_word' id='word_1_350' title='bbox 736 3492 761 3532; x_wconf 86' lang='lat' dir='ltr'><strong>et</strong></span> <span class='ocrx_word' id='word_1_351' title='bbox 777 3483 803 3532; x_wconf 77' lang='lat' dir='ltr'><strong>si</strong></span> <span class='ocrx_word' id='word_1_352' title='bbox 835 3486 931 3531; x_wconf 91' lang='lat' dir='ltr'><strong>eosdem</strong></span> <span class='ocrx_word' id='word_1_353' title='bbox 948 3487 1075 3544; x_wconf 90' lang='lat' dir='ltr'><strong>utrobique</strong></span> <span class='ocrx_word' id='word_1_354' title='bbox 1090 3484 1160 3530; x_wconf 82' lang='lat' dir='ltr'><strong>sorios</strong></span> <span class='ocrx_word' id='word_1_355' title='bbox 1176 3481 1262 3528; x_wconf 89' lang='lat' dir='ltr'><strong>deinde</strong></span> <span class='ocrx_word' id='word_1_356' title='bbox 1276 3497 1350 3528; x_wconf 81' lang='lat' dir='ltr'><strong>aava·</strong></span> 
     </span>
     <span class='ocr_line' id='line_1_41' title="bbox 285 3547 1351 3611; baseline 0 -18"><span class='ocrx_word' id='word_1_357' title='bbox 285 3547 317 3593; x_wconf 84' lang='lat' dir='ltr'><strong>ud</strong></span> <span class='ocrx_word' id='word_1_358' title='bbox 331 3549 490 3608; x_wconf 81' lang='lat' dir='ltr'><strong>intelligimus</strong></span> <span class='ocrx_word' id='word_1_359' title='bbox 501 3553 604 3611; x_wconf 76' lang='lat' dir='ltr'><strong>prater.-</strong></span> <span class='ocrx_word' id='word_1_360' title='bbox 621 3555 650 3595; x_wconf 87' lang='lat' dir='ltr'><strong>ut</strong></span> <span class='ocrx_word' id='word_1_361' title='bbox 665 3562 750 3595; x_wconf 87' lang='lat' dir='ltr'><strong>sensus</strong></span> <span class='ocrx_word' id='word_1_362' title='bbox 761 3551 801 3605; x_wconf 86' lang='lat' dir='ltr'><strong>sit,</strong></span> <span class='ocrx_word' id='word_1_363' title='bbox 834 3551 866 3596; x_wconf 82' lang='lat' dir='ltr'><strong>les</strong></span> <span class='ocrx_word' id='word_1_364' title='bbox 881 3551 1001 3609; x_wconf 77' lang='lat' dir='ltr'><strong>appellate</strong></span> <span class='ocrx_word' id='word_1_365' title='bbox 1018 3549 1147 3610; x_wconf 85' lang='lat' dir='ltr'><strong>posteriora</strong></span> <span class='ocrx_word' id='word_1_366' title='bbox 1163 3559 1244 3604; x_wconf 86' lang='lat' dir='ltr'><strong>sensu,</strong></span> <span class='ocrx_word' id='word_1_367' title='bbox 1260 3552 1314 3593; x_wconf 90' lang='lat' dir='ltr'><strong>tum</strong></span> <span class='ocrx_word' id='word_1_368' title='bbox 1328 3562 1351 3594; x_wconf 88' lang='lat' dir='ltr'><strong>c.</strong></span> 
     </span>
     <span class='ocr_line' id='line_1_42' title="bbox 286 3609 1350 3674; baseline 0 -16"><span class='ocrx_word' id='word_1_369' title='bbox 286 3619 376 3672; x_wconf 73' lang='lat' dir='ltr'><strong>preter</strong></span> <span class='ocrx_word' id='word_1_370' title='bbox 386 3619 529 3674; x_wconf 86' lang='lat' dir='ltr'><strong>apparatum</strong></span> <span class='ocrx_word' id='word_1_371' title='bbox 541 3614 597 3660; x_wconf 87' lang='lat' dir='ltr'><strong>belli</strong></span> <span class='ocrx_word' id='word_1_372' title='bbox 609 3613 725 3658; x_wconf 88' lang='lat' dir='ltr'><strong>collatum</strong></span> <span class='ocrx_word' id='word_1_373' title='bbox 738 3611 802 3674; x_wconf 87' lang='lat' dir='ltr'><strong>jam,</strong></span> <span class='ocrx_word' id='word_1_374' title='bbox 835 3613 874 3661; x_wconf 79' lang='lat'><strong>28.</strong></span> <span class='ocrx_word' id='word_1_375' title='bbox 890 3615 908 3661; x_wconf 90' lang='lat' dir='ltr'><strong>l.</strong></span> <span class='ocrx_word' id='word_1_376' title='bbox 925 3613 1026 3660; x_wconf 83' lang='lat' dir='ltr'>XXVI.</span> <span class='ocrx_word' id='word_1_377' title='bbox 1045 3614 1087 3660; x_wconf 90' lang='lat' dir='ltr'><strong>ubi</strong></span> <span class='ocrx_word' id='word_1_378' title='bbox 1105 3609 1208 3674; x_wconf 82' lang='lat' dir='ltr'><strong>jubetur</strong></span> <span class='ocrx_word' id='word_1_379' title='bbox 1227 3611 1350 3671; x_wconf 83' lang='lat' dir='ltr'><strong>sulpicius</strong></span> 
     </span>
     <span class='ocr_line' id='line_1_43' title="bbox 286 3677 1350 3736; baseline 0.001 -13"><span class='ocrx_word' id='word_1_380' title='bbox 286 3677 416 3724; x_wconf 85' lang='lat' dir='ltr'><strong>autetiam</strong></span> <span class='ocrx_word' id='word_1_381' title='bbox 431 3679 604 3725; x_wconf 87' lang='lat' dir='ltr'><strong>conferendum</strong></span> <span class='ocrx_word' id='word_1_382' title='bbox 620 3677 645 3723; x_wconf 90' lang='lat' dir='ltr'><strong>in</strong></span> <span class='ocrx_word' id='word_1_383' title='bbox 659 3679 744 3723; x_wconf 87' lang='lat' dir='ltr'><strong>urbem</strong></span> <span class='ocrx_word' id='word_1_384' title='bbox 761 3678 802 3726; x_wconf 90' lang='lat' dir='ltr'><strong>Li·</strong></span> <span class='ocrx_word' id='word_1_385' title='bbox 834 3691 933 3725; x_wconf 90' lang='lat' dir='ltr'><strong>omnem</strong></span> <span class='ocrx_word' id='word_1_386' title='bbox 952 3680 1094 3730; x_wconf 82' lang='lat' dir='ltr'><strong>exercitum,</strong></span> <span class='ocrx_word' id='word_1_387' title='bbox 1112 3682 1199 3736; x_wconf 82' lang='lat' dir='ltr'><strong>praeter</strong></span> <span class='ocrx_word' id='word_1_388' title='bbox 1213 3677 1289 3724; x_wconf 89' lang='lat' dir='ltr'><strong>socios</strong></span> <span class='ocrx_word' id='word_1_389' title='bbox 1306 3691 1350 3724; x_wconf 84' lang='lat' dir='ltr'><strong>na·</strong></span> 
     </span>
     <span class='ocr_line' id='line_1_44' title="bbox 285 3739 1350 3802; baseline 0 -15"><span class='ocrx_word' id='word_1_390' title='bbox 285 3741 401 3802; x_wconf 76' lang='lat' dir='ltr'><strong>lybanum,</strong></span> <span class='ocrx_word' id='word_1_391' title='bbox 413 3747 472 3802; x_wconf 87' lang='lat' dir='ltr'><strong>puta</strong></span> <span class='ocrx_word' id='word_1_392' title='bbox 483 3757 559 3796; x_wconf 88' lang='lat' dir='ltr'><strong>arma,</strong></span> <span class='ocrx_word' id='word_1_393' title='bbox 572 3743 628 3794; x_wconf 84' lang='lat' dir='ltr'><strong>tela,</strong></span> <span class='ocrx_word' id='word_1_394' title='bbox 639 3741 802 3800; x_wconf 85' lang='lat' dir='ltr'><strong>frumentum,</strong></span> <span class='ocrx_word' id='word_1_395' title='bbox 835 3743 909 3800; x_wconf 78' lang='lat' dir='ltr'><strong>vales,</strong></span> <span class='ocrx_word' id='word_1_396' title='bbox 924 3742 1056 3802; x_wconf 87' lang='lat' dir='ltr'><strong>dimittere,</strong></span> <span class='ocrx_word' id='word_1_397' title='bbox 1069 3749 1097 3788; x_wconf 92' lang='lat' dir='ltr'><strong>ut</strong></span> <span class='ocrx_word' id='word_1_398' title='bbox 1112 3741 1248 3802; x_wconf 79' lang='lat' dir='ltr'><strong>legionariis</strong></span> <span class='ocrx_word' id='word_1_399' title='bbox 1264 3739 1350 3787; x_wconf 90' lang='lat' dir='ltr'><strong>militi·</strong></span> 
     </span>
     <span class='ocr_line' id='line_1_45' title="bbox 285 3803 1349 3866; baseline 0 -14"><span class='ocrx_word' id='word_1_400' title='bbox 285 3803 697 3866; x_wconf 69' lang='lat' dir='ltr'><strong>&amp;epropositumfuisseedictum</strong></span> <span class='ocrx_word' id='word_1_401' title='bbox 712 3813 800 3865; x_wconf 86' lang='lat' dir='ltr'><strong>praeto·</strong></span> <span class='ocrx_word' id='word_1_402' title='bbox 833 3807 1016 3862; x_wconf 68' lang='lat' dir='ltr'><strong>rosanensis,</strong></span> <span class='ocrx_word' id='word_1_403' title='bbox 1038 3809 1113 3854; x_wconf 84' lang='lat' dir='ltr'><strong>classe</strong></span> <span class='ocrx_word' id='word_1_404' title='bbox 1140 3806 1190 3850; x_wconf 87' lang='lat' dir='ltr'><strong>sola</strong></span> <span class='ocrx_word' id='word_1_405' title='bbox 1212 3810 1293 3850; x_wconf 84' lang='lat' dir='ltr'><strong>arceat</strong></span> <span class='ocrx_word' id='word_1_406' title='bbox 1316 3807 1349 3852; x_wconf 88' lang='lat' dir='ltr'><strong>ab</strong></span> 
     </span>
     <span class='ocr_line' id='line_1_46' title="bbox 285 3867 1349 3932; baseline 0 -17"><span class='ocrx_word' id='word_1_407' title='bbox 285 3870 330 3930; x_wconf 84' lang='lat' dir='ltr'><strong>ris,</strong></span> <span class='ocrx_word' id='word_1_408' title='bbox 343 3884 392 3930; x_wconf 91' lang='lat' dir='ltr'><strong>quo</strong></span> <span class='ocrx_word' id='word_1_409' title='bbox 411 3871 468 3916; x_wconf 88' lang='lat' dir='ltr'><strong>socii</strong></span> <span class='ocrx_word' id='word_1_410' title='bbox 485 3871 582 3932; x_wconf 78' lang='lat' dir='ltr'><strong>navales</strong></span> <span class='ocrx_word' id='word_1_411' title='bbox 599 3867 743 3931; x_wconf 86' lang='lat' dir='ltr'><strong>juberentur</strong></span> <span class='ocrx_word' id='word_1_412' title='bbox 758 3872 800 3917; x_wconf 85' lang='lat' dir='ltr'><strong>de·</strong></span> <span class='ocrx_word' id='word_1_413' title='bbox 833 3871 905 3917; x_wconf 83' lang='lat' dir='ltr'><strong>Italia</strong></span> <span class='ocrx_word' id='word_1_414' title='bbox 920 3871 1077 3932; x_wconf 70' lang='lat' dir='ltr'><strong>Philippum</strong></span> <span class='ocrx_word' id='word_1_415' title='bbox 1095 3870 1170 3932; x_wconf 90' lang='lat' dir='ltr'><strong>(quod</strong></span> <span class='ocrx_word' id='word_1_416' title='bbox 1185 3875 1250 3916; x_wconf 86' lang='lat' dir='ltr'><strong>certe</strong></span> <span class='ocrx_word' id='word_1_417' title='bbox 1268 3869 1349 3916; x_wconf 83' lang='lat' dir='ltr'><strong>faeere</strong></span> 
     </span>
     <span class='ocr_line' id='line_1_47' title="bbox 285 3933 1350 3994; baseline -0.001 -12"><span class='ocrx_word' id='word_1_418' title='bbox 285 3947 340 3982; x_wconf 84' lang='lat' dir='ltr'><strong>cem</strong></span> <span class='ocrx_word' id='word_1_419' title='bbox 361 3935 455 3980; x_wconf 87' lang='lat' dir='ltr'><strong>dierum</strong></span> <span class='ocrx_word' id='word_1_420' title='bbox 476 3940 543 3980; x_wconf 87' lang='lat' dir='ltr'><strong>cocta</strong></span> <span class='ocrx_word' id='word_1_421' title='bbox 564 3935 654 3980; x_wconf 85' lang='lat' dir='ltr'><strong>cibaria</strong></span> <span class='ocrx_word' id='word_1_422' title='bbox 675 3935 706 3980; x_wconf 87' lang='lat' dir='ltr'><strong>ad</strong></span> <span class='ocrx_word' id='word_1_423' title='bbox 727 3949 800 3982; x_wconf 89' lang='lat' dir='ltr'><strong>naves</strong></span> <span class='ocrx_word' id='word_1_424' title='bbox 833 3935 978 3994; x_wconf 85' lang='lat' dir='ltr'><strong>nequivisset</strong></span> <span class='ocrx_word' id='word_1_425' title='bbox 1000 3938 1021 3982; x_wconf 85' lang='lat' dir='ltr'><strong>si</strong></span> <span class='ocrx_word' id='word_1_426' title='bbox 1043 3949 1116 3982; x_wconf 85' lang='lat' dir='ltr'><strong>naves</strong></span> <span class='ocrx_word' id='word_1_427' title='bbox 1137 3933 1228 3992; x_wconf 83' lang='lat' dir='ltr'><strong>remige</strong></span> <span class='ocrx_word' id='word_1_428' title='bbox 1248 3934 1350 3994; x_wconf 87' lang='lat' dir='ltr'><strong>quidem</strong></span> 
     </span>
     <span class='ocr_line' id='line_1_48' title="bbox 286 3996 1349 4061; baseline 0 -15"><span class='ocrx_word' id='word_1_429' title='bbox 286 3999 386 4046; x_wconf 79' lang='lat' dir='ltr'><strong>deferre.</strong></span> <span class='ocrx_word' id='word_1_430' title='bbox 418 3996 459 4044; x_wconf 79' lang='lat' dir='ltr'><strong>Ad</strong></span> <span class='ocrx_word' id='word_1_431' title='bbox 473 4011 522 4043; x_wconf 90' lang='lat' dir='ltr'><strong>non</strong></span> <span class='ocrx_word' id='word_1_432' title='bbox 542 4013 597 4048; x_wconf 86' lang='lat' dir='ltr'><strong>raro</strong></span> <span class='ocrx_word' id='word_1_433' title='bbox 615 3999 721 4046; x_wconf 88' lang='lat' dir='ltr'><strong>sumitur</strong></span> <span class='ocrx_word' id='word_1_434' title='bbox 735 4001 801 4061; x_wconf 85' lang='lat' dir='ltr'><strong>apud</strong></span> <span class='ocrx_word' id='word_1_435' title='bbox 832 4001 972 4058; x_wconf 81' lang='lat' dir='ltr'><strong>instructas,</strong></span> <span class='ocrx_word' id='word_1_436' title='bbox 983 4006 1008 4046; x_wconf 89' lang='lat' dir='ltr'><strong>at</strong></span> <span class='ocrx_word' id='word_1_437' title='bbox 1022 4001 1074 4046; x_wconf 86' lang='lat' dir='ltr'><strong>sine</strong></span> <span class='ocrx_word' id='word_1_438' title='bbox 1091 4000 1140 4046; x_wconf 93' lang='lat' dir='ltr'><strong>ullo</strong></span> <span class='ocrx_word' id='word_1_439' title='bbox 1156 3998 1234 4044; x_wconf 87' lang='lat' dir='ltr'><strong>milite</strong></span> <span class='ocrx_word' id='word_1_440' title='bbox 1250 3999 1349 4046; x_wconf 86' lang='lat' dir='ltr'><strong>babuis-</strong></span> 
     </span>
     <span class='ocr_line' id='line_1_49' title="bbox 286 4059 1349 4125; baseline -0.002 -13"><span class='ocrx_word' id='word_1_441' title='bbox 286 4061 385 4112; x_wconf 85' lang='lat' dir='ltr'><strong>Livium</strong></span> <span class='ocrx_word' id='word_1_442' title='bbox 405 4075 433 4108; x_wconf 90' lang='lat' dir='ltr'><strong>eo</strong></span> <span class='ocrx_word' id='word_1_443' title='bbox 452 4075 525 4108; x_wconf 89' lang='lat' dir='ltr'><strong>sensu</strong></span> <span class='ocrx_word' id='word_1_444' title='bbox 540 4075 614 4123; x_wconf 92' lang='lat' dir='ltr'><strong>quem</strong></span> <span class='ocrx_word' id='word_1_445' title='bbox 634 4063 755 4119; x_wconf 88' lang='lat' dir='ltr'><strong>volumus,</strong></span> <span class='ocrx_word' id='word_1_446' title='bbox 772 4070 801 4110; x_wconf 91' lang='lat' dir='ltr'><strong>ut</strong></span> <span class='ocrx_word' id='word_1_447' title='bbox 833 4071 882 4121; x_wconf 83' lang='lat' dir='ltr'><strong>set)</strong></span> <span class='ocrx_word' id='word_1_448' title='bbox 897 4069 951 4110; x_wconf 89' lang='lat' dir='ltr'><strong>tum</strong></span> <span class='ocrx_word' id='word_1_449' title='bbox 973 4077 993 4110; x_wconf 87' lang='lat' dir='ltr'><strong>e.</strong></span> <span class='ocrx_word' id='word_1_450' title='bbox 1013 4064 1052 4112; x_wconf 79' lang='lat' dir='ltr'><strong>ta</strong></span> <span class='ocrx_word' id='word_1_451' title='bbox 1078 4059 1189 4125; x_wconf 84' lang='lat' dir='ltr'><strong>ejusdem</strong></span> <span class='ocrx_word' id='word_1_452' title='bbox 1206 4063 1276 4109; x_wconf 78' lang='lat' dir='ltr'><strong>libri:</strong></span> <span class='ocrx_word' id='word_1_453' title='bbox 1305 4064 1349 4110; x_wconf 89' lang='lat' dir='ltr'><strong>ubi</strong></span> 
     </span>
    </p>

    <p class='ocr_par' dir='ltr' id='par_1_29' title="bbox 204 4125 1349 4382">
     <span class='ocr_line' id='line_1_50' title="bbox 233 4125 1349 4190; baseline 0.002 -18"><span class='ocrx_word' id='word_1_454' title='bbox 233 4141 237 4154; x_wconf 80' lang='lat'><em>·</em></span> <span class='ocrx_word' id='word_1_455' title='bbox 285 4127 349 4176; x_wconf 78' lang='lat' dir='ltr'><strong>iufra</strong></span> <span class='ocrx_word' id='word_1_456' title='bbox 367 4125 464 4173; x_wconf 87' lang='lat' dir='ltr'>XXVI.</span> <span class='ocrx_word' id='word_1_457' title='bbox 478 4126 502 4172; x_wconf 82' lang='lat'><strong>5.</strong></span> <span class='ocrx_word' id='word_1_458' title='bbox 534 4126 668 4174; x_wconf 73' lang='lat' dir='ltr'><strong>Adollam</strong></span> <span class='ocrx_word' id='word_1_459' title='bbox 687 4129 800 4182; x_wconf 76' lang='lat' dir='ltr'><strong>uirorum,</strong></span> <span class='ocrx_word' id='word_1_460' title='bbox 832 4129 912 4188; x_wconf 84' lang='lat' dir='ltr'><strong>primo</strong></span> <span class='ocrx_word' id='word_1_461' title='bbox 939 4128 992 4176; x_wconf 75' lang='lat' dir='ltr'><strong>Sex·</strong></span> <span class='ocrx_word' id='word_1_462' title='bbox 1014 4129 1122 4190; x_wconf 83' lang='lat' dir='ltr'><strong>Digitius</strong></span> <span class='ocrx_word' id='word_1_463' title='bbox 1149 4127 1227 4174; x_wconf 85' lang='lat' dir='ltr'><strong>socius</strong></span> <span class='ocrx_word' id='word_1_464' title='bbox 1254 4127 1349 4174; x_wconf 69' lang='lat' dir='ltr'><strong>natalis</strong></span> 
     </span>
     <span class='ocr_line' id='line_1_51' title="bbox 204 4192 1347 4253; baseline 0.002 -17"><span class='ocrx_word' id='word_1_465' title='bbox 204 4204 206 4216; x_wconf 54' lang='lat'>⁸</span> <span class='ocrx_word' id='word_1_466' title='bbox 284 4203 403 4250; x_wconf 76' lang='lat' dir='ltr'><strong>squamma,</strong></span> <span class='ocrx_word' id='word_1_467' title='bbox 431 4204 593 4250; x_wconf 79' lang='lat' dir='ltr'><strong>armorumque</strong></span> <span class='ocrx_word' id='word_1_468' title='bbox 618 4205 700 4239; x_wconf 80' lang='lat' dir='ltr'><strong>sonum</strong></span> <span class='ocrx_word' id='word_1_469' title='bbox 716 4224 723 4238; x_wconf 89' lang='lat'><strong>.</strong></span> <span class='ocrx_word' id='word_1_470' title='bbox 741 4223 747 4236; x_wconf 93' lang='lat'><strong>.</strong></span> <span class='ocrx_word' id='word_1_471' title='bbox 766 4223 797 4238; x_wconf 92' lang='lat'><strong>..</strong></span> <span class='ocrx_word' id='word_1_472' title='bbox 832 4194 952 4241; x_wconf 87' lang='lat' dir='ltr'><strong>muralem</strong></span> <span class='ocrx_word' id='word_1_473' title='bbox 964 4207 1078 4241; x_wconf 84' lang='lat' dir='ltr'><strong>coronam</strong></span> <span class='ocrx_word' id='word_1_474' title='bbox 1094 4192 1201 4253; x_wconf 87' lang='lat' dir='ltr'><strong>postulat</strong></span> <span class='ocrx_word' id='word_1_475' title='bbox 1216 4198 1241 4238; x_wconf 88' lang='lat' dir='ltr'><strong>et</strong></span> <span class='ocrx_word' id='word_1_476' title='bbox 1256 4193 1347 4248; x_wconf 77' lang='lat' dir='ltr'><strong>aufert,</strong></span> 
     </span>
     <span class='ocr_line' id='line_1_52' title="bbox 286 4255 1348 4319; baseline 0.001 -18"><span class='ocrx_word' id='word_1_477' title='bbox 286 4255 458 4314; x_wconf 81' lang='lat' dir='ltr'><strong>Campanorum</strong></span> <span class='ocrx_word' id='word_1_478' title='bbox 484 4255 581 4302; x_wconf 81' lang='lat' dir='ltr'><strong>imbellis</strong></span> <span class='ocrx_word' id='word_1_479' title='bbox 601 4257 724 4304; x_wconf 71' lang='lat' dir='ltr'><strong>marditado</strong></span> <span class='ocrx_word' id='word_1_480' title='bbox 746 4261 797 4304; x_wconf 75' lang='lat' dir='ltr'><strong>rm-</strong></span> <span class='ocrx_word' id='word_1_481' title='bbox 830 4258 895 4302; x_wconf 90' lang='lat' dir='ltr'><strong>unde</strong></span> <span class='ocrx_word' id='word_1_482' title='bbox 913 4263 981 4317; x_wconf 84' lang='lat' dir='ltr'><strong>patet</strong></span> <span class='ocrx_word' id='word_1_483' title='bbox 996 4271 1053 4306; x_wconf 87' lang='lat' dir='ltr'><strong>eum</strong></span> <span class='ocrx_word' id='word_1_484' title='bbox 1070 4265 1207 4319; x_wconf 73' lang='lat' dir='ltr'><strong>pugnasser</strong></span> <span class='ocrx_word' id='word_1_485' title='bbox 1231 4257 1348 4312; x_wconf 79' lang='lat' dir='ltr'><strong>secundo.</strong></span> 
     </span>
     <span class='ocr_line' id='line_1_53' title="bbox 285 4319 1347 4382; baseline 0.004 -18"><span class='ocrx_word' id='word_1_486' title='bbox 285 4324 352 4365; x_wconf 82' lang='lat' dir='ltr'><strong>tam.</strong></span> <span class='ocrx_word' id='word_1_487' title='bbox 365 4351 370 4364; x_wconf 95' lang='lat'><strong>.</strong></span> <span class='ocrx_word' id='word_1_488' title='bbox 384 4319 492 4367; x_wconf 84' lang='lat' dir='ltr'><strong>..edidit</strong></span> <span class='ocrx_word' id='word_1_489' title='bbox 506 4319 634 4370; x_wconf 72' lang='lat' dir='ltr'><strong>clamorem.</strong></span> <span class='ocrx_word' id='word_1_490' title='bbox 830 4322 873 4382; x_wconf 87' lang='lat' dir='ltr'><strong>qui</strong></span> <span class='ocrx_word' id='word_1_491' title='bbox 882 4323 939 4370; x_wconf 81' lang='lat' dir='ltr'><strong>socii</strong></span> <span class='ocrx_word' id='word_1_492' title='bbox 954 4323 1056 4379; x_wconf 74' lang='lat' dir='ltr'><strong>semler,</strong></span> <span class='ocrx_word' id='word_1_493' title='bbox 1067 4323 1141 4374; x_wconf 84' lang='lat' dir='ltr'><strong>iidem</strong></span> <span class='ocrx_word' id='word_1_494' title='bbox 1156 4326 1183 4370; x_wconf 85' lang='lat' dir='ltr'><strong>et</strong></span> <span class='ocrx_word' id='word_1_495' title='bbox 1197 4320 1286 4368; x_wconf 64' lang='lat' dir='ltr'><strong>amasim</strong></span> <span class='ocrx_word' id='word_1_496' title='bbox 1301 4324 1347 4368; x_wconf 78' lang='lat' dir='ltr'><strong>ati·</strong></span> 
     </span>
    </p>
   </div>
   <div class='ocr_carea' id='block_1_6' title="bbox 0 0 1536 4976">
    <p class='ocr_par' dir='ltr' id='par_1_30' title="bbox 0 0 1536 4976">
     <span class='ocr_line' id='line_1_54' title="bbox 0 0 1536 4976; baseline 0 4"><span class='ocrx_word' id='word_1_497' title='bbox 0 0 1536 4976; x_wconf 95' lang='lat' dir='ltr'><strong> </strong></span> 
     </span>
    </p>
   </div>
  </div>
 </body>
</html>
