3140 4972
305 251 312 268 ,
348 215 372 268 ¹.
487 159 700 242 ar'a.·xxu.
729 179 833 242 car.
858 177 914 240 x1.
1170 177 1234 244 aas

170 331 1307 432 faetmeamaantsnapaadGnaeumfluantquinquemttttaum.
1319 359 1383 414 sto.-

171 437 212 502 ab
221 435 300 502 urbe
309 433 411 516 abest)
420 431 528 518 posuit
536 445 650 498 eastra.
677 431 732 498 Ex
740 431 778 496 iis
787 429 1231 520 stativisregressusadinapi·
1240 429 1271 474 Α·
1281 428 1310 476 ⁰·
1320 428 1377 476 ²¹²·

172 521 319 590 ciendum
332 541 413 606 opus
425 519 524 606 (quod
535 518 730 606 aliquantum
742 517 892 604 opinione
901 519 968 604 ejus
983 515 1114 584 celerius
1126 538 1233 584 erere·

170 611 325 694 ratispem
336 606 429 692 cepit,
441 606 537 671 etiam
546 611 652 672 arcem
661 605 837 691 expugnari
846 625 952 691 posse.
974 602 1365 670 “aramma-sannae

169 694 319 775 titudine,
327 700 365 760 ut
374 705 489 771 cetera,
498 689 949 777 tutasedloeoplanoposita,
961 702 993 756 et
1001 689 1043 754 ab
1052 691 1132 756 urba
1140 711 1234 758 muro
1241 680 1376 788 nampu-

171 793 297 851 tantum
307 799 345 846 aa
355 778 438 846 fossa
447 777 555 845 divisa.
592 777 703 855 Quum
713 778 782 864 jam
795 775 1067 842 machinationum
1078 779 1167 842 omni
1177 801 1233 866 ge·
1241 755 1323 804 pum

170 889 248 932 nare
261 879 293 932 et
312 864 461 954 operibus
475 865 726 953 obpugnaretur,
742 863 871 930 missurn
887 885 905 928 a
920 864 1110 948 Metaponto
1123 863 1235 950 praesi-

170 954 263 1019 dium
284 951 439 1018 Romanis
459 951 534 1018 lecit
554 951 708 1028 animum,
724 963 761 1017 ut
781 959 876 1016 nocte
897 970 938 1013 ex
958 949 1121 1033 inproviso
1137 973 1236 1037 opera

169 1038 513 1142 bostinminvaderept.
531 1125 538 1140 ·
558 1037 632 1141 Alia
641 1037 843 1125 disjecerunt,
855 1034 916 1102 elia
926 1035 994 1122 igni
1005 1051 1235 1137 conruperant.

170 1148 261 1300 itt}
273 1125 347 1276 itt
354 1123 665 1298 ritttlitittt,
679 1137 888 1276 Ξὲἓῗέζὲῗῖἓ
902 1121 1235 1296 tlffltllnit

171 1310 323 1375 tenentes,
339 1319 412 1385 quae
433 1298 467 1362 in
488 1296 654 1383 peninsula
672 1296 775 1383 posita
791 1295 927 1368 inminet
947 1295 1090 1360 faucibus
1112 1309 1235 1382 portus,

171 1405 260 1450 mare
274 1383 408 1450 liberum
423 1382 600 1449 habebant:
624 1383 699 1448 urba
710 1395 822 1448 contra
833 1382 961 1448 exclusa
971 1383 1137 1448 maritimis
1147 1405 1235 1448 com·

171 1470 337 1545 meatibus,
347 1472 541 1556 propiusque
548 1469 689 1554 inopiam
698 1479 789 1535 erant
800 1467 989 1546 obsidentes,
1002 1489 1096 1556 quarn
1106 1467 1235 1536 obsessi.

172 1556 350 1634 Hannibal,
362 1556 543 1621 convocatis
553 1553 750 1642 principibus
761 1555 1022 1633 Tarentinorum,
1032 1575 1141 1620 onmes
1151 1578 1235 1641 prae-

171 1655 274 1710 sentes
295 1642 493 1708 difficultates
513 1643 676 1727 exposuit:
700 1663 795 1726 neque
809 1643 890 1706 oreis
905 1651 968 1706 tam
984 1642 1105 1708 munita
1119 1665 1236 1729 expug-

171 1733 284 1794 nanda
296 1730 380 1794 uiam
394 1750 521 1806 canae,
537 1749 630 1814 neque
643 1730 677 1792 in
696 1729 845 1794 abndnne
858 1729 1022 1814 quidquam
1038 1729 1146 1792 habere
1161 1730 1234 1813 spei,

171 1818 267 1881 donee
277 1816 358 1880 mari
369 1815 528 1898 potiantur
542 1815 648 1882 hoster.
695 1814 785 1892 Quod
799 1815 827 1878 ti
844 1835 937 1878 navet
949 1815 1018 1890 sint,
1035 1816 1140 1900 quibua
1153 1837 1235 1880 eanr-

171 1912 291 1988 menius
303 1901 403 1967 inuehi
412 1902 601 1984 prohibeant,
616 1901 760 1984 extemplo
774 1911 827 1964 out
838 1901 1030 1977 abscemraa,
1047 1911 1103 1965 ont
1115 1903 1235 1968 deditu-

170 2009 223 2053 roa
242 2009 275 2054 se
296 1989 405 2054 hostes.
448 1985 721 2054 Adsentiebantur
742 1985 909 2052 Tarentini
919 2009 930 2066 ;
953 1998 1092 2054 aeterum
1116 1987 1158 2069 ei,
1179 1989 1235 2076 qui

71 2139 76 2152 ,
171 2073 337 2140 eonsilium
360 2073 506 2155 adferret,
529 2095 623 2157 opem
645 2094 771 2160 quoque
792 2072 826 2135 in
848 2093 917 2136 eant
940 2091 1006 2136 rem
1029 2071 1233 2140 adferendam

170 2180 250 2240 esse,
276 2160 456 2230 censebant
504 2161 637 2225 Punicas
660 2159 742 2224 enirn
763 2179 855 2224 nanee
879 2181 917 2223 ea
937 2159 1039 2224 Sicilia
1063 2160 1181 2226 adcitaa
1201 2164 1235 2228 iu

167 2245 392 2330 possesaceret
416 2268 498 2323 anae,
510 2267 578 2330 qna
590 2245 657 2310 nau
671 2246 779 2332 enigrao
792 2246 874 2308 intua
887 2245 1011 2310 ineluaae
1025 2255 1132 2326 astent,
1144 2269 1235 2332 quum

170 2335 306 2400 claustra
319 2343 423 2416 portus
437 2333 527 2397 bostis
541 2331 673 2408 baberet,
689 2353 808 2418 eeqnern
824 2333 868 2394 ad
881 2333 1001 2394 madum
1015 2331 1085 2396 inde
1098 2332 1130 2396 in
1146 2354 1234 2415 aper-

171 2431 236 2486 tum
263 2441 349 2485 ruore
373 2415 543 2484 enmnraa?
573 2419 728 2495 Enadant,
756 2416 861 2503 inquit
892 2415 1069 2484 Hannibal.
1113 2419 1233 2498 Multa,
1305 2435 1306 2440 ’

169 2527 236 2594 quaa
257 2506 391 2592 inpedita
414 2513 530 2570 natura
554 2513 634 2581 eunt,
660 2503 780 2569 cornilio
808 2504 1015 2586 eapentanrur.
1061 2505 1177 2571 artem
1201 2509 1234 2574 in

170 2614 277 2676 oompa
291 2595 387 2658 sitam
400 2591 525 2656 habetis.
544 2590 690 2673 pirinaei
709 2591 784 2655 satis
798 2589 866 2656 luta
883 2590 938 2656 aia
957 2599 1061 2673 potent
1081 2593 1113 2656 in
1133 2615 1235 2660 amaea

162 2689 282 2764 pariet.
312 2676 340 2718 ⁶³
350 2679 417 2757 Vra,
428 2698 497 2764 qua
505 2677 538 2742 in
545 2686 661 2760 portum
670 2698 724 2759 per
732 2677 861 2742 modim
873 2676 976 2742 urbem
984 2679 1028 2741 ad
1038 2699 1121 2744 more
1132 2690 1233 2748 trana-
1241 2695 1359 2745 Pnuanu

168 2767 263 2831 misia
287 2775 342 2843 eti,
362 2763 509 2848 plautae
533 2766 722 2829 transueham
742 2784 833 2828 nones
855 2763 936 2828 baud
960 2785 1074 2850 magna
1093 2767 1179 2832 mole.
1202 2769 1404 2872 ,tparanete-

129 2861 135 2874 “
171 2874 258 2918 mara
274 2861 406 2922 noatrnm
426 2850 492 2926 erit,
513 2870 572 2934 pao
592 2871 670 2913 nnnc
684 2850 779 2914 bottas
797 2851 973 2932 potiuntur:
995 2859 1024 2914 et
1045 2851 1127 2938 illinc
1143 2856 1231 2934 mari,
1239 2833 1385 2940 {ww

171 2940 241 3003 irinc
255 2948 339 3002 terra
348 2936 616 3001 areumaidebirnrn
628 2957 739 3012 arcem,
754 2937 847 2999 immo
861 2936 954 3016 brevi,
968 2946 1021 3000 out
1040 2937 1179 3004 relictam
1193 2943 1233 3007 ab

171 3025 311 3102 hortibus,
324 3021 410 3087 ⁶iam
421 3043 487 3087 arra
500 3022 584 3105 ipsis·
595 3022 731 3086 hostibus
742 3023 899 3104 canemus.
946 3021 1031 3088 Haea
1045 3026 1149 3091 oratio
1162 3049 1231 3094 non

169 3134 257 3196 spem
274 3108 371 3174 modo
385 3107 522 3185 effectus,
534 3106 588 3172 sed
602 3107 761 3194 ingentem
777 3109 871 3174 etiam
886 3106 975 3174 ducis
989 3109 1232 3180 admirationem

168 3198 254 3263 fecit.
292 3195 465 3261 Contracta
478 3195 639 3280 extemplo
649 3193 788 3281 undique
802 3194 952 3280 plaustra,
961 3196 1138 3297 'junctaque
1149 3199 1233 3265 inter

168 3307 218 3350 se:
241 3294 273 3348 et
287 3280 443 3347 machinae
455 3274 497 3345 ad
507 3277 728 3346 subducendas
743 3299 836 3366 naves
846 3280 994 3360 admotae,
1007 3297 1231 3374 mumtumque

364 3433 495 3484 ‘Galacum
503 3434 576 3482 Gran.
590 3435 661 3485 crev.
812 3435 889 3496 ’ἐμὴ
900 3435 946 3482 del.
958 3433 1032 3482 Gron.

167 3597 224 3644 quae
242 3588 267 3628 et
283 3583 394 3642 prasidio
409 3588 472 3630 esset
488 3581 552 3641 urbi,
568 3588 593 3628 et
609 3581 683 3628 nmul
715 3583 790 3630 Recte
810 3583 922 3644 Sigonius
943 3583 992 3642 legi
1009 3579 1082 3645 jubet
1102 3597 1132 3632 aa
1148 3589 1230 3646 porta.

165 3644 295 3708 'adjuvaret
305 3649 331 3694 in
341 3646 541 3694 faciendomuro.
559 3646 684 3705 Ceterum,
716 3647 746 3694 Id
762 3647 829 3694 enim
845 3649 970 3708 agebatur,
983 3654 1010 3693 ut
1029 3662 1103 3696 naves
1118 3649 1230 3698 'Parenti-

166 3712 262 3822 plrlriiain
276 3712 372 3824 scriptis
388 3712 508 3822 ρΙεταίοιέἳὲ
518 3712 607 3772 legitur
620 3723 684 3786 pra·
715 3723 811 3822 norupp,
829 3713 926 3822 quaebip
946 3718 1018 3772 portu
1037 3721 1230 3772 erant,eteuu1

167 3778 683 3902 atttztntttnjntttttt
714 3777 1231 3905 tfftatttttn,‘¹tl⁶t¹t⁸t²ntt

167 3905 194 3950 in
207 3904 353 3965 perfinienda-
385 3907 468 3964 Atque
483 3905 523 3950 hic
539 3903 598 3952 ordo
613 3901 682 3949 nabis
714 3917 782 3952 mare
810 3906 1037 3954 transmitterentur.
1071 3907 1105 3954 Et.
1129 3910 1165 3956 ite
1187 3911 1230 3956 ba·

168 3968 582 4080 mbgtilblnallllralrmalltblall'lmb
597 4035 673 4078 mm
714 3969 766 4082 get).
768 3969 891 4030 Polybius,
904 3969 929 4016 la
945 3969 987 4018 rai
999 3969 1083 4034 araim
1099 3972 1127 4026 sir
1139 3972 1179 4026 eir
1189 3971 1231 4035 ila

175 4051 178 4058 ’
734 4051 749 4079 Ι
768 4051 850 4081 “nh

168 4096 231 4160 tuta]
249 4095 359 4144 Placeret
367 4097 455 4156 magis,
463 4101 490 4142 ut
499 4064 586 4152 antlra,
595 4063 683 4158 pomp}
748 4099 780 4145 64
795 4098 848 4146 Ant
858 4112 910 4145 cnm
922 4100 980 4159 apris
990 4101 1090 4149 nantas
1100 4103 1229 4166 captanus]

167 4174 307 4222 meaa,quae
318 4161 369 4206 iere
379 4161 405 4206 in
422 4161 481 4208 loeis
497 4162 576 4216 editis,
588 4168 613 4208 et
627 4160 682 4208 urbi
714 4163 860 4210 Addidimua
872 4177 956 4210 vocem
967 4165 1032 4226 nuria,
1040 4181 1115 4227 quam
1124 4169 1149 4214 in
1159 4169 1229 4216 bonae

167 4225 353 4272 imminentibus
361 4225 514 4280 muniuntur.
716 4228 770 4274 fidei
789 4228 857 4274 libris
876 4234 970 4274 exstare
985 4237 1088 4277 testatur
1102 4232 1156 4278 Jac.
1170 4234 1232 4278 Gro-

199 4289 231 4336 63
252 4289 305 4342 Via,
318 4289 402 4348 quain
411 4294 523 4348 partum.
536 4323 542 4336 .
556 4319 564 4333 ·
576 4291 606 4338 aa
617 4304 683 4338 naara
715 4293 810 4348 novius,
820 4300 845 4342 et
861 4305 905 4340 nos
921 4293 947 4341 in
958 4296 1013 4342 eut.
1024 4297 1125 4357 aliisque
1141 4297 1231 4356 reperi·

166 4355 304 4402 tranensium
322 4352 369 4416 aet]
389 4355 477 4416 Scripti
497 4357 546 4404 fere
563 4359 682 4418 inportu.
714 4371 777 4404 murs.
1158 4371 1161 4376 ·
