3036 4972
306 559 584 674 semona
608 563 783 672 'LIBRI
807 576 984 674 xxm

551 849 745 894 -0-

104 1060 355 1146 OAMPANI
378 1075 421 1137 ad
453 1072 663 1138 Hannibalem
696 1072 878 1158 defecerunt.
920 1071 1060 1136 Nanctus
1095 1075 1178 1138 Can-

103 1165 215 1228 nensis
241 1162 382 1226 m'ctoria
403 1159 502 1244 Mago
526 1159 752 1244 Karthaginem
778 1159 882 1223 missus
906 1160 1034 1222 annulos
1059 1182 1179 1237 aureos,

104 1271 129 1311 a
148 1251 187 1313 di
208 1249 267 1312 ilis
289 1248 450 1311 occisorum
464 1245 671 1308 Romanorum
691 1245 851 1322 detractos,
868 1245 901 1308 in
923 1243 1066 1308 vestibulo
1084 1247 1179 1310 curia

201 1338 241 1398 'te
276 1355 350 1418 quos
383 1334 539 1396 excessisse
573 1332 669 1394 modii
703 1337 870 1395 mamaeam
902 1333 1050 1398 traditur.
1100 1333 1179 1396 Post

107 1444 198 1506 quem
225 1421 370 1483 nuncium
394 1417 521 1494 Hanno,
544 1419 595 1482 air
615 1439 653 1481 ea
672 1417 781 1481 Panis
802 1410 1012 1495 nobilissimus,
1032 1407 1180 1482 suadebat

107 1501 239 1572 senatui
253 1505 571 1590 Karthaginiensium,
589 1512 623 1567 ut
638 1523 746 1586 pacem
767 1525 789 1565 a
804 1505 920 1586 populo
934 1503 1076 1568 Romano
1092 1515 1179 1588 pete-

106 1603 205 1658 rent:
237 1613 294 1655 nec
320 1593 428 1668 tenuit,
458 1589 645 1674 obstrepente
672 1589 815 1652 Barcina
830 1589 985 1676 factione.
1031 1591 1181 1656 Claudius

108 1677 291 1742 Marcellus
311 1685 431 1760 prator
454 1677 499 1739 acl
518 1673 643 1754 Nolam,
665 1677 825 1758 eruptione
848 1677 991 1741 adversus
1012 1674 1181 1743 Hanniba-

111 1765 176 1828 lem
200 1787 238 1827 ec
258 1763 374 1848 oppido
382 1761 489 1847 sacta,
501 1758 650 1846 prospere
664 1762 829 1847 pregnaoit.
872 1761 1035 1827 Exercitus
1049 1763 1179 1828 Hanni·

112 1849 203 1914 bolis
217 1863 278 1933 per
291 1848 419 1912 hiberna
436 1849 552 1932 Capua
566 1849 612 1912 ita
627 1849 800 1912 lucariatus
814 1858 867 1926 est,
883 1858 918 1912 ut
931 1869 1088 1934 carpenum
1103 1848 1181 1914 oiri·

111 1937 171 2002 bus
194 1945 288 2020 atque
312 1936 480 1998 animorum
503 1943 707 1998 enervaretur.
754 1934 932 2012 Casilinum,
956 1957 976 1998 a
1001 1937 1108 2000 Poenis
1128 1935 1180 2000 ab·

111 2043 238 2100 sessum,
256 2025 304 2085 ita
313 2021 407 2106 fame
425 2031 562 2085 occatum
582 2029 636 2097 est,
651 2029 687 2083 ut
706 2016 774 2083 lora
792 2029 821 2083 et
836 2021 937 2103 pelles,
954 2023 1046 2086 scutis
1060 2024 1180 2086 detrac-

112 2119 164 2173 tas
198 2109 272 2172 itm
294 2127 401 2184 mures,
428 2115 523 2171 essent
529 2141 540 2179 ,·
567 2116 597 2170 et
622 2097 755 2187 nucibus,
773 2127 835 2189 per
860 2100 1039 2170 Vulturnum
1064 2121 1180 2172 amram

112 2217 135 2258 a
150 2154 309 2258 ᾖοηαηίε
330 2193 437 2272 missis,
452 2194 596 2257 vicerint.
641 2192 769 2256 Senatus
789 2213 827 2255 ea
847 2193 979 2276 equestri
999 2193 1108 2256 ordine
1125 2190 1180 2256 bo·

113 2276 252 2344 minibces
272 2289 388 2344 centum
413 2280 585 2364 nonaginta
604 2288 714 2363 septem
734 2279 889 2362 suppletus
909 2285 963 2343 est.
1008 2277 1049 2342 L.
1068 2280 1180 2344 Postu-

113 2369 196 2430 mius
207 2375 332 2450 prator
345 2387 366 2428 a
383 2360 489 2429 Gallis
509 2384 573 2427 cum
588 2366 721 2428 exercitu
734 2385 826 2428 casus
840 2373 893 2427 est.
940 2356 998 2428 Cn.
1014 2374 1044 2428 et
1060 2357 1100 2428 Ρ,
1115 2365 1182 2430 Sci·

107 2455 225 2536 pianes
257 2452 291 2514 in
317 2447 478 2534 Hispania
506 2449 735 2514 Hasdrubalem
762 2449 908 2526 uicerunt,
935 2459 966 2514 et
993 2447 1054 2514 His
1077 2451 1181 2516 aniam

114 2559 202 2604 amm
217 2535 379 2622 fecerunt.
422 2529 576 2620 Reliquia
608 2535 775 2600 (bunnensis
802 2537 950 2600 coercitus
979 2538 1013 2600 in
1041 2472 1182 2603 liiciliam

115 2627 267 2708 relegata
286 2631 373 2696 sunt;
397 2619 457 2685 ¹ne
477 2624 649 2686 recederent
670 2623 751 2697 inde,
767 2619 830 2686 nlsi
841 2618 942 2706 finito
963 2618 1051 2688 bello.
1094 2615 1183 2688 Inter

117 2710 306 2794 Philippum
321 2707 523 2772 Macedonum
545 2723 642 2793 regem
657 2717 687 2771 ct
702 2699 911 2772 Hannibalem
930 2709 1057 2774 societas
1067 2709 1184 2792 junctb
1268 2749 1270 2764 -

115 2807 170 2862 est.
215 2796 415 2878 Sempronius
437 2787 594 2879 Gracchus
614 2795 717 2857 consul
736 2793 908 2877 Campanos
927 2795 1047 2859 cecidit.
1090 2787 1182 2860 Pra-

118 2893 205 2964 terea
232 2881 267 2945 in
291 2881 442 2945 Sardinia
457 2877 604 2965 feliciter
627 2901 649 2942 a
675 2876 713 2943 T.
729 2878 856 2944 Manlio
881 2891 1017 2964 pretore
1039 2883 1184 2949 adversus

120 2967 237 3033 Panos
269 2965 442 3050 Sardosque
473 2987 521 3031 res
548 2975 652 3052 gestas
682 2967 833 3030 corctinet:
861 2987 883 3029 a
1001 2963 1184 3034 Hasdmbal

117 3055 190 3132 dua,
206 3063 239 3118 et
255 3049 365 3138 Mago,
381 3061 411 3115 et
424 3046 546 3115 Hanno
566 3072 602 3116 ca
625 3053 662 3116 ti.
698 3043 872 3117 'Claudius
927 3053 1184 3138 arcelluspratot

120 3130 319 3204 Hannibalis
337 3139 499 3202 exercitum
516 3139 561 3202 ad
613 3141 693 3202 olam
710 3135 931 3224 praeliofiedil
951 3150 982 3204 et
1002 3140 1093 3205 licit.-
1112 3139 1182 3226 prl-

118 3247 241 3374 rpmpoe
262 3231 308 3288 tot
328 3217 465 3290 cladibus
472 3223 572 3310 fissis
594 3223 744 3288 Romanis
764 3225 916 3289 meliorem
935 3247 1017 3309 spem
1038 3225 1113 3292 belli
1130 3229 1183 3293 de·

142 3313 175 3378 it.

152 3473 229 3527 lNe
244 3477 372 3526 rooelcrenl
387 3477 439 3525 mdc
468 3477 559 3525 Melius
574 3477 637 3527 elece-
670 3477 916 3539 exoapp.80.e182.
948 3480 1104 3526 Pretersaln
1120 3479 1184 3539 prlo-
1296 3525 1298 3534 ,

121 3541 214 3592 benis
237 3545 305 3608 quod
330 3541 415 3589 monet
467 3542 546 3589 tlsoeuo
571 3545 637 3604 apud
669 3553 722 3590 rem
737 3544 818 3602 pallus
829 3542 940 3609 Marcelli
954 3544 986 3591 de
998 3543 1118 3590 Annibale
1134 3545 1185 3591 vlo-

122 3607 266 3656 llmnlum.
669 3606 766 3663 todem,
782 3611 857 3668 qum
874 3609 901 3654 ln
920 3609 992 3664 hanc.
1009 3609 1094 3654 audere
1112 3610 1185 3656 debat

152 3675 167 3722 l
184 3671 301 3722 emmim
315 3669 449 3719 Marcellus
462 3673 550 3735 pram
560 3670 638 3718 Annl·
670 3671 695 3718 ld
714 3669 778 3732 quod
799 3671 896 3719 eddium
911 3673 937 3718 in
954 3671 1001 3720 fine
1018 3665 1093 3734 hujus
1108 3673 1186 3734 epilo-

123 3737 176 3785 lello
187 3735 329 3800 eamcltmn]
347 3735 409 3784 llos
425 3735 531 3783 secunde
544 3747 638 3783 memo-
669 3745 732 3793 mss,
761 3735 868 3796 primum
897 3736 1039 3784 Marcellum
1067 3735 1185 3785 nomm

123 3809 185 3850 nan
200 3803 227 3850 in
244 3803 292 3848 hoc
307 3800 414 3862 epitome
428 3799 538 3846 Marcelli
553 3801 638 3848 edva-
669 3799 794 3847 mellorem
809 3811 877 3860 spem
891 3800 948 3850 belli
962 3803 1063 3848 dedisse.
1096 3803 1185 3852 contet

125 3879 163 3914 aas
176 3865 324 3915 Annlbslem
342 3863 374 3911 acl
391 3858 481 3910 Nolam
499 3875 591 3926 pugna,
606 3866 637 3912 de
670 3863 723 3912 Ην.
738 3863 812 3923 intes,
825 3878 847 3912 c.
861 3863 900 3911 lfl.
933 3865 1018 3926 ltaque
1038 3867 1078 3914 hic
1093 3867 1185 3928 aliquid

126 3943 168 3992 qen
177 3932 228 3994 agit
238 3929 326 3977 Livius
335 3941 358 3976 c.
370 3925 410 3974 lla
421 3933 446 3974 ct
457 3941 522 3990 seqq.
546 3927 583 3975 llo
592 3943 637 3976 au·
670 3929 708 3975 vel
719 3929 750 3975 ab
763 3929 816 3988 ipso
830 3929 992 3988 epitomas-um
1006 3933 1183 3988 concionatore,

126 4001 171 4043 lem
189 4003 298 4058 tempore
326 4007 379 4040 non
402 3988 455 4054 jam
475 3998 564 4052 prator
585 3999 637 4040 arat
670 3991 847 4042 velalibmlis
857 3999 983 4054 moestum
994 4007 1046 4043 esse
1057 3996 1158 4043 videtur.

127 4059 256 4118 Macellus,
274 4059 318 4109 sad
337 4057 637 4120 praesentaremus
