3036 4972
413 213 506 274 nro.
527 215 629 276 xxu.
657 215 759 286 cnr.
785 179 867 276 nix.
1114 223 1170 278 ns

112 380 240 466 aliorum
262 399 302 442 er
327 378 475 444 Cannensi
491 401 598 466 pugneo
614 381 786 460 Romanunm
806 379 931 445 militem
951 389 1086 457 restare,-
1106 390 1311 446 romanon

112 467 232 530 deinum
244 465 328 547 parti
339 469 442 529 menius
454 467 594 552 pretium,
604 489 661 552 qrro
675 469 801 531 redemti
814 468 1046 532 dimitteremur:
1068 477 1167 546 arma',
1176 464 1207 508 A·
1219 463 1247 510 θ
1256 461 1312 508 Μ

110 553 141 616 in
161 553 272 636 quibas
293 551 370 615 nihil
384 549 456 636 jam
477 554 586 617 ausilii
605 563 679 630 aad
699 554 776 617 lvosti
798 553 1006 621 tradidimus.'
1030 553 1169 638 Majores

110 659 227 723 qrroque
249 643 458 719 aoreperamus
481 659 513 701 se
533 661 554 701 a
573 639 673 702 Gallis
694 659 767 704 auro
786 641 961 704 redemisse:
983 649 1013 704 et
1033 639 1169 724 ⁹⁶potres

111 729 242 801 oestros‘,
258 724 441 806 asperrimos
452 725 520 789 illos
533 726 577 789 ad
591 726 784 789 uenditionem
797 728 891 807 pacis,
906 725 1055 812 ⁹⁶legatos
1069 735 1169 792 tamen

111 810 298 894 captiuorum
319 810 557 874 redimendorum
576 813 682 892 gratia
701 813 863 878 Tarentum
884 813 1007 877 misisse.
1029 814 1122 898 atqui,
1138 823 1190 890 et,

112 899 154 960 ad
166 896 288 962 Alliam
308 917 374 959 cam
390 895 500 973 Galles,
516 906 546 959 et
565 895 639 960 ⁹⁷ad
653 897 837 962 Heracleam
857 921 924 962 arm
936 900 1067 984 Pyrrho,
1082 909 1169 964 ntra·

110 1005 166 1068 que
179 1003 244 1046 non
259 991 324 1046 tam
337 982 424 1074 clade
436 979 569 1064 infamis,
585 1004 674 1066 quom
691 1005 803 1066 pauore
817 1003 855 1047 ac
866 981 962 1069 suga,
977 1007 1082 1070 pugrta
1089 984 1169 1068 suit.

114 1071 286 1134 Cannenses
309 1089 427 1150 campos
451 1070 549 1133 acaoi
567 1070 768 1134 Romanorum
794 1091 948 1152 corporum
966 1080 1093 1155 tegunt:
1114 1093 1169 1136 nee

111 1159 303 1237 supersumus
313 1173 435 1240 pugna,
449 1155 506 1217 nisi
518 1155 550 1218 in
563 1156 668 1239 andus
688 1157 871 1220 trucidandis
884 1165 913 1220 et
917 1153 1035 1237 ferrum
1050 1166 1079 1219 et
1091 1158 1169 1222 uires

112 1242 226 1305 lrostem
240 1237 418 1321 desecarent.
460 1240 536 1305 Sunt
554 1241 646 1304 etiam
670 1243 708 1305 de
729 1243 836 1306 nostris
858 1243 989 1327 quidam,
1005 1243 1055 1327 qni
1078 1264 1116 1306 ne
1136 1243 1169 1308 in

111 1328 175 1390 acie
188 1327 311 1411 quidem
325 1323 519 1410 refugerunt:
541 1330 602 1404 sed,
614 1328 755 1410 predam
765 1329 868 1393 castris
879 1328 986 1407 relicti,
1000 1351 1091 1412 quum
1102 1351 1168 1394 cas-

112 1423 159 1478 tra
173 1415 376 1487 traderentur,
390 1415 421 1475 in
439 1417 614 1494 potestatem
628 1414 753 1477 hostiam
773 1421 921 1479 venerunt.
964 1415 1067 1478 Haud
1086 1416 1169 1500 equi-

112 1501 180 1563 dem
193 1498 284 1562 ullirrs
297 1497 369 1562 ciuis
383 1507 412 1561 er
428 1499 631 1562 commilitonis
636 1497 774 1581 sortunae
794 1511 849 1564 ant
870 1500 1028 1565 oonditioni
1041 1501 1167 1579 invideo,

112 1606 166 1648 nec
185 1585 346 1665 proruendo
368 1583 460 1647 alivum
482 1586 690 1670 metentulisse
710 1587 817 1650 velim:
839 1609 878 1650 ne
895 1587 939 1650 illi
954 1587 1084 1671 quidem,
1101 1589 1171 1672 (nisi

108 1671 297 1754 pernicitatis
306 1671 416 1752 pedum
438 1680 466 1733 et
487 1693 587 1735 carnus
601 1671 723 1756 aliquod
735 1673 887 1754 premium
902 1673 958 1754 est)
973 1673 1023 1757 qai
1036 1673 1171 1758 pleriqne

114 1757 242 1820 inermes
262 1777 301 1819 ee
325 1757 391 1820 acie
401 1754 562 1842 sugimtes
578 1779 638 1821 non
662 1759 754 1839 prius,
777 1779 866 1842 quam
887 1759 1019 1822 Venusia
1038 1769 1091 1823 aut
1108 1761 1170 1825 Ca·

116 1842 206 1918 nusii,
222 1843 420 1918 constiterunt,
431 1863 464 1906 se
483 1844 565 1907 nobis
585 1844 691 1908 merito
702 1845 896 1927 praetulm’nt,
910 1843 1091 1929 gloriatique
1100 1847 1170 1924 sint,

116 1927 149 1992 in
162 1949 195 1992 se
204 1927 284 2009 pirus,
299 1947 391 2013 quam
403 1929 436 1992 in
449 1930 542 2007 nobis,
556 1930 691 2012 medas
706 1929 874 2012 reipublicoe
888 1950 959 1994 esse.
1002 1930 1096 1997 ⁹8Sed
1110 1933 1172 1998 illis

115 2024 146 2078 et
159 2014 246 2077 bonis
258 2012 436 2094 assortibus
448 2015 590 2080 militibus
609 2017 753 2080 utemini:
775 2026 805 2079 et
818 2017 900 2080 nobis
913 2017 1005 2080 etiam
1023 2020 1170 2099 promtio-

113 2100 197 2165 ribus
204 2121 264 2182 pro
276 2099 389 2180 patria,
403 2104 481 2186 quod
495 2101 633 2182 beneflcio
645 2111 741 2166 oestro
753 2103 877 2166 redemti
890 2111 981 2186 atque
993 2103 1024 2165 in
1034 2106 1171 2185 patriam

114 2187 245 2252 restituti
249 2184 407 2267 fisa-imm.
451 2187 613 2252 Deiectum
624 2210 662 2252 en
675 2187 755 2252 omni
764 2198 852 2252 etate
866 2186 1027 2269 etsortana
1038 2190 1169 2254 habetis:

116 2283 183 2336 octo
203 2272 302 2336 millia
323 2292 473 2337 seruorum
493 2275 583 2338 audio
604 2274 728 2338 armari.
751 2296 812 2338 non
833 2275 930 2338 minor
947 2295 1084 2338 rrumerus
1104 2297 1171 2340 nos·

115 2369 160 2423 ter
185 2367 240 2435 est,
265 2379 318 2422 neo
338 2356 452 2442 majore
472 2360 570 2442 pretio
593 2360 701 2424 redimi
719 2381 884 2442 possumus,
905 2360 1049 2444 quam-lii
1070 2381 1171 2426 emun-

116 2453 171 2509 tur.
194 2465 269 2508 nam
297 2443 325 2506 si
353 2441 504 2525 oorvferm
531 2466 585 2509 nos
612 2467 678 2510 cam
705 2445 775 2523 illis,
802 2444 941 2530 iniuriam
968 2446 1082 2510 nomini
1107 2447 1171 2512 Ro·

116 2551 207 2596 mono
220 2527 351 2614 sociam.
395 2531 479 2593 Illud
498 2531 587 2594 etiam
605 2532 637 2594 in
660 2531 714 2595 toli
735 2531 852 2595 consilio
873 2531 1173 2600 animaduertendum

116 2618 202 2682 nobis
231 2622 377 2693 causeam,
405 2618 518 2681 Patres
552 2618 717 2699 comoripti,
750 2618 790 2698 (si
819 2627 919 2682 tamen
947 2620 1081 2684 duriores
1108 2642 1173 2686 esse

115 2703 224 2780 uelitis,
247 2703 328 2788 qaod
356 2702 439 2765 nullo
463 2707 566 2768 nostro
583 2705 687 2768 nterim
708 2700 853 2785 sociatis)
876 2706 923 2768 cni
947 2727 999 2770 nos
1024 2707 1101 2771 hosti
1124 2731 1172 2773 re·

120 2789 218 2854 lioturi
247 2789 322 2852 sitis.
365 2788 517 2874 ”Pyrrho
544 2790 686 2868 uidelicet,
715 2792 766 2876 qni
797 2811 850 2854 nos
880 2793 1021 2874 lespiam
1054 2813 1174 2858 numero

119 2875 221 2938 habuit
258 2873 397 2956 capdoos,
430 2895 471 2938 an
500 2876 626 2940 barbaro
662 2898 699 2940 ac
727 2879 844 2952 Poeno,·
879 2879 929 2963 qni
962 2887 1062 2942 utrum
1097 2899 1172 2944 aua·

118 2962 186 3037 rior,
203 2983 244 3025 an
259 2961 415 3036 crudelior,
430 2961 480 3036 sit,
496 2961 550 3026 uix
568 2963 734 3026 existimari
752 2973 862 3045 potest.
907 2963 942 3027 Si
961 2964 1087 3028 uideatis
1101 2964 1173 3030 ¹ca·

120 3056 213 3124 tenos,
236 3046 412 3130 squalorem,
427 3044 668 3127 desomnitatem¹
681 3049 784 3112 cinisem
804 3057 976 3126 vernorum,
999 3071 1059 3114 non
1080 3053 1175 3116 minus

115 3131 251 3217 prisseeto
264 3153 318 3196 nos
338 3155 376 3196 ea
389 3134 499 3214 speeies
512 3144 638 3215 moueat,
652 3155 742 3218 quam
755 3136 783 3198 si
797 3157 835 3200 ea
849 3136 945 3200 altera
965 3145 1054 3218 parte
1069 3157 1174 3202 cema-

119 3221 155 3281 tis
167 3227 286 3282 stratos
299 3219 500 3282 Cannernibus
510 3221 623 3302 campis
637 3220 762 3307 legiones
775 3229 902 3286 uestras.
944 3223 1062 3287 Intueri
1069 3233 1175 3305 potes-

119 3305 157 3368 tis
166 3305 391 3369 sollicitudinem
406 3314 435 3367 et
449 3305 590 3370 lacrimas
602 3306 635 3369 in
648 3306 786 3370 oestibrdo
799 3307 890 3371 cuma
902 3308 1046 3371 stantium
1061 3329 1174 3393 oogna-

287 3509 289 3514 .
327 3433 455 3489 'fnortror
466 3443 535 3490 Creu.
632 3445 864 3509 tdq‘orrn'tatemque
874 3447 948 3493 Gron.

150 3559 182 3606 9⁵
198 3558 287 3605 Patres
295 3557 394 3635 nostros]
412 3559 451 3606 Sic
462 3560 521 3606 olim
531 3562 599 3616 editi,
608 3568 633 3610 et
697 3564 729 3610 98
744 3561 791 3608 Sed
802 3563 849 3609 illis
859 3562 893 3626 et]
910 3561 989 3622 Leges
1007 3559 1085 3608 Sedet
1095 3560 1150 3608 illis.

118 3623 301 3683 tresesoriptis
317 3628 411 3668 nostris.
444 3625 496 3671 Nee
512 3625 582 3672 aliter
595 3625 632 3672 lo·
696 3627 728 3674 99
743 3625 838 3687 Pyrrha
854 3656 917 3675 ...·
934 3626 975 3686 qui
998 3639 1039 3672 nas
1059 3624 1176 3685 hospitum

118 3689 159 3748 qui
169 3694 274 3748 possunt
284 3687 311 3734 hi
322 3687 420 3746 captivi,
431 3689 477 3735 nisi
492 3702 518 3734 se
528 3689 573 3748 ipsi
585 3689 632 3736 Bo·
664 3704 757 3738 numera
768 3691 848 3737 habuit
856 3689 968 3752 captivos]
986 3690 1068 3736 Potest
1076 3689 1176 3750 quidem

117 3765 190 3798 mono
212 3747 268 3812 jum
294 3751 393 3797 nomine
419 3753 528 3799 abdionre
549 3754 631 3799 velint.
664 3756 751 3815 exponi
766 3756 852 3811 nor,id
866 3755 1029 3816 concaptivos
1041 3754 1175 3813 Romanos,

117 3815 171 3862 Non
199 3817 263 3862 bene
289 3827 346 3875 ergo
367 3815 502 3864 Gronovius
524 3818 631 3864 ediderat
663 3820 746 3880 quoles
764 3833 808 3866 nos
830 3833 922 3866 sumus.
956 3819 1002 3866 Sed
1020 3819 1066 3865 hoe
1082 3819 1176 3867 durius.

114 3884 300 3940 pdmuertros.
375 3912 378 3920 .
662 3885 745 3938 Quum
762 3885 837 3943 igitur
854 3884 908 3931 Put.
925 3885 1001 3931 codex
1019 3884 1175 3940 hebeninos,

149 3942 316 4003 magam.
329 3973 336 3988 ·
349 3972 374 3992 .·
389 3943 513 3990 Tarentum
530 3944 629 4007 misisse]
662 3949 763 3994 libenter
774 3951 908 4008 legeremus
918 3961 978 3996 suos.

117 4007 156 4053 Ad
168 4007 302 4069 Pyrrhum,
314 4009 357 4067 qui
373 4009 534 4054 aTarentinis
545 4009 570 4054 ln
583 4010 631 4056 Its·
696 4011 708 4058 l
728 4013 836 4066 Catenae,
855 4013 992 4072 squalorem,
1006 4011 1176 4073 munitatem

117 4069 174 4118 liam
186 4072 290 4128 nocitus,
300 4073 397 4118 illorum
409 4075 493 4119 urbem
506 4075 610 4120 tenebat.
663 4077 749 4122 rivium
765 4076 904 4139 sensorum]
924 4077 978 4124 Hoc
989 4077 1094 4125 vividius
1110 4078 1177 4124 vido·

149 4133 252 4182 wAd
267 4135 408 4182 Heracleum
423 4149 475 4182 rum
491 4136 595 4196 Pyrrho.
605 4166 631 4182 .·
665 4147 704 4186 tur
715 4141 749 4186 sie
760 4140 879 4200 prolatum
890 4143 1177 4203 perosyndeton,quam,

115 4199 209 4262 pagna]
233 4200 290 4256 Qus
307 4200 423 4246 Laevinus
438 4202 522 4248 consul
544 4201 632 4247 Romu·
664 4213 692 4250 ut
712 4206 793 4265 vulgo,
813 4203 1033 4266 deformitatemque.
1065 4203 1177 4252 Basieni-

118 4275 164 4308 nus
180 4265 261 4311 vietus
279 4271 326 4318 est,
346 4279 423 4324 quum
442 4265 563 4326 elephanti
581 4277 633 4312 mn·
664 4281 720 4315 mus
730 4270 891 4328 copulativam
903 4284 933 4316 ex
948 4271 1090 4318 suntor-itote
1102 4271 1177 4320 trium

117 4327 183 4374 xime
192 4329 267 4374 odore
283 4334 309 4374 et
320 4327 372 4375 vi'su
388 4331 485 4376 insolito
499 4343 573 4390 equos
584 4329 633 4376 uo·
664 4333 702 4380 vel
713 4335 859 4398 optimorum
872 4333 943 4381 MSS.
1043 4373 1045 4380 .

118 4403 245 4440 munorum
256 4395 403 4440 turbassent.

706 4469 766 4525 ΚΒ
