3140 4972
434 139 529 202 ΗΒ.
551 137 653 202 XXV.
678 141 740 202 CA
749 141 782 203 P.
809 139 926 202 xxvi.
1011 192 1014 196 .
1159 146 1220 218 2⁸⁶

151 307 192 372 in'
209 301 278 372 arlo
302 304 450 372 Romana
472 305 584 372 classis
601 325 668 372 non
683 306 807 391 'pterea
826 327 900 372 cum
924 305 1058 396 triginta
1076 305 1367 395 quinquennum.

150 393 288 458 naribus
301 415 343 460 ex
364 405 460 480 portu
476 395 676 480 Syracusano
695 392 865 479 profectus,
882 393 983 460 libero
1003 394 1085 460 mari
1102 393 1173 460 vela
1185 384 1298 460 inM’
1310 384 1366 438 ²¹²·
1403 394 1406 400 ’

151 479 254 546 altam
273 478 371 557 dedit,
389 480 531 567 quinque
550 491 583 544 et
603 480 744 567 quinqua
769 481 835 544 ‘nta
855 481 990 546 navibus
1011 479 1166 568 Epicydae
1187 495 1222 548 et

152 567 367 654 Syracusanis
381 566 515 632 relictis:
530 565 713 651 edoctisque
759 565 1057 654 arthaginienaibus,
1072 569 1105 634 iu
1120 587 1221 655 quan·

152 665 189 718 to
215 675 265 718 res
292 653 493 741 Syracusana
517 651 699 718 discrimine
723 666 814 730 esset,
838 675 912 718 curn
936 668 1064 720 centurn
1089 652 1222 723 naribus

151 752 227 827 post
247 761 367 826 paucos
389 739 458 804 dies
477 739 571 820 redit,
586 738 694 804 multis
709 744 760 823 (ut
782 737 864 806 butu
887 742 949 823 ast)
964 740 1057 806 donis
1078 763 1119 806 ex
1138 739 1222 806 Hie·

151 825 243 894 ronis
300 847 337 892 ua
350 826 392 892 ab
408 825 553 912 Epicyde
566 824 713 891 donatus.

198 912 236 978 X
275 911 335 978 VI.
359 911 542 992 Marcellus,
560 911 701 999 Euryalo
715 924 843 998 recepto
864 911 1077 1000 praesidioque
1098 914 1220 992 addito,

152 1022 221 1066 una
242 1021 320 1066 cura
338 1014 407 1066 erat
428 998 520 1080 liber,
535 1021 577 1064 ne
590 1021 655 1086 qua
668 997 709 1064 ab
733 998 886 1087 tergoris
905 997 1045 1064 hostium
1068 1001 1100 1065 in
1115 1021 1222 1067 arcem

153 1099 288 1173 accepta
320 1085 460 1152 inclusos
494 1086 718 1173 inpeditosque
758 1085 917 1152 moenibus
956 1107 1030 1152 suos
1068 1090 1223 1154 turbaret.

155 1173 377 1238 Achradinam
399 1173 484 1250 inde,
500 1173 591 1240 trinis
612 1173 723 1238 castris
743 1195 802 1260 per
823 1172 938 1239 idonea
954 1172 1116 1257 dispositis
1137 1173 1349 1256 loremarius-

154 1281 213 1346 ape
233 1260 275 1325 ad
300 1259 441 1346 inopiam
464 1259 608 1324 omnium
635 1279 741 1324 rerum
766 1257 902 1325 inclusos
922 1259 1137 1337 redacturum,
1160 1262 1365 1326 cir-mhi·

154 1345 324 1412 cumsedit.
368 1345 480 1424 Quum
500 1368 559 1432 per
580 1344 701 1433 aliquot
722 1345 790 1411 dies
807 1347 924 1433 quietas
945 1347 1096 1414 stationes
1111 1330 1280 1412 mrim-“¹⁰
1502 1432 1504 1441 Ι

153 1455 221 1517 que
245 1431 386 1511 fiderent,
408 1446 538 1518 repente
558 1431 712 1498 adrentus
731 1427 940 1519 Hippocratis
962 1448 994 1498 et
1017 1433 1222 1512 Himilconis,
1232 1445 1369 1506 rapport·-

156 1533 194 1584 ut
222 1521 309 1586 ultro
336 1519 475 1604 undique
504 1519 766 1606 obpugnarentur
793 1520 944 1596 Romani,
973 1517 1059 1586 fecit.
1087 1543 1162 1586 nam
1190 1507 1364 1588 mmm·

158 1605 389 1692 Hippocrates,
418 1606 528 1671 caatris
555 1605 631 1672 ⁶²ed
664 1627 815 1692 magnum
847 1619 978 1691 portum
1006 1607 1223 1686 communitis,
1232 1575 1387 1701 Ξὲξῗέζη.

396 1691 1311 1866 irritaremmnmmnw

154 1866 254 1952 oydes
275 1865 475 1967 eruptionem
495 1865 530 1931 in
544 1865 695 1932 stationes
710 1864 858 1930 Marcelli
878 1801 968 1932 fecit:
992 1880 1024 1932 et
1037 1827 1143 1934 olitaria
1160 1868 1225 1934 Pu·

155 1953 233 2018 nica
257 1952 354 2030 tiron,
375 1951 464 2040 quod
487 1951 569 2018 inter
591 1952 703 2018 urbem
723 1964 755 2016 et
777 1963 879 2017 castra
902 1953 1048 2018 Romana
1072 1967 1151 2033 erat,
1167 1954 1222 2022 ad·

157 2039 252 2126 pulsa
272 2051 340 2118 est3
361 2060 403 2104 ne
425 2037 503 2125 quid
528 2038 668 2124 presidii
687 2037 837 2124 Crispino
858 2038 1002 2104 submitti
1023 2063 1045 2104 a
1067 2039 1226 2108 Marcello

158 2137 278 2213 posset.
300 2125 491 2192 Tumultum
502 2137 608 2190 tamen
618 2124 770 2212 majorem
782 2123 1223 2214 hostesproebuerunt,quam

155 2216 332 2280 certamen.
353 2233 429 2278 nam
450 2224 483 2278 et
498 2211 667 2313 Crispinus
690 2212 912 2297 Hippocraten
933 2233 999 2278 non
1017 2213 1137 2300 repulit
1155 2226 1226 2280 tan·

157 2311 229 2366 tum
256 2298 471 2377 munimentis,
494 2298 549 2364 aed
575 2310 735 2364 insecutus
759 2297 853 2364 etiam
882 2312 928 2366 est
953 2300 1076 2386 trepide
1099 2299 1226 2404 fugian-

156 2399 243 2452 tem:
266 2396 299 2452 et
319 2384 487 2474 Epicyden
510 2384 685 2452 Marcellus
710 2385 743 2450 in
767 2385 878 2452 urbem
904 2387 1067 2472 compulit.
1090 2402 1227 2473 retiaque

8 2481 11 2536 l
152 2473 222 2559 jam
240 2474 336 2540 etiam
356 2473 391 2538 in
410 2483 572 2560 posterum
590 2471 756 2538 videbatur
776 2473 951 2558 provisum,
967 2473 1102 2563 nequid
1121 2474 1163 2540 ab
1177 2495 1227 2542 re·

158 2560 298 2644 pontinia
322 2581 433 2624 eorum
459 2558 700 2625 excursionibus
728 2558 861 2644 periculi
889 2560 980 2628 soret.
1026 2563 1169 2630 Accessit
1191 2572 1228 2630 et

157 2646 349 2732 pestilentia,
363 2667 533 2712 commune
553 2645 683 2724 malum,
705 2644 792 2732 quod
815 2646 906 2712 facile
931 2660 1137 2737 utrorumque
1156 2650 1386 2714 sni-Petuaria.

158 2757 231 2798 mos
245 2745 400 2800 areneret
413 2757 434 2798 a
448 2731 523 2798 belli
537 2732 688 2798 consiliis.
709 2755 784 2798 narn
801 2745 945 2820 tempore
959 2737 1118 2818 autumni,
1132 2749 1165 2803 et
1178 2734 1227 2802 lo·

154 2821 204 2886 cis
219 2833 334 2886 natura
347 2819 509 2908 gravibus,
525 2819 627 2886 multo
641 2829 748 2888 umen
767 2820 870 2907 magis
884 2834 974 2888 extra
989 2822 1112 2901 urbem,
1129 2843 1227 2911 quatu

158 2907 194 2972 in
212 2906 304 2984 urbe,
320 2906 520 2983 intoleranda
537 2907 584 2970 ria
604 2919 702 2974 aestus
723 2928 783 2990 per
801 2921 937 2994 utraque
957 2922 1060 2974 castra
1078 2912 1227 2978 onmium

157 2991 260 3060 ferme
280 3015 417 3080 corpora
436 2992 546 3060 movit.
592 2991 636 3060 Et
657 2993 762 3079 primo
785 2994 937 3082 temporis
957 3019 995 3062 ao
1017 2995 1081 3062 loci
1098 2997 1177 3064 vitio
1196 3009 1229 3064 et

152 3081 239 3170 aegri
261 3093 363 3158 erant,
379 3093 411 3147 et
432 3079 669 3146 moriebanturr
694 3093 802 3164 postea
819 3081 944 3147 curatio
957 3082 1035 3169 ipsa
1051 3098 1084 3150 et
1098 3098 1229 3152 contac-

157 3180 212 3233 tus
226 3189 387 3256 aegrorum
402 3166 553 3254 vulgabat
574 3166 723 3230 morbos:
748 3178 784 3230 ut
803 3179 859 3234 aut
879 3168 1015 3256 neglecti
1034 3169 1227 3260 desertique.

185 3253 218 3320 ui
236 3253 431 3332 incidissent,
449 3265 658 3334 morerentur,
672 3265 728 3319 aut
749 3253 928 3320 adsidentes
948 3255 1160 3344 curantesque
1175 3279 1230 3324 ea·

157 3275 234 3406 dem
248 3341 280 3405 vi
299 3339 404 3406 morbi
426 3343 563 3424 repletos
585 3361 692 3404 secum
712 3339 891 3406 traherent:
915 3342 1165 3430 quotidianaque
1178 3343 1229 3408 fu·

158 3449 239 3492 nera
262 3440 295 3492 et
317 3448 404 3491 mors
427 3427 469 3491 ob
494 3425 603 3490 oculos
629 3437 718 3504 esset,
741 3438 773 3490 et
798 3426 941 3514 undique
964 3427 1031 3493 dies
1056 3443 1231 3517 noctesque

157 3512 303 3600 ploratus
317 3510 513 3579 audirentur.
560 3511 727 3578 Postremo
741 3512 786 3578 ita
805 3514 1011 3579 adsuetudine
1027 3516 1103 3581 mali
1117 3515 1229 3582 effera-
1321 3565 1323 3570 -

158 3613 271 3667 verant
288 3601 425 3678 animos,
449 3609 485 3664 ut
506 3597 607 3664 ωιιοιι
634 3598 731 3664 modo
751 3598 888 3665 lacrimis
908 3602 1062 3689 justoque
1085 3603 1230 3690 complo-

159 3699 232 3752 ratu
257 3698 525 3790 prosequerentur
545 3698 699 3764 mortuos,
715 3677 770 3751 sed
793 3708 835 3752 ne
855 3686 1004 3754 efferrent
1017 3688 1158 3776 quidem,
1172 3701 1230 3758 aut

160 3771 340 3860 sepelirent,
352 3783 558 3860 jacerentque
571 3783 671 3837 strata
690 3771 836 3838 exanima
851 3795 988 3860 corpora
1007 3775 1042 3839 in
1056 3789 1229 3864 conspectu

158 3857 293 3924 similem
324 3873 460 3924 mortem
490 3859 761 3944 exspectantium
792 3861 975 3948 mortuique
1006 3884 1120 3952 aegros,
1150 3867 1230 3955 aegri

160 3945 291 4024 validos,
306 3967 379 4011 cum
404 3957 503 4027 metu,
519 3960 587 4010 tum
608 3947 681 4010 tabe
699 3968 736 4010 ac
760 3945 907 4032 pestifero
926 3947 1026 4014 odore
1044 3971 1227 4038 corporum,

119 4223 122 4230 ·
153 4243 157 4250 .
189 4189 676 4267 52Admagnnmprrtum]1)uaapor·
709 4201 837 4266 majorem.

158 4270 198 4312 tus
214 4265 341 4327 Syracusae
356 4268 457 4325 habent,
468 4281 529 4328 qnos
545 4269 629 4316 Insula
641 4269 677 4316 di·
741 4269 774 4316 53
790 4269 848 4314 Non
864 4267 942 4331 modo]
960 4269 1017 4318 Nou
1034 4269 1108 4318 modo
1124 4283 1184 4327 non,
1201 4273 1228 4313 ut

155 4329 216 4376 vidit
231 4332 319 4378 adem
335 4339 360 4378 et
376 4331 458 4388 effldt,
477 4335 581 4380 altemm
601 4333 677 4380 altero
705 4329 758 4396 jem
770 4332 897 4397 aliquoties
908 4335 1085 4386 annotavimus
