3036 4972
190 181 192 188 .
296 139 353 216 ¹⁹⁰.
680 131 792 194 ruri
819 133 956 198 urvrr

133 301 163 356 u,
173 303 266 362 catu.
292 299 352 363 uim
366 299 566 384 uirtutemque
577 297 653 362 calo.
689 295 877 384 Eaprrgna're
892 297 1013 376 Nmm,
1027 309 1221 386 carpetram
1234 298 1351 376 rubeus,

89 456 91 460 ¹
132 367 201 422 Μ·
213 369 267 426 ²¹⁵*
291 385 499 472 constumias,
515 385 672 449 noumcn'
684 393 809 466 semum.
831 384 903 448 hinc
921 405 972 450 cos
985 407 1023 448 ea
1036 397 1099 450 tam
1116 389 1261 470 opulento
1274 385 1349 452 urba

283 474 397 554 prada
410 473 577 556 spoliisque
587 479 708 535 anuum
721 473 769 536 uel
781 471 897 547 ducam,
913 491 972 554 qtco
983 473 1100 550 coletis,
1116 475 1163 546 uel
1175 494 1296 558 sequar.

333 557 464 644 XLVI.
484 558 557 622 Nec·
574 555 663 634 bene,
678 577 737 620 uec
758 554 841 620 male
854 555 941 622 dicta
963 556 1149 640 profuerunt
1166 558 1208 624 ad
1229 557 1349 624 confir..

288 643 422 708 mandas
435 643 565 708 annuos.
610 641 720 717 Quum
739 642 826 708 omni
847 653 937 728 parte
957 642 1159 728 pellerentur,
1177 643 1348 710 Romanis-

288 743 541 814 quecrescerant
558 727 665 804 animi,
681 749 745 792 non
767 726 847 796 duce
867 727 969 795 solum
991 728 1188 808 adhortante,
1204 730 1258 796 sed
1276 713 1345 794 No-

286 813 483 880 lanisetiam
504 837 569 900 per
587 813 768 890 clamorem,-
790 813 903 881 fauoris
928 815 1079 894 indicem,
1099 816 1343 885 accendentibus

129 905 197 960 reat
206 909 243 960 tu.
286 901 433 967 ardorem
447 925 575 990 pugnae,
589 915 679 987 terga
694 898 788 964 Poeni
805 900 970 978 dederuut,
985 916 1081 988 etque
1093 902 1126 966 in
1141 915 1242 969 castra
1256 925 1345 966 cour-

124 979 370 1094 &grippum
381 1001 465 1053 sunt.
481 1011 554 1075 quse
567 986 753 1086 obpugnare
766 986 930 1071 cupientes
941 987 1054 1088 militas
1070 989 1233 1057 Romanos
1249 987 1341 1060 Mar-

249 1072 256 1088 '
285 1073 382 1140 calluc
399 1074 515 1142 Nolam
537 1072 690 1150 reduxrt¹¹,
706 1093 780 1136 cum
802 1093 919 1160 magno
963 1074 1057 1148 audio
1078 1087 1110 1139 et
1130 1075 1342 1162 gratulatione

284 1159 379 1225 etiam
394 1161 507 1248 plebis,
521 1183 594 1246 quae
607 1171 679 1224 ante
696 1158 877 1223 inclinatior
891 1159 932 1224 ad
976 1159 1192 1228 oeuosfuerat.
1228 1160 1342 1226 8Ηοε-

284 1246 369 1310 tium.
388 1247 460 1332 plus
482 1243 736 1346 quinquemillia
758 1266 839 1310 caesa
860 1267 902 1309 eo
920 1245 981 1321 die,
998 1246 1063 1309 vivi
1084 1247 1169 1332 capti
1189 1249 1341 1325 sexcenti,
1392 1289 1396 1292 -

281 1343 318 1396 at
328 1332 420 1419 signa
430 1331 589 1396 ⁴mibrariu
609 1330 816 1418 undeviginti,
830 1343 862 1396 et
874 1331 941 1396 duo
954 1330 1124 1416 elephanti.
1145 1345 1283 1419 quatuor
1304 1335 1338 1398 in

280 1417 349 1482 acie
370 1417 474 1483 occisi.
521 1419 740 1483 Romanorum
758 1417 863 1480 minus
884 1416 971 1483 mille
991 1417 1154 1484 interfecti.
1176 1431 1339 1504 posterum

279 1501 365 1566 diem
392 1502 529 1569 induciis
554 1503 665 1581 tacius,
689 1502 867 1587 sepeliendo
891 1503 1051 1590 utrimque
1073 1525 1171 1571 caesos
1197 1506 1238 1568 in.
1256 1505 1347 1584 acie,

278 1601 528 1659 consumserunt.
572 1589 682 1675 Spolia
702 1587 841 1654 hostium
857 1589 1039 1667 Marcellus,
1055 1590 1201 1656 Vulcano
1216 1604 1334 1670 votum,

277 1675 439 1742 cremarit.
484 1673 595 1740 Tertio
624 1687 695 1759 post
722 1675 774 1740 die
800 1676 855 1760 (cb
880 1675 959 1742 iram
987 1676 1082 1742 credo
1111 1676 1258 1764 aliquam,
1281 1689 1340 1752 aut

277 1782 366 1846 spem
395 1761 593 1826 liberalioris,
609 1761 744 1842 militiae)
773 1760 859 1826 mille
887 1761 1015 1827 ducenti
1043 1763 1241 1851 septuaginta
1268 1763 1336 1828 duo

276 1848 516 1933 equites,.mixti
532 1848 683 1912 Numida
702 1847 914 1933 Hispanique,
930 1849 970 1912 ad
992 1847 1179 1915 Marcellum
1201 1849 1337 1915 transfu-

167 1944 169 1955 '
316 1948 529 2000 runt..eorum
543 1934 617 1999 forti
632 1933 813 2019 fideliquec
854 1933 936 1998 rain
951 1955 991 1998 eo
1004 1933 1087 2000 bello
1102 1935 1149 2000 usi
1164 1949 1237 2000 sunt
1251 1957 1337 2021 saepe

273 1955 425 2086 amani.
470 2023 558 2108 Ager
580 2020 735 2106 Hispanis
759 2019 793 2082 in
814 1955 985 2104 liispauia,
1004 2021 1152 2086 Numidis
1173 2021 1208 2087 in
1226 2021 1338 2088 Africa

272 2119 347 2192 past
369 2108 499 2186 bellum,
521 2107 646 2172 virtutis
668 2127 792 2182 cauma,
810 2105 913 2177 ⁹latus
936 2105 1029 2174 datus
1054 2119 1110 2172 est.
1155 2106 1338 2191 Hannibal,-

272 2193 315 2258 ab
336 2195 424 2260 Nola
444 2194 578 2260 remissa.
595 2193 628 2256 in
653 2191 795 2271 Bruttios
810 2191 990 2268 Hannone,
1007 2215 1080 2260 curn
1101 2193 1217 2279 quibus
1238 2203 1334 2260 vene·

272 2282 454 2437 {tutti
470 2277 1335 2449 ltttloepiittt“tittttttiltnt't

272 2453 403 2530 audivit,
429 2452 587 2518 frumento
611 2452 651 2516 ab
675 2450 760 2515 Nola
786 2449 984 2536 Neapolique
1009 2452 1042 2516 iu
1067 2474 1105 2516 ea
1129 2465 1231 2520 castra
1256 2471 1335 2516 cou-

185 2611 191 2623 Ι
270 2551 372 2616 reato,
388 2559 572 2625 quaesuper
588 2536 767 2604 Suessulam
785 2549 884 2612 erant,
901 2535 1167 2623 munimentisque
1185 2536 1333 2615 firmatis,

270 2636 303 2688 et
323 2623 484 2709 praesidia,
500 2623 585 2710 quod
610 2645 667 2708 per
688 2621 821 2687 hiberna
842 2621 867 2660 ¹⁰
875 2621 917 2686 ad
938 2623 1106 2689 tutandum
1128 2622 1235 2691 locum
1256 2625 1333 2688 satie
1355 2663 1357 2670 ,

270 2725 362 2793 esset,
386 2710 507 2789 relicto,
530 2711 596 2796 ipse
623 2709 766 2794 Capuam
790 2708 921 2793 propius
946 2710 1045 2774 movit
1067 2721 1178 2788 castra,
1202 2731 1333 2795 agrum-

269 2798 548 2883 quaoampanum
559 2794 650 2859 ferro
667 2794 794 2880 ignique
810 2805 857 2858 est
870 2793 1097 2880 depopulatus„
1112 2797 1213 2862 donec
1227 2796 1330 2860 coacti

209 2909 213 2916 ·
269 2896 344 2948 sunt
357 2881 524 2967 Campani,
540 2880 619 2944 nihil
641 2879 817 2946 admodum
835 2879 953 2945 uiribus
973 2881 1041 2976 suis.
1058 2881 1203 2960 fidentes,
1221 2882 1334 2969 egredi

267 2971 387 3054 portis,
405 2982 439 3034 et
459 2980 563 3033 castra
588 2979 662 3034 ante
683 2965 794 3031 urbem
820 2966 857 3030 iu
879 2977 991 3050 aperto
1012 2969 1219 3034 communire.
1264 2970 1334 3036 Sex

234 3054 237 3064 ’
270 3055 369 3119 millia
398 3071 593 3124 armatorum
622 3051 790 3130 habebant,
821 3053 959 3136 peditem
988 3051 1155 3136 inbellem:
1187 3054 1329 3138 equitatu

266 3143 339 3227 plus
364 3153 526 3227 poterant.
543 3141 650 3226 itaque
674 3138 871 3226 equestribus
895 3137 1238 3222 praelitalacessabaut
1254 3139 1334 3208 hosa

104 3239 225 3288 tubertus
267 3242 340 3292 tam
388 3226 620 3294 romanatos.
636 3225 757 3292 nobiles
772 3225 890 3311 equites
906 3224 1087 3309 Campanas
1103 3225 1254 3292 Cerrinus
1269 3226 1331 3292 Ju-

103 3304 207 3355 Taurea.
266 3314 382 3382 belliue
394 3328 477 3393 erat,
499 3313 700 3402 cognomine·
712 3309 848 3388 Taurea.
871 3309 947 3374 civis
971 3311 1114 3380 indidem
1136 3325 1215 3392 erat,
1232 3312 1331 3401 longe
1423 3371 1428 3380 .

264 3404 409 3467 omnium
436 3401 674 3486 Campanorum
698 3397 884 3464 fortissimus
910 3419 1026 3483 equcst
1053 3398 1134 3462 adeo
1159 3413 1205 3477 ut,
1221 3421 1327 3485 ,quum

654 3542 668 3569 ¹¹
678 3537 768 3585 reducit
780 3539 854 3586 Grcn'.
866 3540 936 3586 Creu.
975 3553 979 3561 ’

263 3656 457 3718 limma,
475 3657 563 3712 Euius,
575 3658 602 3700 ut
610 3655 667 3716 jam
680 3655 719 3710 tta,
732 3656 791 3704 ctat.
811 3655 906 3706 codicia.
918 3656 1036 3716 scriptura
1055 3653 1200 3704 Gronovius.
1231 3656 1265 3704 Et
1283 3659 1328 3704 ad·

261 3720 325 3766 hoec:
343 3737 416 3782 quem
429 3724 464 3770 ad.
476 3723 557 3766 locum
574 3725 642 3764 notat
654 3720 727 3764 Gron.
738 3721 780 3764 nb-
811 3721 941 3786 stipulaqrr
953 3719 1016 3767 Plut.
1029 3721 1054 3766 in
1067 3721 1144 3776 Marc.

262 3797 370 3832 servasse
388 3787 495 3832 eruditos
512 3798 543 3830 ex
562 3783 656 3837 Plauto,
673 3784 778 3842 particu-
843 3783 859 3830 9
875 3783 950 3831 Latus
965 3785 1032 3832 datur
1048 3785 1093 3848 ert]
1114 3783 1181 3831 Dete
1190 3797 1276 3831 rocem
1291 3786 1328 3832 lau

261 3850 384 3896 lamentat
396 3843 519 3896 iuterddm
536 3861 551 3892 a
567 3848 646 3892 fronte
664 3847 778 3892 orationis
811 3851 857 3903 tua,
881 3861 937 3907 quae
965 3850 1024 3894 nihil
1050 3849 1117 3896 aliud
1144 3863 1196 3896 ease
1220 3850 1325 3909 videtur,
1358 3889 1360 3896 ,

261 3913 362 3959 induere
385 3914 435 3960 vim
459 3911 626 3969 adumar,
648 3917 672 3958 et
693 3912 778 3960 eadem
810 3925 884 3972 quarn
901 3912 988 3962 vitiosa
1000 3913 1112 3973 repetitio
1123 3912 1239 3960 addatu-
1273 3914 1326 3960 Nec

195 3986 199 3992 ·
261 3977 425 4036 viponi,qua
434 3973 541 4038 junctim
553 3975 778 4031 aliasateuim,red-
810 3989 863 4022 eam
875 3977 1013 4023 habetPut.
1025 3978 1308 4036 codexamanuprima.

260 4042 336 4098 entur..
348 4041 405 4088 Vid.
421 4039 499 4089 Plaut.
511 4039 620 4100 Epidico,
632 4042 688 4089 Act.
698 4039 777 4094 V.Sc.
843 4039 874 4092 lo
889 4038 929 4084 Aa
953 4042 1075 4088 tutandum
1095 4040 1181 4103 mmm]
1214 4042 1326 4104 Plerique

261 4099 284 4151 2.
294 4119 316 4150 v.
326 4103 365 4151 36.
378 4110 403 4150 et
415 4103 496 4159 Persa,
508 4105 563 4150 Act.
573 4103 606 4150 11.
620 4104 658 4152 Sc.
670 4105 694 4160 2.
704 4119 728 4153 v.
738 4103 777 4154 54.
809 4104 942 4164 scripura
956 4103 1087 4165 petendari.
1120 4105 1218 4152 Unuse
1237 4107 1326 4153 nostris

293 4168 309 4216 8
325 4168 438 4220 Hostiam
451 4169 506 4230 plna
521 4169 621 4230 quinque
634 4169 709 4216 mitta
719 4182 777 4216 cura
808 4167 839 4214 ad
849 4169 988 4216 tmeadum:
999 4170 1064 4230 quod
1071 4181 1155 4216 verum
1164 4176 1213 4216 est:
1228 4175 1252 4217 et
1263 4183 1326 4230 prae·

261 4263 287 4278 ..
298 4263 306 4278 .
317 4263 324 4278 .
336 4233 385 4285 uiui
395 4235 458 4294 capta·
467 4232 580 4294 aaran}
589 4233 653 4288 -Hor¹
661 4247 776 4282 numeros
807 4239 904 4294 ceperat
910 4229 964 4294 jam
975 4230 1113 4296 conjectura
1124 4235 1268 4283 Gronovius.

259 4297 322 4346 eruit
332 4311 363 4345 ex
373 4299 508 4346 nummata
522 4298 674 4360 aliquantum
689 4297 776 4358 optimi
