3122 4962
483 163 847 233 sruxxvrenn.
877 171 926 230 ur.
1101 179 1105 191 ⁴
1174 168 1232 236 snt
1324 159 1331 164 '

172 334 302 421 sitisque
313 336 466 422 praesidiis
477 337 517 402 od
529 337 704 403 custodiam
715 337 814 414 urbis,
825 335 1041 401 Tarraconem
1052 344 1100 398 est
1110 327 1234 418 prosse·
1244 355 1310 404 uo.
1321 327 1385 406 ⁵42„¹

172 435 234 498 tus,
250 445 269 486 a
282 423 390 493 multis
403 423 613 510 legationibus
628 425 772 508 protinus
786 425 818 488 in
831 424 881 486 vis
894 423 1010 487 aditus.
1024 441 1102 508 quas
1118 419 1232 506 purtim
1241 423 1273 470 A.
1282 423 1310 469 ὓ·
1322 423 1378 470 ²1¹2

169 509 248 572 dsto
269 531 422 594 responso
442 533 485 575 ex
507 511 618 575 itinere
639 511 771 588 dimisit,
792 511 909 597 partim
931 507 1052 574 distulit
1074 487 1397 600 'serraco-ffiffmffl'

172 617 257 673 nem,
273 618 338 683 quo
363 597 521 662 omnibus'
533 599 623 662 novis
636 599 778 663 veteribu
819 620 857 662 ue
878 595 971 661 sociis
991 595 1136 660 edixerat
1156 615 1234 659 eon-

169 693 310 746 ventum.
356 681 399 748 Et
421 684 528 749 cuncti
548 683 694 770 feretqui
717 687 761 748 cis
780 619 915 750 llterum
937 684 1091 756 incolunt,
1113 680 1232 766 populi,

169 765 264 832 multi
279 769 374 833 etiarn
394 768 586 836 “ulterioris
601 771 775 855 provinciae
789 782 1014 836 convenerunt.
1060 767 1235 854 Ksrthsgis

170 853 328 919 niensium
344 854 438 920 duces
453 857 557 943 primo
572 880 610 924 ex
626 856 781 922 industris
794 855 910 922 famam
933 869 1035 941 csptae
1059 853 1233 942 Karthagi-

169 940 220 1004 nis
234 956 502 1027 compresserunt:
524 943 649 1020 deinde,
667 957 701 1009 ut
716 943 831 1009 clarior
850 965 900 1008 res
914 955 991 1020 erat,
1008 963 1103 1027 quarn
1119 954 1155 1005 ut
1169 941 1233 1028 tegi

170 1047 208 1090 ac
223 1027 413 1094 dissimulari
428 1042 543 1115 posset,
559 1030 724 1096 elevabant
734 1030 848 1096 verbis.
891 1030 1087 1113 Neeopinato
1100 1031 1233 1092 adventu

170 1135 209 1176 oe
227 1135 329 1198 prope
339 1116 436 1200 fimo
457 1119 549 1182 unius
570 1119 635 1182 diei
655 1118 755 1183 urbem
777 1139 869 1181 unam
892 1117 1061 1200 Hispania
1081 1116 1232 1198 intercep-

171 1209 244 1264 tam.
273 1201 357 1286 eujus
378 1204 427 1267 rei
449 1214 512 1268 tam
531 1225 643 1286 pamae
660 1207 791 1287 praemio
816 1207 927 1268 elutum
953 1204 1126 1267 inmlentem
1140 1201 1233 1286 juve-

171 1306 248 1364 nem,
264 1287 458 1376 &inmodicos
468 1293 588 1376 gaudio
607 1294 735 1374 speciem
756 1311 876 1376 moguae
897 1291 1035 1354 victorie
1057 1290 1232 1372 inposuisse.

172 1372 227 1449 At,
242 1374 296 1438 ubi
309 1377 562 1460 adpropinquare
583 1387 644 1442 tres
658 1379 756 1454 duces,
771 1388 832 1442 tres
854 1379 983 1442 victores
996 1376 1125 1438 hostium
1147 1377 1233 1438 eser-

171 1459 248 1524 sitm
272 1463 417 1538 audisset,
444 1463 636 1528 obcursurom
662 1467 693 1528 ei
720 1466 867 1547 extemplo
892 1464 1117 1526 domesticorum
1132 1461 1234 1546 fitne-

172 1567 238 1609 rum
262 1551 443 1614 memorium.
491 1547 575 1614 Heec
600 1551 632 1614 in
658 1549 769 1637 vulgus
787 1548 963 1635 jactabant,
987 1547 1233 1634 haudquaquam

173 1630 232 1716 ipsi
248 1633 362 1720 ignari,
373 1648 528 1720 quantum
544 1635 605 1700 sibi
619 1637 659 1701 sd
674 1637 781 1701 omnis
792 1637 919 1713 virium,
934 1634 1131 1722 Karthagine
1140 1633 1234 1698 amis-

172 1739 218 1796 su,
234 1719 422 1786 decessisset.

205 1906 238 1954 64
257 1907 380 1956 rutmors
398 1911 540 1976 provincie]
570 1912 687 1960 Nondum
719 1927 775 1960 rum
786 1913 868 1971 lectio,
880 1913 997 1958 ulterioris
1008 1911 1143 1972 Hispanie-

174 1971 295 2033 Hispania
305 1975 405 2023 ulterior
416 1977 479 2023 intes
495 1978 629 2038 provincius
641 1979 688 2024 Ro·
752 1977 941 2024 65'1mmods’eo
948 1975 1048 2038 gaudio]
1066 1977 1113 2022 Per
1121 1975 1235 2022 immodi-

173 2051 259 2083 manns
279 2045 338 2086 erat.
372 2041 418 2088 Sed
436 2047 479 2087 aut
493 2056 521 2088 eo
536 2043 632 2102 respicit
647 2043 689 2096 Εἰ,
720 2055 776 2090 curn
785 2042 1234 2102 gaudiumquocarthsginisexpug·

174 2101 238 2160 vius,
256 2103 320 2164 quod
342 2103 442 2152 Publius
462 2105 599 2168 Cnesusqne
620 2114 689 2168 pater
721 2108 843 2154 nationem
863 2107 1008 2164 celebrabat,
1027 2106 1134 2152 effecisse
1151 2111 1234 2150 utres

171 2171 196 2211 et
207 2174 308 2226 patruus
319 2168 428 2217 Africani
438 2172 557 2218 sumsere
568 2168 622 2233 jam
634 2185 689 2231 pro-
720 2186 763 2232 per
773 2185 798 2218 se
809 2185 882 2232 parm
898 2170 1002 2231 speciem
1019 2183 1115 2231 msgnse
1126 2169 1235 2214 victorie

173 2231 277 2278 vinciam
302 2233 419 2293 fecerunt,
441 2241 483 2281 aut
504 2237 583 2284 utitur
607 2238 688 2298 phrasi
721 2237 954 2284 habesevideretur:
967 2237 1030 2296 ·quis
1050 2247 1137 2294 nempe
1152 2233 1177 2278 id
1192 2245 1234 2277 ne·

173 2307 218 2342 sno
233 2298 338 2358 tempori
348 2301 550 2347 convenientioris.
584 2302 689 2348 Gnosio·
720 2315 786 2348 essse
797 2308 848 2348 erat
859 2314 977 2361 magnum
989 2300 1074 2358 videri,
1085 2300 1116 2345 de
1123 2311 1172 2360 quo
1183 2303 1234 2342 tsm

173 2371 244 2407 urus.
273 2360 370 2409 Poterat
386 2364 596 2413 serveriveterum
613 2367 690 2413 edito·
721 2367 881 2413 immodicum
891 2367 1008 2426 gaudium
1019 2371 1090 2411 esset.
