3136 4970
438 203 535 267 LIB.
555 203 705 266 xxvm.
735 205 837 266 CAP.
863 205 947 266 xvl.
1163 201 1221 267 433

156 344 359 454 proculrailo
370 368 534 438 Romanus
544 369 666 435 aberat:
682 370 874 456 cepissetque
884 381 975 458 tanto
985 371 1094 456 inpetu
1102 383 1216 450 castra,
1226 389 1255 435 u.
1266 392 1292 438 c.
1305 391 1360 440 ste.

157 455 192 518 ni
204 479 237 520 se
247 477 287 520 ex
299 456 476 520 vehementi
488 459 564 531 sole,
577 455 677 543 qualis
688 453 772 520 int'er
780 477 892 544 graves
902 457 1004 522 imbre
1014 456 1115 521 nubes
1126 457 1216 524 efflui·
1225 456 1255 502 Α·
1267 457 1293 503 ⁰·
1305 458 1361 504 2⁰⁶·

39 587 42 596 -
155 556 222 628 get,
239 553 328 606 tanta
341 542 388 606 vis
402 565 493 630 uquae
504 542 674 628 dejecisset,
691 556 725 605 ut
739 543 791 607 vix
807 539 840 606 i'n
855 555 957 611 castra
969 565 1026 607 sua
1041 547 1217 630 receperint

155 629 353 704 sevictores3
377 629 528 715 quosdam
542 631 636 692 etiam
652 629 763 714 religio
773 629 892 712 ceperit
900 629 1032 694 ulterius
1065 631 1215 718 uidquanr

156 713 257 778 eodie
267 715 417 779 conandi.
452 714 740 803 Karthaginienses,
751 737 942 802 quamquam
954 653 1168 782 fessodiabore
1178 742 1216 782 ae

154 799 340 866 vulneribus
349 823 414 865 nox
425 801 589 885 imberque
598 801 640 865 ad
651 802 855 866 necessariam
868 802 1004 888 quietem
1015 803 1157 881 vocabat,
1168 817 1217 870 ta-

155 907 241 963 men,
250 887 324 974 quia
334 899 435 953 metus
446 903 478 952 et
486 888 662 972 perieulum
671 887 813 953 cessandi
823 909 888 952 non
898 887 995 953 dabat
1004 901 1137 976 tempus,
1149 892 1216 976 pri·

155 995 210 1037 rna
221 973 293 1038 luce
303 973 388 1058 obpu
435 975 535 1039 aturis
544 972 687 1038 hostibus
701 987 816 1052 castra,
829 974 912 1038 saxis
926 973 1065 1061 undique
1076 977 1161 1041 cirea
1175 1000 1215 1042 ex

152 1059 342 1145 propinquis
352 1083 392 1124 va
417 1060 485 1126 ibus
494 1060 650 1148 congestis
659 1071 776 1161 aupent
787 1059 916 1139 salium,
928 1061 1126 1126 munimento
1136 1085 1214 1145 sese,

151 1145 283 1232 quando
298 1146 329 1210 in
345 1146 440 1211 armis
453 1167 566 1233 parum
581 1145 720 1233 praesidu
734 1145 826 1224 foret,
835 1146 1004 1212 defensuri.
1039 1147 1102 1212 Sed
1112 1161 1215 1214 trans·

154 1231 213 1296 itio
221 1233 391 1310 sociorum,
400 1232 477 1320 iuga
486 1246 522 1298 ut
530 1231 898 1309 tutiormoravideretur‚
909 1232 991 1298 fecit.
1014 1233 1212 1321 Principium

149 1317 338 1383 defectionis
346 1323 386 1384 ab
396 1321 516 1384 Attene
525 1315 898 1408 reguio'l'urdetanorum
908 1319 1024 1383 iactum
1036 1333 1092 1386 est.
1104 1321 1130 1385 is
1139 1341 1212 1387 cum

152 1425 271 1491 magna
282 1405 483 1491 popularium
495 1427 593 1470 manu
605 1403 780 1494 transfugit
796 1405 871 1472 inde
881 1405 946 1469 duo
961 1407 1082 1470 munita
1092 1407 1213 1493 oppida

149 1511 229 1556 eum
237 1492 392 1576 praesidiis
406 1491 521 1559 tradita
535 1514 555 1556 a
568 1491 724 1576 praefectis
737 1492 895 1556 Romano.
929 1491 973 1556 Et
987 1513 1028 1556 ne
1042 1492 1147 1570 latius,
1165 1495 1212 1557 in-

152 1575 278 1643 clinatis
300 1578 395 1643 semel
418 1580 457 1642 ad
482 1577 691 1644 defectionem
716 1576 840 1655 animis,
856 1589 997 1663 serperet
1010 1601 1070 1656 res,
1086 1579 1213 1644 silentio

151 1664 312 1748 proximae
326 1665 428 1730 noctis
444 1663 631 1730 Hasdrubal
645 1675 747 1730 castra
762 1677 875 1729 movet.

185 1749 294 1815 ·xv1.
312 1751 429 1836 Scipio,
443 1765 477 1816 ut
488 1754 592 1836 prima
606 1751 685 1828 iuce,
697 1751 753 1837 qui
768 1750 800 1814 in
817 1749 1003 1817 stationibus
1013 1763 1113 1832 erant,
1126 1766 1211 1820 retu·

150 1836 268 1914 lerunt,
284 1836 440 1921 profectos
455 1837 570 1914 hostes,
584 1835 750 1923 praemisso
763 1838 907 1923 equitatu
921 1839 1011 1924 signa
1025 1837 1099 1902 ferri
1109 1839 1211 1926 jubet.

151 1922 296 2008 adeoque
306 1923 404 1989 citato
417 1925 544 2010 aginine
557 1923 644 1988 ducti
661 1934 743 1999 sunt,
758 1936 805 2000 ut,
818 1923 843 1986 si
857 1924 909 1988 via
923 1937 1010 1989 recta
1021 1925 1153 2013 vestigia
1164 1949 1211 1991 se·
1220 1944 1334 2005 Sequitur

174 2022 285 2074 nentes
295 2011 399 2087 issent,
409 2010 495 2075 haud
505 2009 601 2074 dubie
611 2009 791 2074 adsecuturi
801 2008 927 2074 suerint.
942 2009 1076 2074 ducibus
1086 2023 1134 2075 est
1144 2010 1357 2077 ore-‘⁰⁵⁵⁰it’i0·

150 2031 266 2172 ditum,
277 2095 401 2160 brevius
410 2095 641 2161 aliudesseiter
649 2095 689 2160 ad
699 2095 814 2160 Baetim
822 2095 1006 2176 fluvium,ut
1014 2100 1212 2164 transeuntes
1339 2095 1345 2106 ⁸

150 2181 410 2270 adgrederentur.
446 2181 642 2259 Hasdrubal,
652 2180 759 2246 clauso
769 2182 901 2246 transitu
911 2181 1061 2263 fluminis,
1071 2183 1111 2247 ad
1121 2205 1212 2249 ocea-

152 2291 230 2332 uum
239 2269 347 2334 flectit.
359 2271 464 2354 etjam
475 2267 747 2356 indefugientium
756 2268 852 2332 modo
860 2267 949 2332 effirsi
958 2268 1101 2346 abibant3
1115 2269 1147 2334 id
1173 2287 1217 2336 ue
1245 2321 1250 2332 ι

150 2355 380 2442 abiegionibus
391 2355 544 2420 Romanis
555 2354 751 2441 aliquantum
762 2353 1012 2421 intervallii'ecit.
1049 2293 1212 2442 Equesde-

149 2441 635 2526 visquearmaturanuncabter
657 2464 687 2518 o,
695 2461 781 2504 nunc
789 2441 830 2505 ab
838 2439 989 2506 lateribus
998 2441 1211 2522 obcurrendo,

150 2526 306 2612 fatigabat
316 2528 579 2614 morabaturque:
658 2527 947 2613 quumadcrebros
955 2529 1109 2593 tumultus
1119 2531 1144 2592 si
1192 2545 1357 2594 aestuemu-

150 2615 368 2692 consisterent,
381 2627 412 2679 et
422 2635 509 2678 nunc
520 2614 685 2700 equestria,
696 2634 782 2677 nunc
793 2635 864 2677 cum
877 2613 1023 2678 velitibus
1037 2553 1259 2680 ”samiis-²¹¹⁸
1270 2610 1350 2658 ΜΨ·

150 2700 360 2787 quepeditum
370 2700 1108 2789 proeliaconsererent,superveneruntlegiones.
1130 2702 1212 2771 inde

148 2808 214 2851 non
221 2787 287 2872 jam
296 2809 415 2874 pugna,
424 2787 479 2852 sed
488 2787 659 2853 trucidatio
669 2785 754 2851 velut
765 2809 913 2872 pecorum
923 2786 1011 2862 fieri3
1033 2788 1136 2853 donec
1145 2789 1220 2876 ipse¹

147 2873 216 2938 dux
233 2873 317 2962 fugae
332 2885 444 2938 auctor
457 2873 490 2937 in
511 2875 674 2958 proximos
689 2871 783 2938 ediles
797 2893 870 2938 cum
886 2895 943 2938 sex
961 2873 1097 2938 millibus
1112 2874 1211 2941 ferme

148 2960 362 3024 semiermium
378 2959 486 3025 evasit.
500 2961 595 3025 ceteri
610 2959 685 3025 caesi
699 2958 863 3046 captique:
883 2971 985 3023 castra
1000 2959 1209 3028 tumultuaria

148 3047 265 3130 raptim
284 3047 376 3111 Poeni
391 3048 515 3112 tumulo
529 3045 701 3110 editissimo
717 3043 989 3110 communierunt:
1012 3059 1108 3136 atque
1122 3048 1207 3130 inde,

134 3155 224 3198 ·cum
237 3132 334 3196 hostis
348 3131 561 3218 nequidquam
572 3132 678 3197 subire
688 3132 798 3218 iniquo
808 3130 961 3195 adscensu
973 3147 1106 3199 conatus
1117 3150 1210 3216 esset,

149 3219 235 3283 ha'ud
247 3218 416 3284 difficulter
424 3241 490 3282 sese
499 3221 590 3283 tutati
602 3231 684 3284 sunt.
713 3217 786 3283 'Sed
799 3216 924 3282 obsidio
935 3218 966 3282 iu
979 3218 1050 3284 loco
1061 3219 1149 3284 nudo
1163 3234 1210 3291 at-

147 3328 212 3408 que
226 3306 315 3390 inopi
329 3306 383 3369 vix
397 3305 429 3368 in
443 3327 563 3388 ⁸paucos
577 3305 645 3370 dies
659 3303 831 3369 tolerabilis
845 3317 923 3369 erat.
944 3304 1050 3389 itaque
1063 3305 1211 3369 81transi·

149 3409 253 3458 tiones
264 3393 305 3456 ad
321 3391 463 3456 hostem²
476 3391 605 3456 fiebant.
650 3391 815 3456 Postremo
830 3389 897 3453 dux
915 3391 993 3476 ipse,
1010 3390 1142 3454 navibus
1157 3413 1210 3457 ac-

147 3479 262 3566 ceptis,
279 3483 351 3566 (neo
365 3476 476 3564 procul
490 3477 566 3544 iude
580 3477 688 3542 aberat
705 3477 805 3562 mare)
820 3489 914 3542 nocte
930 3475 1041 3542 relicto
1055 3478 1208 3558 exercitu,

592 3635 605 3666 ⁸
614 3631 687 3684 tortu
695 3631 771 3682 Gron.

147 3781 300 3848 rcgrosatgn.
332 3783 469 3830 Gronovius
485 3779 582 3844 subjicit
591 3781 664 3829 itero·
694 3796 752 3830 vare
771 3769 819 3830 iton
842 3782 929 3830 inutile
950 3789 991 3829 'est
1010 3782 1099 3830 aarum
1115 3785 1211 3845 proprie

146 3855 191 3898 tar
213 3851 256 3897 aed
282 3849 349 3896 haud
373 3849 455 3909 magni
482 3847 602 3894 momenti
626 3859 664 3895 res
694 3848 825 3910 etsigtmte
839 3847 888 3896 dici
904 3843 1031 3910 adjunctas
1043 3847 1212 3898 nomannor-

147 3921 203 3964 est:
696 3913 811 3959 ercitim
831 3913 913 3972 copias
930 3925 961 3958 ex
978 3913 1092 3973 gentibus
1111 3916 1211 3974 exteris,

181 3979 216 4028 80
231 3978 381 4038 Aurildqac
393 3975 513 4038 peditam]
541 3974 665 4023 Peditibus
696 3989 746 4022 non
756 3976 813 4024 iero
828 3991 860 4024 ex
878 3977 969 4022 italicis
984 3970 1088 4038 populis,
1099 3979 1142 4040 qui
1154 3980 1212 4025 cccii

145 4045 316 4098 auxiliaribus,
324 4039 592 4104 Hispanitaempe,qui
600 4041 665 4100 apud
697 4040 847 4096 dicebantur,
859 4045 908 4085 non
917 4039 1187 4099 tauromenitanae.

148 4109 274 4156 Romanoa
300 4107 447 4162 militabant,
469 4105 559 4165 quique
587 4117 665 4164 quum
729 4103 760 4150 81
781 4104 988 4150 Transitorium
1011 4105 1097 4151 hodon
1109 4105 1231 4170 firmil.

144 4172 342 4222 mentientem
356 4171 515 4232 agilioresqoe
526 4169 666 4230 pediteRo·
697 4168 850 4216 ,iamdudum
869 4168 1001 4215 Rhenanus
1017 4170 1052 4216 ita
1068 4171 1117 4231 legi
1131 4165 1213 4230 jusse-

145 4251 223 4286 mano
238 4237 362 4297 legionum
379 4249 467 4295 agmen
482 4240 665 4294 proeoesserant,
698 4239 745 4288 rat,
762 4232 852 4280 nonod
869 4231 958 4281 tates.-
975 4235 1045 4294 eique
1061 4234 1212 4292 obtempere-
1300 4233 1307 4256 ¹

144 4310 172 4350 et
194 4315 244 4348 ιιιιιι
269 4313 327 4348 cunr
353 4301 467 4348 velitibus
495 4299 664 4359 equitibusque
698 4304 751 4345 tum
788 4295 903 4356 oportuit.
950 4297 1016 4346 Nam
1057 4301 1212 4353 consentiunt

144 4369 277 4428 wahart
296 4365 418 4426 nugantes
441 4364 536 4412 Panos.
576 4363 665 4411 obser·
689 4362 789 4423 ,scripti
