3036 4972
367 219 406 284 92
645 211 662 264 ·'
762 211 875 274 Τ-ῙῊ
903 211 1039 275 LlVll

208 389 238 438 n
248 389 277 438 c.
288 388 344 440 aaa
367 375 446 444 liurn
459 375 545 456 firit'a
560 375 625 466 qu'o
639 377 838 444 interclusam
854 377 896 444 ab
910 378 974 443 suis
995 375 1102 442 levem.
1112 371 1428 443 lamammmtaeil'e

208 455 344 506 mim·
368 465 498 550 (etenim
519 484 652 530 numero
673 465 870 552 aliquantum
889 463 1096 550 praestabant)
1120 463 1260 528 Romani
1282 483 1428 548 superam

207 517 343 634 mm*
367 565 447 630 sent,
473 552 535 616 nisi
560 551 779 636 Hispanorum
803 548 932 628 cohors,
955 551 994 615 ad
1018 551 1050 616 id
1076 550 1177 636 ipsum
1193 549 1361 614 9⁶remissae
1384 549 1427 615 ab

369 637 559 715 Hannibale,
576 639 780 721 pervenisset.
806 659 845 704 ea
865 637 1025 704 adsuetior
1041 637 1212 714 montibus,
1234 637 1327 700 etad
1347 658 1427 700 oon-

367 722 558 789 cursandum
579 725 662 789 inter·
684 745 760 789 saxa
780 745 936 810 rupesque
956 747 973 788 a
999 724 1062 788 tior
1075 745 1112 788 ac
1126 723 1236 800 lenior,
1251 743 1325 788 corn
1340 721 1428 787 velo·

367 811 463 874 citata
483 829 665 896 corporum,
690 825 759 876 turn
787 831 948 874 armorum
975 745 1095 888 labne,
1121 820 1327 894 compatrem
1352 808 1429 874 hos-

365 909 443 974 tem,
482 915 588 961 ratem
612 897 707 962 armis
731 898 968 983 statariumque,
983 905 1101 984 pugnate
1115 917 1231 984 genere
1251 895 1342 960 facile
1356 898 1427 960 elu-

367 982 416 1048 sit.
458 919 509 1050 lta
524 982 769 1071 haudquaquam
784 983 852 1068 pari
873 983 1207 1071 certaminedigressi,
1224 982 1365 1068 Hispani
1379 981 1428 1046 fe·

322 1138 326 1144 ,
366 1091 401 1133 re
414 1091 524 1135 ornnee
537 1070 721 1148 incolumes,
744 1069 893 1146 Romani,
911 1069 1031 1156 aliquot
1044 1071 1109 1134 suis
1126 1069 1258 1147 amissis,
1274 1071 1307 1132 in
1322 1079 1429 1132 castra

366 1155 609 1222 contenderunt.
653 1156 771 1221 Fabius
813 1177 918 1242 uoque
939 1157 1037 1220 movit
1058 1168 1177 1221 castra:
1199 1169 1429 1243 transgressus·

390 1264 430 1306 ue
458 1241 572 1307 saltum
603 1262 699 1328 snper
725 1179 846 1320 Alliiss,
870 1243 941 1306 loco
966 1242 1030 1308 alto
1058 1263 1097 1307 ac
1124 1242 1247 1308 munito
1270 1240 1426 1306 consedit.

366 1264 464 1405 iilum
480 1349 537 1412 per
553 1329 716 1394 Samnium
737 1329 871 1394 Romam
886 1351 921 1393 se
939 1342 1045 1414 petere
1070 1326 1229 1406 simulans,
1251 1327 1428 1393 vHannibal

336 1413 1427 1590 s-aar.sitan⁰rltqtsatl·,..latrantia

265 1663 268 1677 ,
367 1585 521 1652 absistens
531 1593 548 1666 ¹,
575 1611 634 1652 nec
663 1589 881 1676 congrediens.
927 1587 978 1652 Ex
1014 1587 1153 1675 Pelignis
1179 1587 1299 1652 Poenus
1313 1627 1320 1636 -
1334 1585 1427 1652 flexit
1510 1647 1511 1652 ,

367 1673 435 1750 iter,
452 1671 599 1760 retroque
615 1675 766 1760 Apuliam
781 1689 936 1760 repetens,
954 1673 1131 1739 Geronium
1142 1683 1163 1712 ¹¹¹
1184 1675 1346 1758 pervenit;
1369 1696 1426 1738 ur·
1510 1671 1511 1746 l

365 1758 439 1824 bem
460 1772 557 1839 metu,
597 1761 647 1825 uia
669 1761 821 1847 conlapsa
834 1760 934 1825 ruinis
949 1781 1022 1845 pars
1036 1759 1192 1826 rnoenium
1206 1771 1287 1841 erat,
1301 1761 1344 1824 ab
1358 1761 1427 1826 suis

207 1859 349 1908 metatoris
365 1844 534 1911 desertam.
615 1851 730 1914 ictator
754 1847 787 1910 in
814 1847 964 1912 Larinate
987 1869 1065 1935 agro
1093 1861 1196 1912 castra
1221 1847 1425 1912 communiit.

206 1923 321 1972 Romam.
366 1931 442 1997 inde
455 1955 615 1998 sacrorum
641 1955 751 1999 caussa
778 1934 913 1998 Romam
935 1933 1339 2017 revocatuanonimperio
1354 1955 1426 1997 rno-

365 2017 419 2095 do,
439 2019 494 2084 sed
508 2019 638 2085 coneilio
653 2020 760 2097 etiarn,
775 2021 848 2084 ”ae
861 2040 962 2104 prope
982 2019 1239 2108 precibusegens
1259 2038 1333 2084 cnm
1355 2041 1426 2084 nra-

365 2104 636 2192 gistroequitum,
649 2117 684 2170 at
699 2109 773 2190 plac
791 2108 928 2182 consitio,
944 2127 1037 2190 praem
1044 2107 1200 2191 firtanae,
1214 2107 1370 2190 amfleat.-
1394 2115 1427 2171 et

364 2215 397 2258 se
412 2195 519 2275 potius
534 2195 644 2270 ducem,
660 2215 751 2277 qaam
771 2193 990 2276 Sempronium,
1005 2194 1260 2276 Blaminimnpue,
1276 2194 1426 2257 imitetur.

349 2279 404 2342 'nc
417 2281 499 2344 nihil
508 2290 610 2344 ,adam
624 2288 767 2360 conara,
779 2278 953 2343 ”caneda
961 2289 974 2316 ³
981 2300 1082 2362 propa
1094 2289 1201 2344 oeetate
1208 2299 1269 2361 per
1281 2280 1426 2362 indefice-

365 2368 478 2430 atonem
492 2367 596 2431 hortm
617 2367 746 2430 medicos
756 2387 873 2449 qaoque
880 2367 955 2448 plna
969 2367 1119 2428 interdum
1134 2367 1243 2450 qtaiete,
1256 2385 1347 2449 quara
1360 2387 1426 2430 mo-

365 2455 461 2518 vendo
475 2454 702 2538 atqueagendc,
714 2453 871 2535 proficere.
916 2451 1017 2516 Haud
1022 2473 1155 2534 paruam
1167 2473 1309 2528 remeate,
1321 2451 1363 2516 ab
1377 2461 1427 2515 tc-

364 2541 423 2602 ties
437 2540 551 2603 oietore
564 2540 647 2603 toste
665 2539 748 2602 uinci
768 2539 887 2616 desisse,
902 2547 934 2602 et
946 2538 986 2601 ab
999 2539 1150 2602 curationis
1169 2538 1305 2602 elodibm
1324 2540 1426 2621 respi-
1511 2583 1512 2620 ,

363 2645 458 2688 rasse.
513 2624 598 2688 Haec
626 2622 839 2710 nequidquam
868 2623 1069 2710 praemonito.
1088 2622 1239 2710 magistro
1267 2624 1424 2710 equitnm,
1511 2675 1512 2708 ,

368 2709 505 2774 Romam
516 2723 563 2776 est
577 2708 745 2794 proiectus.
998 2737 1001 2744 ¹
1154 2759 1165 2774 „
1354 2759 1359 2768 .
1511 2761 1512 2782 ,

134 2876 138 2884 .
205 2811 340 2874 nocete
366 2847 371 2860 ,
408 2796 511 2862 ΧΙΧ.
534 2795 696 2882 Principio
705 2796 833 2877 aestatis,
848 2796 991 2884 qualraec
1004 2796 1428 2887 genabo-ntuninHispania
1511 2877 1512 2882 γ

205 2877 334 2990 ἕψῃ·
364 2882 884 2971 quoquetarramariqnecoeptum
896 2882 1080 2950 bellumest.
1104 2882 1424 2950 Haadrubaladenm

363 2970 687 3046 naviumnunrerum,
699 2991 793 3056 quem
804 2993 825 3042 a
838 2970 1129 3035 iratreinstructnm
1144 2983 1355 3055 paratumque
1364 2992 1426 3035 ac·

364 3067 500 3140 ceperat,
517 3057 622 3120 decem
646 3055 776 3142 adjecit:
819 3056 1007 3145 uodraginta
1019 3057 1147 3121 navium
1161 3055 1290 3120 cla'ssem
1302 3056 1425 3121 Himil-

364 3141 437 3206 coni
452 3142 598 3207 tradidit:
622 3154 717 3229 atque
730 3144 775 3208 ita
824 3142 986 3230 arthagine
996 3141 1304 3229 profectusnavibus
1318 3164 1425 3229 prope

364 3241 492 3306 terram,
508 3228 682 3294 exercitum
698 3229 731 3292 in
745 3228 837 3294 litone
850 3229 996 3308 ducebat,
1008 3241 1136 3313 paratus
1150 3228 1329 3330 confligere,
1343 3251 1425 3315 qua·

363 3328 598 3401 comqueparte
608 3316 771 3401 copiarum
781 3314 1084 3382 hostisobcurrisset.
1101 3315 1163 3380 Cn.
1174 3315 1424 3400 Scipionipost·

364 3424 465 3504 quaml
473 3403 607 3468 movisse
620 3425 657 3468 ex
672 3401 812 3466 hibernis
825 3401 947 3466 hostem
958 3402 1087 3479 audivit,
1099 3401 1205 3486 primo
1219 3401 1305 3466 idem
1317 3403 1424 3466 consi-

362 3489 397 3554 lri
408 3488 486 3555 fuit:
506 3489 631 3568 deinde,
647 3489 752 3552 minus
766 3499 860 3566 terra,
875 3499 1005 3574 propter
1019 3488 1177 3576 ingentem
1188 3487 1425 3554 famamnovo·

362 3701 385 3773 ὸ
395 3657 501 3712 ¹‘attollis
511 3658 665 3708 Gremcreu.
707 3625 863 3706 'tontum
873 3659 947 3719 Gron.
966 3693 968 3700 ,
1011 3657 1173 3722 ”Geroniani
1183 3657 1262 3718 caer..
1317 3662 1424 3707 aecana

386 3741 437 3773 ron.

266 3883 271 3888 ·
301 3867 306 3874 “
396 3855 897 3919 toflenatmacartattatepercastaetl.
939 3855 971 3903 98
986 3853 1188 3916 anrwnprope
1205 3857 1343 3914 maaca
1358 3853 1425 3901 tati·

317 3941 319 3946 ’
364 3924 437 3972 Forte
446 3921 618 3982 mmmm.
650 3922 762 3968 Gaoncv.
899 3921 1034 3982 ficationem
1059 3918 1143 3982 tnta]
1168 3919 1281 3980 Sigonius
1301 3919 1426 3966 maluerat

396 3989 427 4034 97
444 3986 481 4033 Aa
490 3998 563 4046 prope
570 3983 676 4046 precibus
686 3982 768 4046 ageas]
784 3983 876 4031 Pendet
907 3988 995 4038 ccccm,
1016 3989 1041 4029 ct
1059 3984 1081 4029 ei
1100 3985 1325 4042 claternperaverant
1345 3985 1426 4030 edito-

364 4053 450 4110 oratio,
471 4065 515 4096 nec
533 4051 686 4096 concluditur
701 4049 748 4097 nisi
764 4055 819 4110 post
834 4051 877 4096 ab·
908 4062 954 4095 res.
988 4047 1088 4108 Scdprc
1101 4048 1243 4094 aelectione
1261 4061 1337 4107 quam
1353 4062 1426 4095 revo-

363 4117 470 4164 eolutam
497 4120 574 4162 totam
595 4115 664 4166 meti
689 4114 875 4170 macedam,
908 4125 1000 4168 manus,
1029 4118 1078 4158 stat
1106 4112 1224 4161 sermonis
1250 4112 1372 4171 elegantia
1399 4118 1427 4159 et

363 4181 499 4239 lriancmpe
511 4180 588 4226 verbis
599 4179 741 4242 Remanent
751 4175 874 4239 prolimen.
908 4177 1064 4237 proprietates·
1080 4181 1145 4221 stant
1162 4187 1258 4236 quoque
1278 4177 1379 4237 plurimi
1397 4185 1424 4224 et

365 4243 561 4294 Videroimiliter
588 4243 753 4302 interpositam
781 4243 875 4290 duobus
907 4241 994 4302 optimi
1009 4241 1104 4288 codices
1122 4241 1244 4290 Gronovio
1262 4240 1377 4304 inspecti,
1398 4249 1426 4288 et

284 4341 285 4344 η
365 4309 437 4356 unius
449 4309 538 4368 periodi
550 4311 665 4358 membris
679 4307 874 4365 urauonnn.1ta
907 4306 1126 4356 unueencsttia..

365 4373 477 4422 ncta.
