3036 4972
407 206 501 266 LlB.
522 198 643 265 xxm.
669 201 772 263 OAl’.
786 201 894 262 'XVlL
1126 205 1179 268 til

118 368 245 436 odones
266 367 416 457 lixasque
426 379 465 435 et
485 364 640 436 inualidos
660 361 941 432 mima-tt'vauum'
960 365 1054 430 ‘ferra
1078 363 1325 452 molismense.

116 469 212 542 porta
236 456 357 521 robora
379 456 542 539 legionum
559 469 600 522 et
621 456 785 520 Romanos
806 455 937 540 equitas,
954 451 1077 518 duabus
1097 449 1328 516 eireaffllss·

118 545 219 628 portis
234 565 336 608 novos
349 542 467 608 milites
482 544 646 629 levemque
662 554 854 608 armaturam
870 563 908 606 ac
922 541 1081 604 sociorum
1096 538 1185 687 equi-

118 645 163 694 toe
184 631 310 694 statuit.
355 629 473 694 Nolani
495 651 603 694 muros
623 640 795 714 portasque
815 627 903 691 adire
919 626 1026 701 vetiti3
1047 625 1120 688 ⁷⁷su
1144 625 1185 687 si-

118 716 235 802 diaque
249 715 410 780 destinata
429 715 653 802 inpedimentis
665 715 750 790 data,
768 736 817 790 ue,
833 713 995 797 occupatis
1011 711 1127 797 proelio
1141 711 1186 774 le-

117 803 282 890 gionibus,
298 803 330 865 in
347 824 384 866 ea
398 802 522 889 inpetus
543 801 642 866 fieret.
664 802 709 866 ita
728 799 874 864 instructi
897 800 981 863 intra
1000 814 1108 884 portas
1122 809 1188 861 sta·

119 891 208 955 bant.
257 888 446 966 Hannibali,
462 891 522 954 sub
536 889 635 974 signis
650 887 695 973 (id
712 887 798 972 quod
815 907 873 970 per
887 885 1009 970 aliquot
1023 885 1091 948 dies
1104 883 1187 948 lece·

120 977 185 1058 rat)
207 974 252 1040 ad
277 974 414 1040 multum
438 976 499 1040 diei
523 976 556 1038 in
582 975 649 1038 acie
673 974 777 1050 stanti,
801 972 906 1058 primo
931 970 1085 1035 miraculo
1107 975 1186 1051 esse',

119 1063 209 1151 quod
225 1084 286 1126 nec
296 1061 455 1128 exercitus
467 1062 630 1126 Romanus
642 1073 740 1144 porta
754 1060 966 1146 egrederetur,
974 1059 1035 1121 n'ec
1047 1071 1188 1122 nnnntus
1216 1053 1218 1060 '

121 1152 293 1236 quisquam
318 1148 352 1211 in
377 1148 488 1212 muris‘
501 1158 590 1212 esset.
616 1160 702 1212 ratus
727 1145 843 1210 deinde
868 1145 993 1230 prodita
1018 1143 1192 1230 conloquia*

120 1259 200 1317 ease,
211 1247 362 1321 metuque
376 1234 492 1312 resides
506 1234 616 1315 factos,
627 1247 749 1319 partem
765 1231 901 1296 militum
916 1231 950 1294 in
965 1243 1067 1314 castra
1082 1230 1188 1293 remit-

121 1323 170 1399 tit,
182 1323 292 1407 jussos
307 1343 442 1407 propere
458 1321 644 1406 adparatum
660 1341 785 1384 omnem
801 1317 1024 1406 obpugnandis
1042 1315 1189 1382 urbisin
1270 1331 1273 1338 '
1317 1315 1318 1324 ’

120 1410 260 1494 primam
276 1407 375 1471 aciem
391 1407 530 1483 adferre;
554 1408 629 1472 satis
643 1406 754 1482 fidens,
771 1406 797 1469 si
811 1403 1032 1470 cunctantibus
1045 1403 1188 1480 instaret,

121 1494 305 1560 tumultum
313 1493 449 1579 aliquem
464 1494 498 1558 in
513 1491 593 1558 urbe
610 1493 736 1579 plebem
752 1507 920 1558 moturam.
965 1491 1055 1555 Dum
1078 1491 1111 1553 in
1133 1511 1191 1554 sua

121 1583 257 1667 quisque
279 1581 452 1646 ministeria
471 1580 612 1646 discursu
635 1578 771 1664 trepidat
784 1578 826 1643 ad
850 1579 951 1663 prima
965 1578 1066 1664 signa,
1083 1585 1190 1640 succe-
1199 1587 1324 1634 Hanniba-

121 1669 236 1754 diique
258 1667 300 1730 ad
322 1689 430 1732 muros
451 1668 543 1744 acies,
566 1667 723 1752 patefacta
743 1679 874 1748 repente
895 1677 997 1750 porta,
1014 1653 1342 1763 Marcellusffiffssdffi

124 1755 220 1842 signa
233 1775 359 1830 canere,
374 1753 608 1839 clamoremque
622 1753 699 1830 tolli,
716 1774 753 1816 ac
767 1751 888 1836 pedites
908 1751 1058 1834 primum,
1074 1749 1191 1816 deinde
1234 1731 1272 1763 ‘¹'

126 1840 259 1926 equites,
282 1851 405 1925 quanto
431 1839 571 1904 maximo
594 1851 723 1928 possent
747 1839 867 1924 inpetu,
884 1838 916 1902 in
939 1837 1063 1901 hostem
1084 1857 1191 1901 erum·

123 1949 203 2013 pere
210 1926 315 2013 jubet.
358 1927 441 1992 Satis
455 1926 583 1990 terroris
596 1925 749 1990 turnultus
773 1947 813 1989 ne
827 1926 859 1987 in
874 1925 975 1988 aciem
989 1924 1125 1988 mediam
1141 1925 1191 1986 iu·

122 2013 277 2091 tulerant,
287 2035 386 2098 quum
401 2011 523 2076 duabus
537 2012 621 2076 circa
631 2012 731 2096 portis
747 1947 785 2074 H
798 2010 944 2076 Valerius
957 2010 1089 2074 Flaccus
1104 2022 1135 2073 et
1151 2009 1190 2074 C.

124 2100 277 2166 Aurelius
287 2098 390 2186 ¹legati
412 2099 446 2162 in
456 2120 580 2162 cornua
601 2098 739 2162 hostium
754 2119 900 2182 erupere*
941 2096 1106 2161 Addidere
1128 2096 1192 2160 cla'·

126 2207 252 2252 morem
266 2185 342 2250 lixae
357 2185 554 2271 calonesque,
569 2196 601 2248 et
618 2185 684 2249 'alia
704 2184 799 2249 turba
820 2183 972 2248 custodire
993 2182 1193 2266 inpedimen-

126 2285 235 2338 torum
251 2270 407 2356 adposita,
422 2283 459 2336 ut
479 2271 671 2356 paucitatem
693 2273 832 2335 maxime
848 2269 1072 2354 spernentibus
1084 2267 1267 2336 Poenisuene
1278 2300 1331 2335 rem
1351 2267 1354 2274 ’

127 2359 266 2442 ingentis
287 2370 419 2446 repente
442 2359 748 2443 exarcitusspeciem
770 2355 913 2421 fecerint.
957 2356 1022 2420 Vix
1045 2353 1271 2441 equidem‘serit-

129 2447 232 2528 ausim
246 2443 427 2522 adfirmare,
443 2444 530 2531 quud
551 2445 680 2530 quidam
702 2456 845 2508 auctores
863 2447 947 2524 suut,
962 2442 1029 2506 duo
1050 2440 1150 2506 millia
1163 2453 1195 2506 et

129 2529 346 2618 octingentos‘
368 2531 505 2596 hostium
521 2553 617 2596 cassos
623 2555 633 2607 3
654 2526 756 2594 78ηοιι
775 2528 846 2613 plus
861 2529 1051 2616 quingentos
1073 2529 1196 2593 Ro'ma-

129 2640 207 2682 num
217 2617 400 2684 “amisisse
446 2619 519 2683 Sive
533 2631 632 2698 tants,
648 2618 711 2682 sive
730 2617 836 2681 minor
850 2617 983 2691 victoria
996 2615 1066 2694 fuit,
1082 2616 1202 2703 ingens

130 2727 169 2770 eo
189 2704 244 2769 die
260 2725 319 2782 res,
335 2725 374 2768 ac
394 2705 511 2782 nescio,
527 2727 567 2768 an
590 2704 730 2768 maxima
749 2702 805 2768 illo
826 2702 909 2782 bello
952 2715 1018 2768 esta
1031 2705 1080 2768 sit.
1096 2703 1195 2766 ⁷⁹non

131 2791 215 2854 vinci
238 2789 323 2890 enim
347 2789 387 2856 ab
408 2789 593 2855 Hannibale
614 2791 810 2887 vincentibus
833 2725 991 2876 difficiius
1012 2790 1083 2867 fuit,
1100 2810 1196 2876 quam

132 2891 244 2961 postea
258 2898 393 2940 vincere.

175 2963 293 3027 XVll.
318 2961 495 3040 Hannibal,
526 2987 581 3051 spe
610 2965 775 3050 potiundae
806 2963 899 3028 Nolae
925 2965 1066 3044 ademta,
1098 2985 1197 3051 quum

133 3049 269 3140 Acerras
289 3049 475 3130 recessisset,
493 3050 665 3116 Marcellus
688 3049 860 3137 extemplo,
876 3050 989 3116 clausis
1011 3052 1112 3136 portis
1127 3055 1202 3116 cus-'

134 3136 325 3222 todibusque
346 3136 517 3222 dispositis,
542 3158 582 3202 ne
603 3138 673 3224 quis
698 3139 910 3224 egrederetur,
933 3139 1142 3223 quoestionem
1166 3137 1199 3201 in
1260 3213 1272 3224 .

282 3291 290 3324 ²
302 3267 411 3338 incentor
421 3291 497 3341 Gran.
509 3295 579 3340 Grev.
690 3315 694 3320 ·
710 3295 723 3324 ¹¹
728 3291 784 3352 plur
794 3257 845 3338 uno*
852 3290 969 3337 Rmnonos
979 3292 1055 3340 Gran.

165 3427 324 3476 ‘ld'Vallum
329 3425 409 3493 serre]
426 3430 499 3478 Ferre
510 3433 591 3492 plures
603 3433 653 3478 val·
685 3432 718 3478 lia
733 3436 755 3478 et
771 3430 871 3478 DCCC.
905 3429 951 3476 Sed
970 3436 1005 3487 et,
1021 3444 1099 3489 quum
1119 3431 1207 3491 scripti

128 3494 180 3546 los,
190 3494 281 3553 quihus
296 3495 316 3540 si
327 3508 388 3554 opus
404 3501 467 3541 esset
482 3497 573 3543 vallum
592 3497 654 3542 strui
685 3497 788 3542 habeant
802 3509 861 3542 mox
871 3493 1042 3552 Rornanorum,
1054 3501 1119 3542 reeta
1135 3497 1202 3543 vide-

135 3563 222 3617 posoet.
257 3559 350 3604 Milites
367 3559 472 3606 Romani
491 3573 562 3607 senos
576 3566 654 3620 septe·
686 3568 726 3606 tur
747 3561 884 3608 Gronovius
908 3561 1037 3606 emendare
1062 3559 1202 3608 Romanum.

136 3629 227 3682 nomae
238 3623 325 3680 vallos,
335 3623 458 3670 interdum
473 3625 546 3670 etium
563 3626 654 3672 duode-
685 3625 767 3684 Vulgo
793 3627 852 3671 editi
878 3624 923 3669 dero
946 3623 1021 3669 milita
1046 3629 1068 3670 et
1094 3629 1203 3671 trecentos

135 3699 179 3797 ἔξω
198 3687 284 3732 tulisse
301 3688 426 3748 leguntur.
443 3687 498 3735 vid,
514 3701 587 3748 supra
605 3689 655 3738 111.
685 3690 786 3736 mutum
802 3703 884 3735 coeror:
901 3703 947 3736 non
960 3688 1015 3749 plur
1030 3702 1076 3735 arro
1087 3688 1204 3736 Rormnot

167 3780 174 3796 .
317 3765 320 3772 ·
685 3755 796 3800 amisisse.
1193 3763 1195 3772 ’

168 3815 199 3862 77
227 3815 381 3876 statutaque
413 3815 526 3863 &atomio
558 3818 654 3878 impedi·
719 3817 750 3865 ⁷9
766 3817 825 3862 Non
838 3819 900 3863 vinci
915 3817 1140 3866 enimulrlanidnlr
1152 3821 1205 3866 virr-

91 3899 97 3904 ·
134 3880 217 3925 mentis
234 3879 300 3942 mia]
319 3879 384 3932 Data
401 3888 459 3927 sunt
473 3883 654 3942 impedimentis
686 3878 796 3944 oeatibru]
813 3882 876 3928 Hoec
895 3884 915 3928 si
930 3886 1116 3938 sanarentur
1132 3899 1207 3946 expo·

135 3942 242 3991 subsidia
252 3957 309 3999 quae
323 3943 353 3990 iis
367 3950 435 3991 eraut
449 3945 576 3992 destinata·
609 3947 654 3993 Ce-
686 3948 711 3992 ni
728 3947 826 3994 debent.
858 3947 987 3994 Difficilius
1005 3949 1071 3995 enim
1089 3951 1139 3998 fuit
1154 3953 1207 3998 rin·

135 4011 216 4053 terum
243 4008 314 4055 facile
345 4015 485 4068 pateremur
512 4012 654 4057 alterutram
686 4010 806 4064 centibus,
825 4012 917 4070 idest,
937 4013 967 4058 iis
987 4014 1028 4074 qui
1051 4021 1111 4063 tunc
1127 4019 1207 4066 vicere

136 4070 223 4118 harum
232 4085 330 4128 vocum,
338 4073 390 4120 aire
400 4073 464 4130 dato,
472 4075 522 4121 sive
531 4074 653 4130 deuincta,
688 4075 805 4121 Marcello
816 4078 885 4131 duce,
898 4091 946 4123 non
958 4077 1022 4124 vinci
1035 4081 1066 4126 ab
1077 4082 1208 4141 Annibale,

136 4134 265 4184 elintinari.
687 4151 762 4200 quam
773 4143 970 4198 postminoere
1003 4144 1070 4190 oum
1083 4147 1209 4206 legebatur

168 4199 200 4246 ts
216 4201 276 4247 Non
283 4201 338 4261 plur
348 4202 395 4266 D.]
413 4203 452 4250 Sic
463 4204 527 4250 clare
537 4203 595 4250 Put.
622 4203 655 4249 Et
687 4205 777 4248 marcere
801 4205 883 4260 solitis,
906 4207 948 4254 ubi
972 4221 1044 4254 nuuc·
1059 4211 1209 4260 clementibus.

138 4265 267 4312 assentitur
288 4268 353 4313 Plut.
367 4268 394 4312 in
417 4267 542 4316 Marcello.
572 4269 659 4328 Auget
687 4269 748 4316 Inde
759 4268 836 4326 Vella
846 4273 963 4320 efficiebat
973 4275 1013 4318 val
1028 4274 1207 4334 elmeresdtto,

140 4339 232 4388 quoque
246 4331 311 4376 idem
326 4332 404 4378 codex
416 4334 654 4388 numerum'occiso·
688 4345 776 4392 nempe
803 4335 941 4390 Annibaler
969 4337 1018 4393 rel,
1044 4338 1106 4384 vinci
1133 4339 1209 4387 solitis

141 4403 191 4440 rum
203 4406 234 4440 ex
244 4395 374 4442 Annibalis
383 4397 491 4444 exercitu
502 4397 533 4444 ad
546 4397 590 4444 duo
601 4397 657 4443 rnilv
688 4397 808 4448 amante.
