3122 4962
413 201 507 266 LIB.
526 200 658 268 xxvlt.
688 201 794 268 cu'r.
814 209 903 271 VIlI.
1131 217 1193 284 ⁸29

293 303 310 334 U

123 367 251 455 legione
264 366 440 456 adeatque
453 365 552 435 classe
571 366 958 438 Macedoniam'obtiuere
967 373 1066 460 jusso,
1077 391 1192 462 proro-
1203 396 1233 445 u.
1243 389 1272 442 u.
1283 393 1351 444 tta*

122 471 235 606 patum
258 455 291 520 in
313 475 441 527 annum
456 457 637 544 Imperium.
652 458 784 545 triginta
799 460 1040 562 quinqueremes
1054 483 1097 528 ex
1111 462 1234 529 sicisd.
1245 463 1274 508 (l
1284 459 1341 508 Μ·
1428 489 1431 496 ’

137 544 176 605 iu'
189 542 368 608 Tarentum
390 543 432 607 ad
455 543 499 620 Q.
517 542 651 608 Fabium
674 545 835 610 consulem
851 546 934 611 mrtti
951 545 1065 632 jussae:
1086 549 1194 614 cetera

124 628 222 694 classe
236 627 417 715 proedatum
431 630 466 694 in
483 629 625 695 Africam
648 643 704 696 aut
726 634 831 718 ipsum
848 633 898 697 M.
908 631 1071 700 Valerium
1088 633 1193 700 Levia

124 716 382 793 numtra'icere3
404 730 459 784 aut
472 717 610 800 mittere,
633 739 688 782 seu
713 717 752 783 L.
770 716 928 798 Cincium,
952 742 1006 785 seu
1032 720 1081 786 Μ.
1097 719 1192 788 vale
1210 733 1220 808 J
1348 732 1351 790 ξ

123 805 208 865 rium
236 739 429 868 Messallam.
477 803 545 868 Nec
570 803 611 870 de
638 804 799 889 Hispania
823 805 998 896 quidquam
1023 821 1192 887 mutatum,
1302 807 1304 814 '

123 888 185 952 bisi
207 889 295 974 quod
317 911 382 952 non
403 890 436 954 in
458 910 578 954 aunum
595 889 738 976 Scipioni
755 891 939 978 Silanoque,
955 892 1009 957 sed
1025 893 1130 960 donec
1143 917 1193 960 re·

123 977 229 1040 vocati
240 976 281 1040 ab
291 989 403 1041 senatu
417 975 755 1066 foreut‚·prorogatutn
766 979 934 1064 imperium
947 992 1005 1044 est.
1051 981 1101 1044 Ito
1117 1001 1193 1068 pru·

123 1061 239 1126 vincte
252 1063 513 1150 exercituumque
524 1063 552 1102 ⁸⁶
561 1064 602 1127 iu·
613 1085 685 1128 cum
701 1067 838 1128 annum‘
852 1065 968 1149 partita
982 1067 1126 1152 Imperia.

169 1147 265 1217 VIII.
289 1149 377 1213 Inter
393 1152 547 1236 majorum
562 1171 666 1214 rerunt
684 1169 776 1213 curus
796 1152 926 1215 comitia
942 1153 1072 1217 maximi
1088 1155 1193 1219 curio·

123 1234 185 1312 nis,
202 1255 300 1320 quum
312 1235 344 1299 in
357 1235 462 1301 locum
476 1235 528 1302 M.
542 1235 665 1300 AErnilii
680 1237 827 1302 sacerdos
842 1252 1015 1320 crearetur,
1031 1255 1120 1306 vetus
1136 1263 1192 1306 ex·

75 1315 77 1325 ’
124 1321 303 1386 citaverunt
316 1336 493 1400 certamem
517 1321 656 1406 patriciis
675 1325 865 1410 negantibus
890 1325 928 1389 C.
942 1323 1081 1390 Manilii
1098 1327 1228 1401 Vita-c,
1241 1327 1346 1401 sumt-¹

123 1407 159 1485 li,
175 1407 231 1496 qui
245 1429 328 1474 unus
342 1430 381 1474 ex
397 1409 491 1496 plebe
504 1412 641 1494 petebat,
657 1407 838 1475 habendam
856 1411 1008 1476 rationem
1024 1435 1098 1490 esse,
1115 1415 1248 1501 quialiufl
1260 1420 1355 1479 primus

123 1515 222 1559 nemo
235 1507 403 1574 anteeum,
421 1497 480 1560 nisi
500 1517 540 1559 ex
557 1495 716 1573 Patribus,
731 1495 765 1560 id
786 1497 996 1562 sacerdotium
1021 1485 1310 1566 habuisssa²¹d⁰b⁰

125 1580 266 1644 Tribuni
281 1581 432 1668 adpellati
446 1583 486 1647 ad
502 1594 646 1647 senatum
661 1583 849 1668 rejecerunt.
893 1583 920 1627 ³⁷
931 1586 1065 1650 Senatus
1079 1587 1190 1672 populi
1199 1563 1322 1660 qqqqmus

123 1649 314 1751 poteltatem
341 1667 424 1734 fecit.
470 1669 521 1733 lta
545 1668 667 1754 primus
692 1691 734 1734 ex
761 1668 856 1754 plebe
878 1688 1002 1736 creatus
1030 1675 1190 1738 maximus

121 1755 216 1818 curio
232 1755 271 1818 C.
293 1753 458 1820 Mamilius
474 1753 613 1820 Vitulus.
659 1755 702 1820 Et
722 1755 881 1821 flaminem
904 1757 1032 1822 Dialem
1056 1762 1354 1825 invitumuumenni-

124 1840 311 1927 inaugurari
333 1843 438 1930 coligit
463 1843 499 1906 P.
521 1841 663 1907 Licinius
685 1843 831 1928 pontifex
854 1845 1014 1908 maximus
1040 1846 1079 1910 C.
1096 1841 1348 1922 vapulantes·

124 1927 210 1990 rium
225 1928 383 1993 Flaccum.
428 1928 599 1994 Decemvir
610 1929 707 1994 secus
720 1928 876 1994 faciundis
897 1943 1022 1995 creatus
1036 1933 1067 1995 in
1084 1932 1189 1998 locum
1199 1920 1357 2019 {2¹:295ss

125 2011 173 2088 Q.
191 2013 294 2077 Mucii
311 2015 463 2080 Scoevolae
485 2015 644 2080 demortui
667 2013 706 2080 C.
718 2015 886 2080 Laetorius.
933 2017 1084 2082 Caussam
1100 2000 1275 2083 ineu-rius'

125 2101 236 2184 gurari
247 2102 348 2166 coacti
358 2102 496 2166 flaminis
511 2101 611 2166 libens
623 2101 825 2180 retituissem‚
849 2105 883 2166 ni
904 2125 945 2166 ex
966 2103 1049 2168 mala
1063 2104 1146 2169 fama
1157 2106 1190 2169 in

125 2185 244 2250 bonam
269 2188 419 2253 vertisset.
464 2189 519 2254 Ob
539 2187 780 2254 adolescentiam
804 2211 842 2251 n¹
865 2191 893 2252 le
933 2203 1019 2254 ntem
1045 2190 1191 2254 luxurio-
1231 2197 1234 2208 ’

126 2293 259 2360 samque
284 2275 322 2338 C.
347 2273 479 2339 Flaccus
501 2275 649 2340 ³⁸llamen
673 2289 783 2360 captus
798 2211 870 2340 all.
922 2276 1018 2340 iciuio
1040 2279 1190 2362 pontifice

125 2361 269 2423 maximo
290 2373 367 2437 erat,
386 2361 425 2426 L.
439 2361 554 2426 Flacco
568 2360 655 2425 fratri
671 2381 824 2462 germano
839 2363 1044 2450 cognatisque
1058 2363 1127 2428 aliis
1148 2364 1191 2433 ob

126 2445 239 2510 eodem
263 2447 338 2510 vitia
356 2446 485 2514 invisus.
531 2448 573 2525 Is,
587 2460 622 2513 ut
636 2470 776 2512 animum
792 2449 858 2533 ejus
879 2471 957 2513 cura
975 2471 1135 2516 sacrorum
1160 2463 1192 2516 et

125 2532 378 2598 ceremoniarum
402 2535 495 2619 cepit,
516 2535 559 2598 ita
581 2549 713 2619 repente
734 2537 822 2600 exuit
846 2536 994 2622 antiquos
1019 2559 1132 2616 mores,
1155 2549 1192 2602 ut

126 2639 223 2683 nemo
244 2622 508 2706 tota⁰juventute
524 2619 695 2685 baberetur
704 2621 803 2705 prior,
819 2642 878 2685 nec
896 2623 1061 2707 probatior
1070 2620 1191 2709 primo·

125 2703 215 2770 ribus
238 2705 381 2783 Petrum,
403 2706 469 2770 suis
490 2707 609 2791 pariter
630 2706 812 2795 alienisque,
835 2719 923 2772 esset.
969 2708 1081 2796 Hujus
1098 2710 1191 2776 Iamae

366 2881 375 2916 ῑ
386 2882 460 2930 locuta
470 2883 544 2930 Gran.
557 2885 626 2934 ctev.
764 2885 812 2932 uitt
823 2887 872 2932 lala
884 2884 954 2934 lted.

128 3033 216 3074 senatu
233 3030 345 3092 Ιιςὶοηιηι
361 3047 393 3080 ex
408 3031 553 3080 Macedonia
564 3032 644 3080 deduci
677 3031 772 3080 mendis
782 3034 865 3077 scatet

123 3105 207 3152 porra.-
224 3093 319 3143 waram
338 3100 395 3144 satir
411 3111 457 3144 erse
473 3095 504 3142 ud
520 3095 644 3144 arcendam
708 3095 740 3143 st
757 3095 859 3141 Senatus
871 3094 954 3154 papali
967 3098 1103 3155 potestatem
1116 3093 1191 3158 ficii]

127 3155 205 3204 Italia
221 3172 306 3220 regern.
338 3159 401 3207 Cum
419 3161 643 3214 biaceconciliare‚
678 3161 780 3208 Senatus
799 3159 893 3206 censuit
915 3159 1016 3206 liberam
1037 3156 1138 3220 uujrsoe
1156 3161 1191 3206 rei

128 3234 185 3280 quae
203 3225 249 3270 hoc
260 3226 313 3272 loco
324 3227 440 3286 legimus,
450 3239 496 3272 uec
505 3238 646 3286 possumus,
677 3231 822 3286 potestatem
833 3224 923 3283 populo
933 3237 986 3272 care
1000 3225 1191 3284 relinquendam.

128 3300 174 3332 uec
184 3292 310 3336 conamur.
678 3291 717 3336 Sic
735 3289 833 3336 Sallust.
849 3289 908 3348 Jug.
924 3302 946 3334 c.
963 3288 1003 3336 ts.
1023 3287 1102 3334 Graecs
1119 3289 1192 3348 optio·

159 3349 192 3396 36
207 3353 241 3399 Iu
251 3367 303 3400 cum
313 3353 400 3417 haum]
418 3355 458 3402 Sic
468 3355 544 3402 edidit
553 3355 646 3401 Grouo-
677 3369 728 3402 nerra
742 3353 1084 3414 Gartlruga'aicnar'umsacr'ual.

128 3414 184 3460 vius
200 3431 230 3463 ex
246 3418 409 3478 plurimorum
427 3419 498 3465 MSS.
516 3431 645 3477 consensu,
708 3417 741 3464 38
757 3419 857 3464 Floram
869 3414 961 3478 rmus]
980 3415 1089 3464 Verbum
1107 3417 1132 3462 iu
1147 3417 1193 3463 bac

126 3483 301 3544 conmuditqua
311 3483 386 3530 Mum
402 3484 441 3530 bic
457 3495 527 3544 posse
543 3483 645 3544 iutelligi
677 3497 703 3529 re
718 3483 852 3543 proprium.
883 3479 1016 3528 chebatur
1026 3483 1093 3528 enirn
1105 3483 1193 3527 flamen

117 3547 226 3605 &rupae
259 3547 290 3593 lu
312 3549 452 3608 exemplum
475 3549 544 3594 affert
562 3549 646 3608 vulga-
678 3549 739 3607 oapi,
751 3547 849 3594 vestalis
865 3547 929 3606 capi,
941 3546 966 3591 id
982 3553 1029 3600 eat,
1041 3547 1122 3607 eilgia
1132 3557 1194 3605 pou·

128 3613 167 3656 tar
186 3609 240 3656 illae
267 3613 400 3658 locutiones
426 3612 457 3658 ad
483 3613 509 3658 s'd
534 3613 645 3669 locorum
678 3613 869 3660 tificemarlmo.
903 3609 1194 3664 vid..A.Gctlium,t1.

128 3674 216 3720 interea
230 3675 282 3721 loci.
315 3676 430 3724 Nobiaut
446 3677 472 3724 id
490 3677 645 3737 persuadere·
678 3691 699 3722 c.
722 3675 760 3723 12.
793 3676 864 3729 Quod
882 3681 963 3722 autem
983 3677 1023 3723 bic
1042 3677 1072 3724 L.
1091 3675 1194 3722 Flaccus

127 3744 178 3793 tur,
200 3740 254 3785 uta
276 3743 421 3801 quibusdem
445 3742 564 3802 exemplis
586 3755 646 3802 opus
679 3741 767 3787 flamen
783 3747 868 3800 captus
884 3747 1034 3788 memoratur
1049 3755 1065 3788 a
1081 3740 1194 3802 pontifice

128 3805 322 3860 murder-etur,
335 3820 391 3866 quae
402 3808 481 3867 magis
498 3819 550 3852 rem
562 3812 646 3867 tange.
678 3806 788 3852 marumo
809 3807 840 3851 ob
859 3806 1047 3852 adolescentiam
1069 3805 1194 3866 negligen-

127 3874 192 3916 rent.
237 3869 324 3931 Itaque
351 3876 449 3917 utemur
476 3871 591 3917 libentius
617 3885 645 3920 eo
678 3876 729 3914 tem
761 3871 969 3929 luxuriosamque,
1004 3871 1122 3917 nimirum
1155 3867 1194 3916 rel

128 3934 193 3991 (prod
205 3939 278 3981 antea
294 3937 423 3982 edebatur:
441 3937 467 3981 in
478 3949 644 3982 cumeorum:
678 3935 784 3992 sperarit
803 3935 913 3994 pontifex
932 3936 1065 3989 maximus,
1084 3937 1110 3981 id
1128 3934 1194 3995 quod

127 3999 263 4057 etquidem
274 4001 553 4060 eomugis,quodunus
563 4002 645 4060 proboe
678 3999 768 4052 evenit,
780 3999 831 4044 fore
850 4005 879 4044 ut
898 3998 996 4044 animus
1012 3997 1065 4060 ejus
1081 4013 1140 4047 cura
1155 4012 1194 4044 sa-

128 4069 194 4108 nctae
209 4065 428 4111 codexasecunda
443 4067 543 4124 quidem
559 4079 644 4119 manu,
678 4076 774 4108 crorum
793 4069 818 4108 et
839 4063 1035 4109 cerimoniarum
1063 4070 1195 4124 occupatus

129 4127 171 4172 aad
188 4128 262 4174 habet
281 4136 363 4175 tamen
383 4129 408 4173 iu
427 4143 480 4176 eum
497 4143 602 4183 cauam,-
620 4137 645 4175 et
677 4127 862 4185 vitiaexueret3
880 4127 927 4180 vel,
939 4128 1141 4186 quiaclariasimo
1152 4142 1194 4188 ge·

131 4189 185 4236 Put.
202 4205 234 4238 ex
249 4205 308 4252 quo,
326 4193 346 4237 ai
363 4205 412 4238 non
429 4195 520 4251 omnia,
532 4194 645 4256 pleraque
678 4205 735 4237 nere
753 4198 821 4237 crtus
836 4191 976 4236 adolescens
991 4194 1022 4238 ob
1039 4206 1126 4252 pravos
1142 4205 1195 4238 mo-

128 4261 269 4316 certeque
288 4264 417 4316 supersunt
440 4257 503 4304 Livr'i
524 4261 646 4318 exempla·
678 4269 717 4302 res
728 4257 824 4302 nullum
844 4255 968 4314 publicum
988 4270 1080 4303 munus
1094 4255 1196 4316 adipisci

129 4319 167 4367 ria
176 4321 295 4380 descripta
306 4328 373 4374 sunt,
385 4321 410 4366 in
423 4329 474 4370 tuta
490 4325 535 4368 hac
550 4324 647 4382 prouin-
679 4333 748 4380 posse
766 4321 897 4376 videretur,
918 4319 972 4366 ideo
992 4322 1063 4366 solari
1080 4328 1196 4378 cognatos

129 4382 222 4432 ciarum
254 4386 454 4446 exercituumque
486 4388 645 4448 descriptione
678 4382 1196 4447 ejusvoluit‚hocciimpertituaacerdotio.
