3064 4976
442 202 537 262 LlB.
557 200 644 260 xxi.
670 201 880 261 CARXVI.
1111 156 1114 162 *
1151 211 1190 266 23

144 370 194 430 su¹¹
206 376 316 450 eventu
329 353 395 430 est.¹
411 363 484 430 ‘Cui
499 345 583 430 euim
598 365 685 450 parci
700 375 805 450 potuit
818 385 859 430 ex
872 386 920 444 ns,
937 383 991 452 qur
1006 377 1061 452 aut
1074 345 1189 430 inclusi
1198 347 1266 434 tac
1278 353 1346 456 434,
1441 409 1443 416 1

141 473 203 516 cum
218 452 404 540 conjugibus
419 474 456 517 sc
469 451 576 516 liberis
589 449 702 516 domos
715 453 858 537 superse
873 451 957 537 ips'os
971 449 1227 518 concremare-b
1239 449 1268 496 ⁰·
1277 443 1334 496 ²¹⁸·

139 550 215 686 punt,
228 539 409 690 autParmati
426 538 547 602 nullum
563 551 636 603 ante
647 537 741 604 finem
759 559 886 628 pugnae,
897 561 991 624 quam
1009 540 1188 620 morientes,

149 638 269 690 ecerunt
348 659 351 668 ’
401 659 406 668 ·

175 711 246 776 XV.
270 713 410 798 Captum
431 711 586 797 oppidum
601 724 648 776 est
662 733 735 776 cum
758 711 880 796 ingenti
901 712 1019 797 praeda:
1066 711 1189 790 Quam·

137 811 220 880 qu'am
243 799 394 884 pleraque
415 799 456 863 ab
475 799 612 862 dominis
626 799 667 863 de
684 799 842 864 industria
864 815 1019 886 conrupta
1041 812 1143 882 erant,
1158 799 1191 865 el

136 883 164 946 in
177 885 315 950 caedibus
328 886 384 948 vix
401 885 501 950 ullum
515 884 684 949 discrimen
699 885 800 952 aetatis
820 885 868 949 ira
890 884 1013 964 fecerat,
1029 898 1061 950 et
1075 884 1190 972 captivi

137 970 261 1036 militum
278 972 391 1057 praeda
404 959 547 1049 lueraut3
569 983 675 1036 tamen
692 986 724 1035 et
738 991 778 1036 ex
800 967 903 1056 pretio
925 994 1032 1038 rerum
1047 963 1190 1037 vendita·

134 1079 198 1120 rum
212 1057 412 1146 aliquantum
432 1059 576 1142 pecuniae
597 1057 759 1122 redactum
774 1081 840 1122 esse
854 1073 987 1136 constat,
1003 1074 1035 1124 et
1058 1058 1190 1124 multam

134 1145 296 1228 pretiosam
328 1144 565 1230 supellectilem
579 1157 761 1233 vestemque
789 1147 918 1208 missam
947 1145 1189 1228 Karthaginem.

137 1229 249 1296 Octavo
275 1243 512 1316 mense‚'quam
538 1247 678 1316 coeptum
704 1231 893 1318 obpugnari‚
915 1247 1042 1318 captum
1065 1235 1191 1320 Sagun·

137 1317 347 1406 tum,quidam
364 1319 533 1402 scripsere:
549 1318 622 1382 iniis
634 1315 757 1382 Kartha
781 1317 863 1382 'nem
878 1339 992 1383 novam
1008 1319 1039 1382 in
1057 1317 1208 1384 hiberna*

138 1402 345 1470 Hannibalem
372 1406 581 1470 concessisse:
608 1405 720 1491 quinto
748 1339 864 1468 <Sinde
892 1425 1007 1482 mense,
1031 1424 1125 1491 quam
1139 1405 1192 1468 ‘ab

137 1487 328 1578 Karthagine
344 1489 503 1575 profectus
518 1491 569 1569 sit,
587 1491 620 1554 in
636 1490 758 1555 ltaliam
775 1492 966 1576 pervenisse.
1011 1491 1095 1568 Quae
1107 1491 1133 1556 si
1148 1491 1192 1556 ita
1290 1541 1293 1548 ,

135 1590 208 1654 suut,
222 1577 294 1642 fieri
310 1599 376 1640 non
397 1577 511 1662 potuit,
527 1588 563 1642 ut
579 1576 615 1641 Ρ.
633 1577 809 1654 Cornelius,
825 1576 878 1641 Ti.
896 1577 1101 1662 Sempronius
1116 1600 1192 1642 con-

136 1651 208 1726 sules
234 1663 369 1748 fuerint,
397 1665 436 1727 ad
468 1686 546 1749 quos
575 1677 606 1728 et
634 1664 792 1748 principio
821 1663 1068 1748 obpugnationis
1087 1665 1193 1751 'legati

138 1748 297 1833 Saguntini
322 1751 408 1814 missi
429 1753 501 1827 sint,
517 1750 617 1837 etqui
639 1752 673 1812 in
691 1772 748 1815 suo
769 1751 954 1836 magistratu
977 1751 1050 1814 cum
1069 1751 1194 1816 Hanni-

137 1833 207 1912 bale,
219 1836 297 1903 alter
312 1836 356 1901 ad
368 1837 519 1901 Ticinum
535 1857 672 1912 amnem,
685 1837 780 1900 ambo
795 1837 956 1923 aliquanto
968 1850 1040 1921 post
1054 1837 1093 1901 ad
1112 1837 1193 1902 Tre·

139 1919 224 2004 biam,
244 1925 474 2012 pugnaverint.
520 1923 588 1987 Aut
612 1925 719 1988 omnia
745 1923 890 1990 breviore
911 1923 1080 2008 aliquanto·
1095 1922 1192 2002 litere,

135 2007 214 2074 ⁶⁵aut
229 2009 586 2098 Saguntumprincipio
602 2009 688 2086 anni,
704 2032 768 2095 quo
784 2009 821 2074 P.
838 2009 1016 2089 Cornelius,
1033 2009 1085 2075 Ti.
1104 2012 1194 2076 Sern-

134 2097 254 2178 pronius
278 2095 427 2162 consules
448 2096 586 2173 fuerunt,
607 2117 671 2159 non
695 2111 838 2180 coeptum
861 2095 1040 2183 obpugnari
1062 2112 1118 2172 est,
1140 2095 1195 2161 sed

137 2195 267 2266 captum.
293 2184 380 2249 Nem
393 2184 559 2248 excessisse
574 2204 681 2269 pugna
696 2183 735 2244 ad
749 2182 900 2249 Trebiam
917 2183 949 2245 iu
966 2179 1085 2246 annum
1100 2183 1194 2247 ⁶⁶Cn.

138 2267 251 2334 Servilii
266 2285 301 2336 et
318 2270 373 2334 C.¹
385 2269 534 2332 Flaminii
550 2291 613 2332 non
654 2282 752 2332 otest:
774 2269 849 2353 quia
864 2268 1037 2342 Flaminius
1054 2267 1195 2334 Arimini

137 2357 331 2422 consulatum
355 2356 436 2431 iniit,
463 2369 585 2420 creatus
611 2291 651 2420 ab
674 2355 726 2419 Ti.
745 2355 934 2438 Sempronio
956 2355 1087 2418 consule
1095 2379 1104 2431 ;
1127 2355 1193 2442 qui,

136 2457 200 2525 post
224 2465 371 2532 pugnarn
399 2442 440 2506 ad
466 2441 617 2507 Trebiam
643 2441 682 2506 ad
710 2440 863 2505 creandos
889 2439 1033 2505 consules
1057 2439 1194 2506 Romam

136 2550 223 2611 quum
247 2531 399 2607 venisset,
419 2529 556 2594 comitiis
578 2527 723 2614 perfectis
746 2527 786 2592 ad
810 2528 984 2593 exercitum
1006 2529 1039 2592 in
1061 2527 1196 2594 hiberna

138 2617 232 2682 rediit.

174 2702 267 2770 XVI.
294 2703 365 2768 Sub
394 2701 478 2766 idem
510 2699 575 2766 fere
604 2713 728 2786 tempus
757 2714 790 2766 et
817 2701 924 2790 legati,
955 2704 1009 2790 qui
1038 2703 1197 2768 redierant

137 2809 153 2850 a
173 2788 384 2877 Karthagine,
409 2789 547 2868 Romam
569 2789 759 2865 retulerunt,
782 2789 889 2854 omnia
913 2789 1042 2855 hostilia
1066 2813 1147 2865 essa·
1164 2803 1198 2854 et

139 2873 263 2962 Sagunti
287 2874 454 2941 excidium
477 2875 660 2940 nunciatum
685 2888 747 2939 est:
771 2887 941 2961 tantusque
962 2876 1054 2940 simul
1076 2893 1198 2940 moeror
1206 2890 1283 2950 capto
1295 2889 1338 2938 Sa·

140 2960 251 3040 Patres,
278 2960 559 3048 misericordiaque
584 2961 740 3026 sociorum
762 2976 977 3044 peremturum
1002 2963 1143 3051 indigne,
1166 2960 1343 3032 et⁸!¹'¹²⁰²¹⁹'

138 3047 232 3128 pudor
248 3071 314 3114 non
338 3049 396 3112 lati
412 3047 531 3125 auxilii,
547 3059 579 3112 et
604 3049 652 3112 ira
675 3050 708 3110 in
726 3047 1017 3136 Karthaginienses,
1033 3021 1292 3136 metusqueffi‘
1302 3019 1351 3066 R*

139 3132 173 3198 tle
187 3158 311 3200 summa
333 3157 440 3200 rerum
457 3138 550 3220 cepit,
568 3133 654 3199 volut
668 3134 693 3198 si
703 3135 771 3222 jam
787 3135 827 3199 ad
850 3147 957 3220 portas
981 3135 1078 3201 bostis
1101 3148 1200 3242 essen

360 3322 411 3373 hta
422 3327 470 3388 spa
482 3325 557 3372 oron.
570 3325 644 3389 crea
779 3313 787 3354 ¹
800 3323 828 3371 c.
839 3324 886 3372 aa.
898 3325 971 3370 aron.

137 3501 193 3536 unus
213 3506 228 3539 e
252 3492 344 3538 nostris
368 3497 452 3538 carent
478 3492 649 3552 praepositione
681 3493 760 3540 belem
779 3495 864 3540 eodem
882 3494 932 3540 iere
952 3497 1060 3552 tempore
1073 3491 1205 3558 Carthagi-¹

137 3554 172 3598 in.-
188 3569 231 3602 nec
243 3569 304 3603 sane
314 3557 357 3602 illa
369 3557 461 3618 indiget
472 3557 558 3602 oratio.
680 3553 711 3604 ne
721 3558 792 3605 Nova
809 3559 921 3614 movisse,
934 3571 983 3617 quo
999 3557 1025 3602 hi
1038 3557 1157 3611 consules,
1171 3557 1198 3604 P.

143 3619 195 3665 ’65
210 3623 262 3667 Aut
287 3622 423 3680 Saguntum
449 3622 568 3682 principio
592 3621 650 3666 anni
681 3623 807 3669 Cornelius
828 3629 853 3668 et
874 3623 912 3669 Ti.
933 3621 1089 3680 Sempronius
1109 3621 1200 3682 magis·
1291 3669 1302 3686 ,Ι

137 3686 312 3749 nummum]
332 3685 439 3732 Omnino
455 3697 551 3732 necesse
562 3691 608 3739 est,
620 3691 649 3730 ut
681 3693 773 3733 tratum
801 3687 923 3742 inierunt3
953 3681 1089 3746 Saguntum
1116 3692 1200 3732 autem

138 3746 265 3807 Sagrrmum
287 3764 336 3796 non
353 3750 472 3810 principio
490 3747 564 3812 hujus
581 3749 648 3802 anni,
681 3759 780 3812 captum
799 3765 850 3798 esse
872 3752 917 3796 sub
940 3751 1013 3810 finem
1035 3751 1127 3796 aestatis
1144 3748 1201 3812 'ejus

137 3815 174 3860 sed
193 3815 318 3874 aliquanto
342 3822 400 3860 ante
424 3815 497 3860 finem
520 3815 649 3874 superioris
681 3817 749 3874 anni,
770 3829 819 3876 quo
842 3819 875 3862 Μ.
893 3815 976 3862 Livius
997 3821 1022 3860 et
1045 3813 1073 3860 L.
1087 3815 1201 3861 AEmilius

137 3883 228 3936 captum
244 3879 329 3926 suerit.
363 3879 487 3925 liisenim
500 3879 650 3938 temporibus
681 3883 792 3926 consules
809 3881 884 3926 fuere.
917 3881 998 3939 Atque
1017 3880 1052 3926 ita
1067 3880 1140 3926 habet
1156 3879 1201 3926 Po·

137 3943 240 3990 consules
257 3943 343 3990 Idibus
361 3943 459 3990 Martiis
478 3945 648 4004 magistratum
680 3945 796 4004 lybius,a
814 3960 862 4004 quo
879 3946 923 3992 hac
935 3945 960 3990 in
971 3957 998 3990 re
1011 3945 1149 3996 discessisse
1159 3944 1203 3988 Li.

138 4004 231 4052 inibunt.
265 4008 322 4054 vid.
343 4007 433 4053 xxtt.
455 4008 476 4056 1.
505 4007 606 4054 xxvt.
626 4007 646 4053 1.
683 4010 750 4056 rium
766 4005 858 4055 mirum
869 4017 915 4066 est,
927 4009 970 4070 qui
986 4022 1043 4055 eum
1059 4009 1099 4054 hic
1109 4006 1210 4075 passims

139 4067 368 4120 xxvlt.t.1nfra
384 4077 467 4118 autem
483 4071 554 4119 c2l.
571 4071 649 4119 Auni·
681 4074 863 4121 fereexscribit.
935 4083 938 4090 '
1132 4073 1135 4080 ’

137 4133 209 4180 batem
220 4138 332 4184 videmus
348 4137 428 4196 primo
440 4149 498 4202 lvere
514 4137 650 4194 proiectum
694 4145 699 4154 ·
714 4137 746 4184 66
760 4138 807 4202 Cra
816 4139 913 4186 Seruilii
923 4142 945 4184 et
958 4137 986 4185 C.
995 4136 1124 4200 Flaminii]
1136 4135 1210 4186 Praen

138 4209 184 4244 esse
205 4215 236 4248 ex
263 4201 393 4260 Hispanis,
414 4207 542 4260 postquam
569 4207 650 4247 totum
681 4215 770 4248 nomen
791 4203 914 4258 Flaminii,
932 4203 995 4268 quod
1017 4203 1041 4246 in
1058 4202 1210 4258 ¹editismoa·

140 4265 228 4324 tempus
243 4266 338 4328 ¹hiemis
348 4287 350 4296 =
359 4265 503 4324 mactandis
522 4265 603 4324 quiete
625 4270 650 4310 et
681 4270 844 4326 comparebat,
857 4275 954 4318 servant
969 4267 1056 4326 optimi
1072 4264 1211 4324 ascriptis„

139 4325 183 4372 otio
207 4331 314 4376 militum
331 4329 486 4386 ¹corporibus
514 4330 650 4389 animisque
682 4337 736 4378 tum
753 4333 988 4392 Gronoviauis‚tum
1006 4331 1110 4377 nostris:
1128 4335 1152 4376 et
1168 4329 1211 4398 aig

139 4388 216 4439 datum
237 4400 307 4442 esset.
345 4392 415 4438 Unde
436 4393 556 4453 colligitur
573 4395 651 4442 annis
682 4397 887 4444 intumuerat.-
1019 4415 1023 4420 ·

738 4469 792 4522 cl
