3036 4972
301 211 360 272 ns
678 199 792 260 rra-1
820 161 963 261 nrv'r'r

91 359 94 367 ’
138 384 207 434 uzc.
218 382 274 434 aaa
298 355 356 433 tris
372 386 480 454 pugna
494 364 582 432 nulla
593 341 770 434 admodum
786 363 856 431 luit.
878 363 1072 468 quissimul
1093 364 1278 434 inclinatam
1295 365 1365 436 rne-

136 451 168 500 A,
180 453 207 500 ⁰·
219 451 273 500 ²¹⁶*
298 454 385 520 diam
399 452 500 520 aciem
517 453 626 518 Mauri
643 452 854 539 Numidaeque
868 452 1027 530 viderunt,
1042 455 1205 540 extemplo
1219 457 1295 545 fuga
1317 459 1363 524 ef·

77 557 79 562 ’
287 539 367 606 -fusa
381 539 468 605 nuda
483 561 613 616 cornua,
629 538 803 624 elephantis
814 559 940 626 quoque
954 560 1023 623 prae
1038 561 1071 604 se
1086 541 1172 619 actis,
1185 539 1363 622 deseruere.

298 627 342 693 Et
360 625 558 706 Hasdrubal,
574 625 728 714 usquead
745 625 890 690 ultimum
913 638 1060 691 eventum
1077 648 1195 716 pugnae
1209 631 1362 709 moratus,

296 737 316 778 e
331 713 435 778 media
456 714 543 778 coede
563 735 635 778 cum
659 713 768 798 paucis
782 711 903 797 effugit
948 712 1063 777 Castra
1085 713 1223 780 Romani
1238 738 1362 802 cepere,

296 812 393 887 atque
418 799 587 886 diripuere.
634 800 684 864 Ea
707 821 825 887 pugna,
848 799 907 862 ⁴⁰si
931 821 995 884 qua
1018 798 1117 864 dubia
1138 801 1172 864 in
1201 802 1368 888 Hispania.

259 910 261 922 ¹
297 899 397 965 arant,
415 886 569 952 Romanis
582 886 747 973 adjunxit:
773 884 1032 970 Hasdrubalique
1050 907 1114 949 non
1136 889 1233 952 modo
1247 891 1280 954 in
1296 893 1363 954 lta-

296 973 373 1038 liam
398 972 584 1039 traducendi
607 975 776 1050 exercitus,
803 971 923 1037 sedne
951 972 1099 1038 manendi
1128 975 1256 1060 quidem
1286 977 1365 1041 satis

297 1071 370 1125 tuto
398 1062 431 1123 in
463 1059 632 1144 Hispania,
659 1081 746 1144 spem
776 1059 911 1146 reliquit
955 1059 1040 1135 Quas
1060 1072 1231 1146 postquam
1262 1063 1363 1127 literis

300 1135 486 1231 Scipionum
518 1149 630 1211 Romae
655 1145 782 1233 vulgata
809 1158 891 1221 sunt,
914 1166 979 1209 non
1006 1157 1070 1209 tam
1101 1148 1244 1229 victoria,
1267 1171 1364 1236 quarn

299 1231 463 1320 prohibito
480 1231 693 1297 Hasdrubalis
708 1230 882 1296 iarltaliam
898 1231 1042 1312 transitu,
1056 1231 1259 1299 laetabantur.

344 1318 464 1384 XXX.
487 1321 576 1383 Dum
604 1318 676 1384 baec
709 1319 742 1384 in
774 1317 934 1404 Hispania
967 1330 1130 1405 geruntur,
1163 1320 1300 1386 Petelia⁴³
1328 1321 1365 1386 in

300 1405 446 1482 Bruttiis,
458 1405 580 1492 aliquot
592 1419 665 1492 post
679 1404 852 1483 mensibus,
862 1425 956 1491 quam
972 1416 1077 1489 coepta
1089 1405 1269 1493 obpugnari
1283 1421 1364 1486 erat,

136 1514 228 1562 Petelia
238 1514 263 1560 tn
300 1492 341 1558 ab
359 1491 556 1571 Himilcone,
571 1491 722 1577 praefecto
739 1491 942 1571 Hannibalis,
957 1505 1140 1580 expugnata
1153 1509 1209 1560 est.
1238 1493 1366 1560 41ΜιιΙω1

99 1623 103 1627 -
136 1579 281 1656 Βψῑξίῑηῑ)
300 1583 349 1643 to'
368 1579 525 1667 sanguine
549 1602 586 1644 ac
600 1578 782 1644 uulneribus
807 1601 845 1642 ea
872 1578 983 1645 Poenis
1005 1579 1136 1643 victoria
1161 1581 1264 1646 stetit:
1301 1602 1365 1646 nec

116 1644 277 1770 {wne
299 1665 365 1730 nlla
386 1667 547 1752 magistris
563 1668 721 1754 obsessos,
739 1686 836 1753 quam
856 1663 963 1740 fames,
986 1667 1187 1750 expugnavit.
1211 1667 1365 1732 absumtis

299 1754 383 1817 euim
401 1751 529 1840 frugum
552 1752 717 1829 alimentis,
734 1752 899 1838 carnisque
919 1751 1023 1815 omnis
1043 1754 1167 1839 generis
1181 1753 1365 1840 quadrupu-¹

298 1839 394 1916 dum3
416 1838 582 1904 ⁴²sutrinse
602 1851 763 1925 postremo
783 1838 887 1915 coriis,
905 1838 1072 1925 herbisque
1092 1853 1124 1904 et
1144 1841 1314 1918 radicibus,
1331 1855 1366 1906 et
1462 1848 1480 1860 “

298 1926 470 1992 corticibus
488 1927 616 2004 teneris,
631 1925 843 2010 “strictisque
858 1925 945 1988 rubis
959 1927 1084 2002 vixere3
1107 1947 1176 2004 nec,
1194 1940 1364 2014 antequam

301 2013 381 2078 viras
398 2013 440 2078 ad
465 2012 612 2084 standum
633 2012 667 2076 in
694 2010 793 2076 muris
818 2009 1010 2096 ferendaque
1033 2033 1121 2076 arma
1142 2013 1283 2092 deerant,
1303 2035 1365 2079 cx·

298 2099 432 2189 pagnati
447 2114 530 2165 sunt.
576 2099 717 2184 Recepta
733 2097 862 2175 Petelia,
879 2097 1002 2162 Poenus
1022 2097 1065 2163 ad
1082 2097 1287 2188 Consentiam
1308 2121 1366 2164 co-

298 2187 367 2271 pias
394 2188 548 2252 traducit:
582 2207 689 2272 quam,
713 2185 818 2250 minus
847 2185 1051 2270 pertinaciter
1078 2183 1249 2267 defensam,
1278 2187 1367 2252 intra

298 2295 417 2359 paucos
441 2274 560 2338 diesin
590 2273 782 2338 deditionem
813 2272 943 2356 accepit.
987 2269 1104 2336 Iisdem
1129 2271 1229 2336 ferme
1253 2269 1367 2339 diebus¹

138 2379 263 2426 crotocs-
300 2375 334 2427 et
356 2361 556 2426 Bruttiorum
584 2358 739 2424 exercitus
766 2357 949 2436 Crotonem,
977 2359 1124 2422 Graecam
1152 2359 1275 2438 urbem,
1302 2360 1367 2424 cir-

137 2445 229 2522 prturg
301 2450 464 2522 cumsedit,
494 2445 679 2532 opulentam
708 2444 871 2532 quondam
900 2444 996 2509 armis
1025 2445 1172 2531 virisque,
1203 2445 1270 2511 turir
1295 2448 1365 2533 jam

132 2510 249 2606 laruam.
301 2535 382 2600 adeo
403 2533 510 2598 multis
531 2534 718 2621 magnisque
731 2530 873 2596 cladibus
894 2529 1065 2608 adflictam,
1078 2543 1118 2596 ut
1139 2535 1243 2622 omnis
1261 2534 1368 2598 aetatis

300 2622 407 2686 minus
431 2620 543 2708 viginti
570 2619 668 2683 millia
690 2619 806 2684 civium
837 2629 1046 2702 superessent.
1068 2619 1181 2704 'itaque
1205 2618 1320 2688 “urbe
1345 2643 1368 2686 a

300 2706 518 2774 defensoribus
540 2721 628 2772 vasta
656 2705 746 2770 facile
774 2704 867 2789 potiti
895 2717 967 2769 sunt
995 2703 1118 2769 hostes:
1152 2727 1216 2770 arx
1239 2719 1367 2770 tontum

300 2803 436 2872 retenta,
452 2794 484 2856 in
501 2815 597 2880 quam
612 2791 694 2857 inter
715 2790 887 2856 tumultum
910 2803 1012 2876 captae
1027 2791 1114 2855 urbis
1128 2813 1146 2856 e
1159 2791 1265 2858 media
1276 2791 1368 2858 caede

301 2881 431 2968 quidam
446 2879 595 2967 effugere.
641 2879 684 2944 Et
700 2879 874 2943 Locrenses
895 2877 1053 2942 descivere
1067 2879 1108 2942 ad
1130 2877 1272 2944 Bruttios
1288 2879 1366 2944 Poe-

301 2990 434 3054 nosque,
462 2967 588 3053 prodita
612 2964 813 3034 multitudine
837 2987 858 3029 a
881 2964 1087 3052 principibus.
1133 2964 1281 3054 Rhegini·
1294 2979 1367 3032 tan-

303 3103 306 3110 *
410 3137 793 3198 ePesetlta.sicsemper.Gron.
806 3137 877 3186 Cres.
973 3127 1042 3190 fests
1058 3134 1172 3196 aratque
1183 3136 1258 3183 Gran.

335 3288 368 3337 40
385 3289 416 3337 sa·
430 3286 553 3350 quodubio
569 3285 728 3348 inHispmsla
740 3281 819 3346 mant]
851 3292 941 3333 serant.
974 3283 1026 3330 Hos
1040 3283 1157 3330 ruborum
1173 3283 1267 3331 inlotus
1283 3283 1368 3342 appel-

302 3359 357 3404 Put·
385 3355 462 3402 codex
495 3351 589 3399 omittit
613 3352 819 3412 praepositionem.
849 3345 1369 3403 lstovimumora,1.1.ntatam.v.105.

303 3420 414 3470 Forsitan
430 3418 561 3479 legendum
577 3417 602 3462 ts·
617 3431 662 3478 quo
677 3415 746 3463 dudio
758 3415 820 3462 Hir·
850 3413 1025 3464 ..eiiadurit
1034 3411 1326 3460 berentiamororsiris'r.

298 3489 378 3550 ponloe
387 3489 462 3532 eram.
578 3497 583 3507 ·
799 3481 801 3483 ’
883 3477 916 3526 tt
934 3479 996 3526 Urbe
1012 3490 1028 3524 a
1042 3476 1196 3540 defensorlbm
1206 3476 1284 3540 varta]
1301 3476 1369 3523 Urbe

335 3551 365 3598 41
385 3548 467 3595 Multo
481 3548 595 3608 sanguim
626 3546 689 3600 Hoc,
701 3545 765 3606 quod
776 3559 819 3606 op-
852 3557 929 3592 sacua
939 3541 1114 3600 defensoribus,
1125 3555 1182 3600 qnae
1193 3553 1240 3588 aon
1252 3543 1370 3588 idoneum

303 3618 358 3664 timi
384 3615 528 3674 praeferunt,
555 3623 596 3658 me
605 3613 643 3658 ius
665 3611 746 3656 visum
771 3617 819 3666 est,
852 3610 1006 3656 defensorum
1022 3619 1152 3653 numeram
1167 3607 1274 3654 nabent.
1308 3605 1369 3652 Vas·

302 3695 378 3744 quam
403 3679 518 3738 malimus
544 3676 670 3738 smgus'ae,
697 3679 725 3722 ut
752 3675 819 3736 prius
852 3679 890 3721 tas
916 3679 953 3719 est
977 3673 1096 3730 amenus,
1122 3671 1238 3726 incultos,
1267 3683 1369 3717 vacuus

301 3748 428 3794 edebaturz
584 3775 589 3783 .
852 3738 937 3785 Livius
948 3749 1021 3797 supra
1031 3735 1049 3790 l,
1060 3734 1093 3782 V.
1101 3749 1122 3782 c.
1134 3733 1174 3781 53.
1191 3736 1370 3782 samninus·

335 3810 367 3858 ts
384 3809 491 3857 Sutrino
512 3810 629 3868 matrona
650 3804 732 3869 coriis]
768 3803 820 3850 Vix
852 3803 900 3850 diu
918 3803 1005 3866 urbem
1042 3799 1075 3846 Et
1095 3799 1193 3846 Sallust.
1209 3799 1327 3860 Jugurth.
1346 3813 1370 3849 e.

303 3876 409 3923 dubitari
430 3878 521 3932 potest,
542 3871 602 3932 quin
625 3871 755 3930 legendum
778 3869 819 3924 sit,
852 3867 891 3917 ts.
915 3863 1370 3914 Mau..vasrasataaturaasaam-

303 3939 512 4001 quemadmodum
551 3935 627 3982 edidit
670 3935 819 3994 campanus,
851 3947 883 3980 no
898 3933 969 3978 mlta.
1002 3929 1149 3977 Addidimus
1163 3930 1275 3976 voculam
1289 3941 1371 3983 ato·

302 4009 466 4063 scutorumque
477 4005 593 4062 pensem
605 3999 687 4055 sonu,
698 3999 745 4044 nisi
755 3999 819 4058 quod
852 3997 958 4045 lentibus
987 3994 1090 4055 scriptis.
1133 3993 1186 4040 Put.
1217 3999 1370 4040 memorante

304 4067 330 4120 ei
341 4083 384 4131 que
394 4069 477 4114 abesse
491 4071 580 4125 potest.
614 4064 653 4111 Sic
663 4077 768 4124 suprsc.
781 4061 821 4109 19.
853 4061 975 4108 Gronovio
988 4061 1014 4106 in
1032 4059 1245 4107 saecutus.
1263 4055 1303 4104 64.
1315 4058 1372 4110 (nos

302 4140 329 4184 in
351 4132 475 4180 obsidione
498 4129 597 4177 casilini
615 4129 728 4176 detractas
749 4127 822 4174 sestis
854 4125 991 4173 enimaihil
1004 4139 1035 4171 ex
1048 4125 1091 4171 illo
1107 4123 1190 4170 codice
1205 4123 1236 4170 sd
1253 4123 1320 4170 hunc
1334 4123 1372 4170 lo·

299 4201 370 4263 peiles
386 4199 412 4244 in
429 4209 502 4243 usum
518 4195 566 4242 cibi
578 4205 658 4241 versas
674 4194 749 4240 fuisse
765 4205 820 4240 ner·
853 4187 911 4238 cum
927 4186 1092 4250 enatavimus)
1109 4201 1124 4234 a
1140 4188 1219 4248 prima
1235 4200 1311 4235 manu
1327 4187 1373 4235 hs·

303 4268 438 4314 ratumest
718 4287 723 4299 .
854 4257 895 4302 bet
913 4259 986 4302 vasta.
1027 4254 1116 4310 catari,
1138 4259 1163 4300 et
1183 4252 1290 4314 plerique
1311 4251 1374 4299 editi

336 4330 369 4380 ts
385 4327 483 4376 Statua
532 4358 539 4374 .
552 4359 559 4374 .
570 4323 648 4389 ritu]
666 4323 743 4372 Rubis
760 4335 821 4383 quo·
853 4323 950 4368 mma.

302 4411 359 4446 rum
377 4396 473 4444 insutus
488 4393 646 4450 strinxerant,
662 4391 711 4437 ie.
722 4389 821 4447 decerp-
