3064 4976
443 177 537 238 LIB.
559 175 646 236 XXI.
671 175 776 236 CAP.
799 175 867 236 xi.
1107 201 1116 216 ²
1149 183 1187 244 47
1284 197 1291 218 ⁸

121 341 149 404 ui
178 341 443 428 trajiciendumm
470 341 618 427 Alpium,
645 351 679 406 st
705 335 829 406 effectu.
874 338 1055 425 Oouupavit
1080 351 1225 406 tumens.
1238 359 1332 408 uma.

124 427 233 512 Scipio
249 429 378 494 Padum
401 428 559 515 trajicere,
576 441 619 505 et,
639 429 680 492 ad
697 427 849 492 Ticinum
870 449 997 491 amnem
1011 428 1105 490 motis
1120 426 1226 492 cus-A·
1237 425 1266 472 ⁰·
1277 425 1333 473 ²¹⁸

122 515 185 592 tris,
199 517 304 601 prius,
320 537 420 600 quam
433 513 582 580 duceret
592 514 625 578 in
636 515 749 595 aciem,
762 513 1037 578 adhortandorum
1049 513 1187 578 militum

122 623 241 679 caussa,
257 603 361 666 talen
372 602 550 666 mationem
566 621 699 664 exorsus
713 611 777 665 est:

23 763 24 766 Ἴ
161 688 242 753 XL.
266 691 306 754 si
317 710 383 753 mem
398 691 573 768 sancitam,
583 690 706 765 milites,
719 690 871 752 educerem
886 689 920 752 im
934 689 1040 764 aciem,
1055 709 1140 772 quem
1153 690 1189 751 in
1198 703 1326 748 Cornelius

124 774 238 840 Gauio
251 795 365 838 meorum
379 776 484 852 dabui,
499 776 730 858 supersedissem
740 777 826 858 loqui
839 777 925 856 opsed
937 795 997 839 uos.
1020 775 1097 858 quid
1109 777 1187 838 euim
1197 766 1288 812 '‘¹³¹1‘OE
1295 781 1353 812 '¹¹⁰⁸

122 861 290 926 adhortari
312 862 445 946 referret
465 872 520 925 aut
539 881 589 925 eos
610 863 734 944 equites,
750 863 805 944 qui
823 861 989 944 equitatum
1003 861 1133 925 hostium
1148 832 1352 926 ud⁸dh⁰¹²⁸⁸⁰¹'

22 995 23 1034 .
125 947 438 1034 Rhodunumflumen
459 947 640 1036 8³egregie¹¹¹
662 949 812 1024 uicissent,
828 956 883 1010 aut
896 969 948 1012 eas
962 949 1103 1032 legiones,
1126 971 1191 1013 mum

122 1034 231 1118 quibus
243 1035 426 1120 flsgientem
453 1036 532 1098 huuc
557 1035 654 1115 ipsum
683 1034 805 1109 hostem
827 1043 951 1108 sumtus,
975 1035 1191 1118 eoufissiomem

122 1123 259 1186 sedentis
273 1143 311 1184 ae
326 1122 525 1185 detrectaretis
537 1129 689 1184 certamen
706 1139 768 1201 pro
782 1121 913 1184 vinario
928 1120 1049 1182 iudai?
1086 1120 1190 1199 Nune,

123 1208 197 1290 quia
209 1209 266 1272 iile
277 1207 438 1287 exercitus,
448 1207 798 1289 Hispaniceprouinciae
806 1208 947 1290 scriptus,
957 1207 1004 1270 ibi
1012 1207 1193 1291 mmfiatre

125 1295 184 1357 Cn.
198 1296 347 1377 Scipione
361 1295 435 1358 meis
448 1294 596 1375 auspiciis
608 1313 671 1356 rem
689 1293 784 1376 gerit,
799 1293 853 1356 ubi
866 1314 931 1356 eum
947 1315 1057 1377 gerere
1069 1304 1193 1360 senaim
1216 1351 1219 1356 ,

117 1383 313 1465 populusque
328 1379 485 1444 &manus
498 1379 612 1450 uluis,
635 1400 700 1462 ego,
715 1387 750 1442 ut
762 1380 910 1442 eumdem
931 1381 1033 1444 ducmn
1048 1382 1193 1446 adrasus

123 1466 342 1532 Hannibalem
353 1487 390 1530 uc
400 1467 514 1532 Poenos
523 1464 686 1541 haberetis,
697 1466 763 1546 ipse
772 1487 819 1528 me
828 1466 898 1528 duic
908 1467 1082 1530 uoluntario
1092 1477 1193 1532 certa·

122 1554 201 1616 mini
215 1555 334 1624 obtuli,·
358 1574 436 1616 nouo
450 1553 632 1634 imperatori
646 1553 732 1634 apud
744 1571 835 1616 nouos
853 1552 966 1616 milites
980 1573 1086 1634 parua
1100 1554 1193 1618 umba

111 1639 271 1724 sarienda
285 1649 367 1704 nent.
411 1639 569 1722 Negemus
581 1637 665 1717 belii,
678 1658 750 1701 neve
762 1638 873 1701 hostem
888 1639 1036 1722 ignoretis
1039 1663 1053 1715 ,·
1074 1641 1194 1706 eumiis

124 1739 170 1792 est
185 1728 280 1804 nodis,
296 1727 420 1801 milites,
430 1725 642 1809 pregnantium,
658 1743 731 1807 qum
744 1733 831 1787 terra
845 1727 984 1808 marique
993 1728 1102 1808 priore
1115 1727 1194 1792 bello

126 1814 259 1878 vicistis:
283 1835 305 1875 a
329 1812 437 1896 quibus
449 1811 632 1893 stipendium
651 1831 714 1891 per
735 1811 849 1894 viginti
869 1831 967 1876 anuos
987 1813 1149 1896 exegistis:
1171 1835 1194 1876 a

127 1901 235 1984 quidus
256 1908 351 1981 capta
377 1899 451 1962 belii
469 1898 613 1980 premia,
636 1897 777 1962 Siciliam
797 1917 836 1959 aa
856 1897 1047 1976 Sardiniam,
1062 1899 1192 1965 habuis.

125 1989 204 2051 Erit
214 1989 316 2071 igitur
330 1987 365 2054 in
379 1986 434 2048 hoe
447 1984 613 2048 certamine
622 1984 650 2048 is
661 1982 745 2047 vobis
754 1983 876 2066 illisque
886 1985 1017 2061 anianus,
1029 1987 1084 2070 qui
1098 1988 1194 2052 uicto·

124 2073 211 2138 rideas
226 2083 257 2137 et
272 2073 363 2137 uictis
373 2093 435 2136 esse
444 2072 530 2134 solet.
573 2070 642 2132 Nee
653 2089 734 2132 nune
748 2070 808 2144 iili,
824 2070 898 2153 quia
912 2073 1037 2148 audent,
1051 2074 1107 2136 sed
1119 2075 1194 2157 quia

125 2181 245 2226 necesse
258 2169 316 2238 est,
322 2158 497 2242 pergnattsri
505 2165 596 2220 neret:
617 2155 681 2218 uisi
690 2155 826 2230 creditis,
838 2156 893 2240 qui
902 2158 1037 2220 esereitu
1050 2159 1196 2224 ineolumi

20 2263 21 2320 i
119 2268 264 2332 pugnam
279 2247 493 2320 detrectavere,
509 2264 570 2324 eas,
582 2240 608 2280 ⁸⁴
616 2242 732 2306 duabus
739 2241 886 2324 partibus
892 2245 1196 2328 peditumjequitum·

125 2334 227 2418 quein
235 2333 374 2396 mauutu
381 2330 508 2413 Alpium
517 2329 647 2404 amissis,
658 2325 792 2412 (⁸⁵qumn
802 2326 829 2366 ⁸⁶
832 2329 940 2411 piures
941 2349 1024 2412 pene
1025 2332 1195 2412 perierint,

127 2442 218 2505 quam
232 2420 408 2502 supersunt)
418 2418 492 2500 ptus
504 2417 572 2498 spei
584 2423 689 2478 nanos
703 2435 774 2478 esse.
818 2417 863 2478 At
875 2416 955 2478 euim
963 2417 1062 2498 pauci
1075 2418 1196 2502 quriiem

126 2516 207 2584 sunt,
219 2507 277 2570 sed
289 2505 425 2588 uigentes
437 2503 551 2566 animis
561 2500 803 2584 corporibusque,
814 2521 938 2584 quorsus
949 2501 1059 2568 robora
1068 2525 1107 2567 ae
1115 2506 1198 2569 uires

128 2596 179 2658 oia
192 2592 346 2658 sustinere
359 2591 483 2654 visulla
491 2589 603 2671 possit.
645 2587 787 2674 Effigies,
804 2589 894 2652 immo
906 2588 1020 2652 umbre
1032 2591 1196 2671 heminton,

116 2678 365 2764 same‚fi·igure,
384 2677 511 2752 inluuie,
525 2675 666 2759 squalore
679 2675 787 2750 mcii,
800 2677 920 2740 canuae·
932 2697 970 2738 ae
977 2676 1136 2741 debilitati
1146 2680 1196 2742 in-

127 2777 174 2830 ter
185 2787 269 2830 sana
282 2783 441 2846 rupesque.
456 2764 501 2826 ud
512 2762 587 2837 uec,
596 2761 730 2844 preesse·
737 2772 749 2798 ¹²
762 2770 860 2838 amru,
871 2763 943 2827 niae
952 2763 1087 2846 rigentes
1096 2766 1194 2842 nerui,

127 2853 260 2916 membra
275 2851 399 2913 torridu
406 2850 488 2932 gelu,
504 2845 824 2932 quassatusruetuque
838 2868 935 2925 arma,
948 2850 1053 2913 claudi
1062 2871 1100 2913 ae
1110 2851 1195 2914 debi-

127 2941 168 3004 les
181 2939 264 3022 equi.
313 2935 387 2999 Cum
401 2935 456 2998 hoe
469 2936 581 3018 equite,
592 2953 655 3000 nem
666 2933 722 2995 hoc
728 2934 838 3015 pedite
843 2937 1018 3018 pugnaturi
1031 2937 1124 3001 estis:
1145 2960 1196 3004 re-

127 3027 243 3110 liquias
269 3032 420 3087 extremus
440 3021 580 3100 hostium,
604 3041 664 3084 nou
686 3019 794 3097 hostes,
821 3019 980 3086 habebitis.
1017 3021 1101 3088 8'Aa
1115 3025 1198 3089 nihil

324 3196 400 3239 fluas
410 3205 473 3254 egre
483 3193 555 3241 cuer.
720 3195 834 3256 ¹¹perusti
845 3194 921 3242 Gran.
933 3193 1006 3243 Gser.

159 3380 193 3428 83
209 3378 272 3425 Nou
288 3389 353 3438 egre
372 3377 648 3441 summasunmna
680 3380 823 3438 mutaverit,
842 3380 971 3426 maestum.
1011 3378 1058 3426 Sed
1080 3376 1108 3426 ei
1125 3391 1199 3439 quum

128 3447 153 3492 ia
164 3443 293 3492 not.adl.
310 3441 441 3490 xxxin.
460 3456 482 3489 a.
503 3445 526 3490 6.
544 3448 649 3490 testatur
680 3443 721 3490 hio
732 3443 819 3491 melius
826 3445 928 3491 videtur.

127 3512 191 3556 hane
220 3508 270 3554 sibi
298 3507 430 3554 occurrisse
461 3508 591 3555 lectionem
622 3507 648 3554 in
712 3508 745 3555 86
760 3507 849 3554 Plures
863 3521 923 3569 pene
935 3507 1141 3568 pesonam
1157 3519 1197 3554 ru·

128 3588 178 3621 uno
197 3572 302 3632 optime
323 3577 388 3618 notae
403 3572 493 3621 aodice.
526 3572 589 3618 iiam
604 3586 649 3620 nas
675 3572 787 3635 persam]
806 3572 906 3620 Falsum
923 3571 950 3619 ei
960 3577 1069 3632 pennus
1086 3573 1199 3619 observat

127 3651 227 3700 quoque
245 3635 386 3684 invenimus
401 3637 573 3684 ini'husneeo.
606 3636 651 3684 Cs-
682 3637 827 3684 Gronovius.
870 3637 974 3684 Duabus
996 3637 1064 3682 enim
1085 3649 1099 3683 s
1121 3635 1199 3682 tribus

128 3705 175 3750 teri
191 3703 286 3748 habent
301 3703 474 3748 tantummodo
489 3714 568 3761 egee.-
584 3703 651 3748 umis
682 3702 793 3762 partibus
814 3703 920 3762 amissis,
947 3715 996 3748 non
1023 3706 1128 3761 possunt
1149 3715 1198 3747 non

129 3768 205 3814 Valla
224 3766 316 3812 issem
336 3767 439 3826 egregia
453 3768 519 3828 quod
537 3766 650 3826 &inceps
682 3767 782 3827 partim
802 3769 891 3826 plasea.
930 3766 1041 3814 Dalanda
1061 3774 1098 3812 est
1123 3765 1200 3827 igitur

128 3833 235 3878 adimens
257 3829 367 3888 amplexi
390 3837 457 3879 sunt.
489 3831 565 3878 Favet
592 3831 653 3880 huie
682 3832 736 3880 biso
748 3833 842 3891 vocula,
858 3845 913 3892 quae
929 3833 1025 3878 videtur
1041 3837 1157 3878 ormense
1167 3843 1200 3878 ex

130 3895 298 3942 mendatioui
317 3905 382 3940 unus
401 3905 415 3940 e
437 3895 535 3953 amnis,
555 3896 581 3942 in
602 3909 651 3955 quo
683 3896 825 3956 repetitione
846 3897 983 3956 primarum
1003 3895 1140 3944 litterarum
1162 3907 1199 3942 ss·

130 3960 220 4020 legitur
240 3971 317 4020 egres.
350 3956 404 4004 Nos
421 3965 505 4006 umen
522 3973 566 4020 pso
582 3972 651 4007 mosa
682 3962 780 4022 quentis
791 3962 858 4008 verbi
864 3962 986 4022 mrumst.
1051 3951 1055 3962 ⁴

25 4039 30 4051 ·
131 4031 223 4079 nomm,
252 4023 369 4082 seriptum
404 4023 544 4082 lectionem,
580 4021 651 4087 cujus
714 4025 747 4073 87
762 4023 800 4072 Ao
817 4025 879 4072 uidit
893 4027 970 4087 magu
986 4039 1155 4088 numnquam
1171 4039 1200 4072 ue

132 4085 651 4152 psobusestssnsus,euiiibetsanjsatness
682 4095 805 4150 summ
823 4089 1202 4153 mmmmm-serus}

133 4154 312 4214 anupaninus.
683 4155 753 4202 Prius
772 4155 836 4202 iilud
855 4167 937 4216 mm,
955 4155 1020 4216 quod
1044 4168 1123 4216 nsque
1143 4153 1199 4202 Jsc.

166 4217 200 4264 84
212 4218 313 4276 Dubris
329 4217 455 4281 parisius]
477 4217 649 4266 nuenaria-
682 4220 829 4276 Gronovius,
845 4233 925 4281 neque
942 4233 987 4266 nos
1000 4221 1027 4266 in
1047 4219 1199 4280 uilosesipto

136 4276 649 4410 ‘inmiteuiiitts
681 4283 1206 4412 {ti-timiniffliiiiiii

480 4379 489 4405 s
755 4382 765 4398 ι
902 4389 903 4393 =
1010 4379 1018 4406 s
