3036 4972
337 199 393 260 raa
513 171 515 180 ’
721 193 835 258 urar
861 189 998 260 uruat

173 371 202 420 u.
212 373 241 420 c.
252 370 310 424 aaa.
332 357 403 424 foro
417 359 457 425 de
470 359 519 437 iis,
534 357 591 446 qui
609 355 693 424 clam
708 359 742 421 in
759 356 937 445 conloquiis
952 356 1096 436 panau
1117 357 1254 439 firmat,
1269 359 1400 428 inbuta

170 436 203 486 Α·
212 439 242 486 ⁰·
253 437 309 488 ²¹⁶·
332 467 429 532 supra
443 446 644 534 septunginta
657 445 824 510 damnatos
838 444 1030 530 proditionis
1041 442 1325 532 sec'uri'percussit,
1341 449 1400 514 bo-

332 555 437 622 naque
451 555 561 598 acrum
577 531 671 618 jussit
685 530 813 616 publica
828 532 940 617 populi
955 531 1096 598 Romani
1110 555 1193 598 esse:
1216 545 1258 612 et,
1274 557 1399 602 summa

332 641 438 684 reram
461 621 584 684 senatui
605 617 731 696 tradita,
747 639 820 684 cum
841 618 983 684 exercitu
1005 618 1286 703 omniprolectus,
1301 644 1399 708 supra

169 711 271 787 neena
278 727 316 762 ca.
333 706 514 772 Suessulam
529 705 638 770 castris
652 705 762 790 positia
776 705 929 772 consedit.
956 705 1089 783 Poenus,
1106 707 1243 772 Acerras
1255 709 1397 793 primuin

169 781 206 835 Pl
218 775 313 825 ¹²⁰²¹¹¹¹⁸⁴
331 793 370 856 ad
387 791 597 856 voluntariam
611 791 805 857 deditionem
822 799 954 858 conatus
975 790 1138 880 perlicere,
1154 799 1324 880 postquam
1339 795 1399 860 ob-

331 879 463 943 stinatos
478 879 567 954 vidit,
580 878 724 964 obsidere
740 877 815 943 inde
829 878 1125 966 atqueobpugnare
1137 896 1238 965 parat.
1254 896 1398 947 ceteram

329 966 503 1032 Acerranis
524 965 595 1050 plus
617 965 724 1044 animi,
740 987 836 1052 quam
858 965 983 1044 virium,
997 973 1073 1030 erat
1098 967 1215 1052 itaque,
1229 965 1398 1053 desperata

329 1050 429 1118 tutela
453 1053 551 1129 urbis,
574 1065 610 1117 ut
631 1051 862 1116 circumvallari
888 1051 1005 1117 nroenia
1029 1053 1191 1130 viderunt·
1210 1054 1398 1142 priusquam

328 1136 627 1204 ”continuarentur
641 1137 781 1202 hostium
796 1158 904 1223 opera,
920 1160 978 1223 per
999 1140 1177 1204 intermissa
1197 1141 1398 1206 munimenta

328 1223 553 1312 neglectasque
566 1224 725 1289 custodias
748 1224 875 1292 silentio
889 1225 992 1291 nactis
1005 1223 1127 1308 dilapsi,
1145 1227 1281 1309 pervias
1295 1228 1397 1300 invia-

327 1312 517 1484 tttssktt
529 1311 944 1464 ‘ittttttttttitt
956 1311 1397 1464 :tlttititlttbt

326 1481 360 1548 fu
403 1497 489 1550 runt.
518 1445 528 1479 ’
573 1484 711 1562 annibal,
729 1485 858 1550 Acerris
872 1485 1003 1570 direptis
1021 1489 1116 1572 atque
1129 1486 1276 1565 incensis,
1293 1423 1394 1572 idaim

326 1593 346 1633 a
358 1507 501 1636 doaetrina
511 1572 699 1637 dictatorem
710 1571 898 1636 Romanum
913 1572 939 1612 ⁸²
948 1571 1149 1660 legionesque
1161 1577 1257 1638 novas
1272 1575 1394 1638 adelrit

325 1658 540 1737 nunciassent,
555 1658 631 1740 ⁸³ne
646 1659 715 1743 quis
737 1672 802 1723 tarn
824 1659 1012 1745 propinquis
1033 1658 1309 1725 hostiuarcastris
1330 1662 1395 1726 cas

324 1765 421 1898 paam
437 1768 564 1833 quoque
575 1747 913 1820 recurrat,exercitum
929 1747 969 1810 ad
987 1745 1279 1812 Casilinumducit.
1302 1747 1393 1832 Casia

337 1832 426 1895 inum
453 1854 492 1897 eo
516 1845 660 1916 tempore
684 1831 890 1920 ⁸4quingenti·
907 1832 1096 1918 Rraenestini
1122 1831 1292 1910 habebant,
1314 1856 1394 1900 cunr

324 1919 434 2003 paucis
447 1919 602 1984 Romanis
616 1919 785 2005 latinique
799 1918 946 1993 nominis,
961 1920 1167 2004 quoseodein
1179 1919 1289 1985 audita
1306 1921 1394 1985 cana

323 2005 430 2070 nensis
445 2006 552 2070 clades
566 2007 753 2070 contuleras
770 2004 815 2083 hi,
830 2027 895 2090 non
916 2004 1060 2070 confecto
1077 2007 1234 2071 Pioeneste
1247 2006 1289 2071 ad
1305 2007 1393 2072 didm

322 2090 461 2174 delectu,
473 2093 572 2158 serius
587 2091 720 2177 profecti
736 2093 844 2169 doura,
856 2113 954 2179 quarn
966 2091 1235 2158 Gaailinumante
1250 2093 1395 2158 adversae

321 2199 442 2268 pugnas
462 2179 580 2244 famam
595 2180 762 2257 venissent,
777 2179 936 2243 tet-atita
958 2178 1170 2267 adgregarent
1190 2201 1257 2244 sese
1273 2181 1393 2246 Roma

320 2267 373 2330 nis
393 2267 556 2353 sociisque,
572 2267 707 2352 proiecti
729 2289 750 2330 a
766 2265 907 2330 Casilino
929 2287 1002 2330 cum
1022 2267 1100 2330 sans
1119 2275 1239 2354 magno
1261 2267 1393 2350 agmine

316 2352 424 2431 ¹irentt
448 2355 563 2418 avertit
583 2365 637 2416 ecs
658 2361 747 2417 retro'
761 2352 936 2417 Casilinum
960 2355 1094 2417 n'uncius
1110 2352 1292 2417 Cannensis·
1308 2375 1393 2442 pug-

319 2459 383 2506 nae,
397 2440 449 2505 'ibi
464 2462 564 2526 quum
586 2439 658 2504 (lies
676 2439 807 2528 aliquot,
823 2439 961 2525 suspecti
977 2438 1149 2525 Campania
1169 2439 1393 2528 timentesque,

320 2525 521 2591 ostendisse
542 2527 755 2592 struendisin
769 2527 871 2591 vicerit
891 2525 1013 2591 insidiis
1033 2525 1260 2604 traduxissent,
1272 2526 1393 2612 “jam-

318 2635 382 2700 que
402 2612 444 2677 de
464 2613 586 2698 Capuae
607 2611 784 2678 delectione
804 2613 867 2695 agi,
890 2613 1057 2699 accipique
1072 2611 1290 2678 Hannibalem
1313 2617 1392 2680 satia

309 2703 382 2786 'pro
395 2697 484 2765 c‘e'rto
504 2699 654 2777 habuere,
669 2699 697 2744 ⁸7
705 2698 876 2764 interfectis
893 2711 988 2764 nocte
1001 2698 1179 2784 oppidanis,
1196 2711 1320 2787 partem
1335 2723 1394 2766 ur·

481 2841 582 2886 ¹terrcr
592 2840 667 2887 Gran.
731 2821 734 2830 ’
776 2840 940 2901 ttegiorterqae
949 2815 1140 2900 eminusndrpiel
1152 2839 1223 2886 Creu.

351 2955 384 3004 80
398 2953 413 2981 '
429 2955 639 3020 Canttnaamntar]
671 2955 837 3018 Jangorentur
868 2953 971 3019 annoti
984 2957 1120 3004 Gronovius
1135 2957 1251 3004 emenda
1268 2967 1299 3004 ex
1316 2959 1393 3004 vesti-

318 3021 382 3067 intcr
401 3033 436 3079 nc,
451 3021 485 3067 ita
505 3029 534 3068 ut
550 3021 646 3068 nullum
659 3017 713 3083 jam
729 3023 793 3068 inter
808 3035 837 3067 ea
868 3021 1000 3085 gratiss.
1017 3019 1285 3084 Nequid...Capuae
1302 3035 1393 3087 qaoque

249 3129 250 3134 ,
317 3085 425 3145 spatium
436 3092 530 3145 pateret
540 3087 572 3133 ad
583 3087 675 3146 fugam.
868 3091 1004 3134 rnaverctar.

327 3149 380 3197 ,81
400 3148 452 3204 Qun
467 3163 578 3212 puerque
593 3154 635 3196 aut
651 3151 857 3206 canattmaat‘
899 3151 933 3199 at
950 3150 1078 3210 Qutngcrrti
1104 3149 1259 3212 Praenestini]
1294 3150 1420 3198 Notum·

314 3227 383 3262 error
397 3213 465 3277 tulit]
488 3216 528 3262 Sic
544 3227 627 3275 suma,
643 3215 683 3262 18.
699 3230 743 3276 qao
758 3229 837 3275 quern
868 3217 973 3271 numeri,
985 3227 1041 3276 quae
1051 3216 1077 3260 iu
1094 3215 1215 3274 plerisque
1231 3215 1299 3261 libris
1309 3217 1390 3270 deest,

316 3278 482 3340 qaehorpttta,
490 3286 532 3328 ant
541 3280 662 3342 fortuitus
674 3281 748 3328 animi
763 3282 835 3341 tmpe-
868 3285 935 3326 tenet
943 3293 1010 3330 nnus
1021 3280 1125 3339 eregiia.
1158 3281 1273 3326 Genuam
1289 3279 1389 3326 intrac.

314 3349 354 3391 tur
374 3346 438 3396 tatu.
471 3346 543 3400 Quod
564 3347 681 3392 hactenus
702 3345 836 3405 legebatur,
871 3343 907 3391 19.
927 3345 1042 3391 dicuntur
1059 3344 1136 3390 fuisse
1156 3343 1277 3404 quingenti
1295 3347 1393 3405 septua-

313 3413 398 3467 terror,
410 3412 513 3458 minime
525 3413 576 3458 huc
592 3411 703 3471 quadrat
736 3409 836 3458 Etenim
864 3409 941 3469 ginta·

313 3487 355 3522 eos
377 3476 452 3524 etiam
471 3481 547 3524 terror
568 3476 686 3536 agitabat,
706 3475 748 3534 qui
769 3481 836 3520 certo
900 3472 932 3526 at
948 3473 983 3520 Et
999 3473 1052 3519 aliia
1069 3477 1229 3534 aggregarent
1246 3472 1306 3535 ure]
1328 3473 1394 3520 rut.

313 3540 408 3590 consilia
425 3543 508 3588 sedem
527 3541 573 3588 sibi
592 3541 680 3602 legere.
713 3539 742 3584 Id
760 3539 836 3584 sensit
867 3537 1034 3599 adgregantur.
1067 3539 1137 3585 Unde
1155 3537 1260 3597 proclive
1279 3543 1317 3583 est
1336 3539 1392 3584 effi-

312 3603 458 3654 Grcnorius.
491 3606 539 3654 Sed
559 3619 607 3652 non
628 3604 687 3650 satis
707 3603 836 3662 diiigenter
867 3605 965 3659 esraa
981 3603 1037 3649 alita
1053 3601 1233 3663 adgregantibus
1242 3615 1304 3649 raras
1321 3603 1392 3662 quod

258 3667 260 3672 '
311 3668 449 3730 inspexerat
471 3673 580 3718 codicem
608 3669 665 3716 Put.
688 3667 730 3728 qui
753 3679 836 3714 veram
868 3681 951 3714 verum
963 3673 1085 3726 putamus·
1140 3695 1143 3702 .

311 3733 440 3782 lectionem
453 3737 566 3783 servavit.
900 3730 932 3778 86
947 3732 1049 3791 Janrqae
1059 3731 1086 3776 de
1098 3729 1196 3792 Capua]
1213 3731 1281 3777 Libri
1296 3744 1392 3792 magun

344 3798 377 3847 82
392 3799 550 3861 Legtcnarqac
559 3799 649 3846 erninrn
661 3795 761 3858 abaci]
777 3795 835 3856 Lip-
867 3809 1003 3843 consensus
1028 3796 1061 3841 ita
1089 3795 1116 3841 de
1139 3794 1232 3854 Capua.
1264 3795 1331 3856 Lege
1353 3798 1392 3852 ut,

311 3863 341 3912 sii
367 3862 558 3927 conjectura,'a
586 3858 687 3924 Dujatio
711 3861 833 3916 admissas
867 3861 954 3916 idest,
972 3865 1100 3920 postquam
1116 3858 1144 3904 de
1162 3859 1248 3919 Capua
1264 3858 1392 3921 dqictr'mu

310 3942 367 3988 quoe
382 3930 482 3989 quidem
500 3942 548 3974 non
566 3928 638 3988 longe
652 3927 729 3973 abita
743 3925 833 3984 scripta
866 3925 914 3986 agi·
949 3925 1020 3972 Hanc
1052 3920 1248 3972 emendationein
1277 3924 1391 3983 postulat

249 4044 254 4053 .
310 3993 414 4040 lectione
433 3993 596 4052 quorumdam
615 3993 741 4044 librorum,
754 3990 832 4036 minas
864 3991 1043 4050 verbumqucd
1053 3987 1290 4048 sequitanltabucre.

310 4058 393 4118 accipi·
417 4058 555 4104 Gronovius
565 4070 596 4103 ex
607 4070 656 4104 uno
668 4053 750 4116 codice
761 4055 832 4100 affert
896 4053 928 4101 et
946 4053 1077 4115 Interfectis
1093 4080 1101 4096 ·
1119 4083 1125 4097 .
1141 4082 1149 4097 .
1164 4079 1171 4096 .
1185 4052 1318 4116 oppidania]
1344 4052 1390 4100 Ne

309 4117 452 4182 &glaucaque
468 4135 537 4168 maus
551 4122 630 4178 acciri.
663 4121 710 4174 Scri
727 4119 831 4164 haemi·
864 4119 972 4178 intellige
988 4117 1128 4164 interfectos
1142 4115 1275 4176 oppidanos
1289 4130 1390 4176 omnes,

311 4198 358 4230 nus
381 4186 485 4244 clarum,
508 4187 637 4247 minusque
660 4185 746 4246 aptum
773 4184 830 4230 huie
863 4184 959 4242 redens
975 4179 1388 4242 videlicet,qaii³oenisraveuant;

309 4250 363 4296 ioca
379 4250 460 4298 visum
475 4258 523 4312 cst,
535 4264 610 4314 quem
622 4249 737 4310 Lipsiaua
747 4262 832 4295 emeu·
863 4261 920 4295 cum
931 4247 1017 4294 ceteris
1032 4245 1158 4294 communi
1174 4246 1257 4314 anima
1271 4245 1390 4292 coasilio-

309 4309 384 4361 datio.
863 4327 910 4373 que
921 4309 1081 4360 Praenestinos
1098 4312 1182 4358 urbem
1198 4310 1346 4367 defendisse,
1359 4316 1390 4356 ut

342 4378 375 4426 88
391 4380 433 4427 Ne
443 4384 496 4442 qaia
506 4415 513 4428 .
525 4414 532 4429 .
545 4415 552 4429 .
566 4381 688 4442 respuam
700 4392 786 4440 quaqua
794 4392 831 4426 rc·
863 4383 958 4449 constat
968 4389 1031 4423 eac.
1043 4376 1082 4424 ln.
1093 4375 1165 4422 infra.
