3036 4972
375 217 474 277 LIB.
500 211 607 276 XXII.
628 215 742 274 cett
769 211 917 276 XLVIII.
1123 223 1178 280 tat

109 384 157 450 nis
175 393 292 448 coorta
316 393 365 450 est
387 381 532 470 peditum
557 399 678 469 pugna.
697 379 807 464 primo
828 377 861 446 et'
882 377 1004 446 viribus
1016 393 1048 446 et
1062 381 1179 448 animle
1189 397 1337 448 noma

106 490 198 558 pares
218 473 415 534 constabant
434 470 561 534 ordines
577 467 679 534 Gallis
701 463 937 554 Hispanisque:
961 468 1089 533 tandem
1113 469 1181 535 Rc-
1189 467 1220 512 Α·
1233 463 1329 513 ⁰³¹⁶*

106 560 207 637 mani,
222 556 319 622 ²⁷diu
335 577 374 620 ac
388 577 472 642 soepe
486 555 619 632 connisi,
635 575 729 640 aeqna
750 554 855 620 fronte
876 556 1007 642 acieque
1020 554 1119 620 densa
1132 556 1183 620 in·
1244 615 1250 626 ,

105 645 218 730 pnlere
244 643 401 720 hostium,
421 663 558 707 cuneum
581 642 677 706 nimis
701 652 841 719 tenuem,
857 663 958 728 eoque
974 663 1088 727 perum
1103 643 1183 707 rali-

106 729 197 811 dum,
214 753 234 795 a
249 743 359 795 cetera
370 723 606 813 preminenter'n
621 729 700 792 acie.
721 726 856 813 inpulsis
875 726 995 794 deinde
1006 750 1044 793 ac
1059 729 1183 814 trepide

106 816 325 882 referentibus
348 815 462 901 pedem
486 816 649 880 insistere:
678 835 716 882 ao
737 826 850 883 tenore
870 837 936 879 nnc
962 836 1184 906 perpraeceps

106 925 230 989 pavore
251 899 443 991 iirgientium
458 923 572 988 agmen
587 903 621 966 in
637 899 939 984 mediam‘primum
960 901 1065 967 aciem'
1080 903 1184 984 inlati,

105 1003 290 1076 postremo,
314 987 404 1052 nullo
427 989 602 1064 resistente,
626 987 666 1052 ed
692 986 831 1051 subsidia
855 987 1007 1051 Afrorum
1031 1011 1184 1074 pervene-

107 1089 203 1154 runt3
227 1076 322 1162 ”qui
344 1076 504 1160 utrimque
522 1073 662 1138 reductis
680 1073 737 1137 alis
758 1074 976 1157 constiterant,
991 1075 1105 1154 media,
1120 1099 1184 1163 qus

107 1163 198 1228 Galli
217 1162 425 1248 Hispanique
448 1173 599 1227 steterant
608 1161 631 1239 ¹¹,
653 1159 849 1246 aliquantum
874 1161 1074 1246 prominente
1097 1165 1181 1226 acie:

107 1250 200 1337 ”qui
218 1265 343 1314 cuneus
356 1261 393 1312 nt
407 1247 517 1332 pulsus
528 1247 669 1333 aequavit
681 1245 819 1311 frontem
835 1249 985 1331 primum,
1002 1247 1118 1312 deinde
1131 1247 1182 1312 ni-

109 1339 208 1401 tendo
224 1334 324 1400 etiam
349 1337 455 1398 sinum
476 1334 511 1398 in
535 1332 640 1398 medio
655 1332 754 1411 dedit,
770 1331 951 1399 Africirca
970 1335 1039 1421 jam
1062 1356 1185 1400 cornua

111 1422 273 1499 fecerant3
295 1418 560 1508 inruentibusque
579 1417 704 1484 incaute
725 1420 759 1483 in
782 1419 923 1485 medium
940 1421 1106 1503 Romanis,
1121 1421 1184 1488 cir-

112 1508 310 1574 cumdedere
336 1506 417 1572 alas:
449 1529 538 1584 mox,
554 1528 675 1571 cornua
697 1506 910 1586 extendendo,
927 1507 1067 1573 clausere
1088 1522 1121 1572 et
1141 1508 1183 1574 ab

111 1611 205 1683 tergo
220 1595 340 1660 hostes.
386 1593 477 1658 Hinc
499 1593 649 1670 Romani,
672 1591 812 1658 defuncti
830 1593 1046 1680 'nequidquam
1068 1594 1184 1680 proelio

110 1703 191 1761 uno,
208 1681 336 1746 omissis
351 1679 454 1745 Gallis
478 1679 706 1766 Hispanisque,
723 1677 858 1765 quoium
880 1696 972 1769 terga
993 1681 1183 1759 ceciderant,
1222 1671 1227 1694 ¹

113 1769 245 1833 loetiam
268 1768 419 1832 adversus
433 1764 528 1831 Afros
549 1766 615 1832 inte
675 1787 706 1829 m
732 1787 872 1852 pugnam
896 1766 1017 1845 ineunt,
1033 1789 1098 1833 non
1114 1780 1184 1833 tan·

116 1867 187 1920 tum
211 1877 248 1919 eo
272 1855 426 1940 iniquam,
451 1851 538 1940 quod
567 1853 619 1916 inc
633 1851 681 1916 usi
710 1851 860 1917 adversus
885 1853 1103 1933 circumfusos,
1128 1854 1184 1919 sed

113 1941 210 2008 etiam
226 1941 316 2028 quod
331 1940 403 2004 fessi
417 1960 491 2003 cum
506 1938 685 2003 recentibus
698 1960 736 2002 ac
749 1938 867 2025 vegetis
882 1940 1079 2028 pugnabant.
1172 1941 1177 1952 '

156 2027 332 2093 XLVIII.
354 2025 461 2092 ”Jam
487 2038 519 2090 et
541 2026 575 2088 in
599 2025 726 2090 sinistro
745 2047 846 2089 cornu
868 2025 1038 2104 Romano¹,
1056 2027 1111 2092 ubi
1134 2049 1185 2093 sc·

113 2117 239 2182 ciorum
279 2113 401 2200 equites
437 2111 588 2176 adversus
617 2111 774 2176 Numidas
810 2123 972 2190 steterant,
1002 2126 1184 2179 consertum

113 2203 269 2288 proelinrn
293 2212 373 2280 erat,
395 2221 493 2287 segne
517 2199 634 2283 primo,
652 2210 685 2262 et
709 2221 729 2262 a
751 2198 875 2264 Punica
898 2212 1038 2285 coeptum
1062 2199 1185 2266 fraude.

116 2288 301 2376 Quingenti
326 2285 426 2351 ferme
451 2284 612 2363 Numidae,
627 2284 780 2370 ³¹praeter
802 2285 923 2350 solitam
939 2307 1027 2350 arma
1048 2286 1183 2372 telaque,

113 2377 241 2466 gladios
266 2373 409 2438 occultos
431 2375 490 2436 sub
511 2370 618 2435 loricis
639 2371 802 2449 habentes,
825 2372 930 2456 aperie
948 2371 1190 2460 transfugarum

113 2483 217 2550 quum
241 2461 284 2526 ab
306 2460 382 2537 suis,
406 2479 529 2544 parmas
553 2470 628 2543 post¹
650 2469 741 2545 terga
762 2457 924 2536 habentes,
940 2459 1184 2546 adequitassent,

114 2560 250 2635 repente
272 2569 313 2612 ex
327 2547 416 2633 equis
430 2545 595 2618 desiliunt;
619 2545 799 2630 parmisque
811 2559 843 2609 et
859 2545 975 2631 jaculis
996 2545 1186 2632 antepedes

114 2637 259 2701 bostium
285 2632 445 2719 projectis,
469 2632 502 2694 in
531 2630 666 2696 mediam
692 2632 790 2695 aciem
814 2635 945 2718 accepti,
972 2631 1123 2720 ductique
1143 2633 1185 2698 ad

115 2723 260 2799 ultimoS,
276 2719 441 2784 considere
454 2717 495 2782 ab
510 2729 601 2805 tergo
617 2718 772 2804 jubentur
781 2741 790 2795 3
817 2741 864 2796 ac,
880 2719 957 2783 dum
979 2719 1129 2804 proelium
1143 2719 1186 2785 ab

116 2809 207 2872 omni
221 2819 316 2893 parte
329 2805 516 2886 conseritur,
531 2805 630 2891 quieti
644 2816 837 2870 manserunt
859 2816 1028 2892 postquam
1042 2806 1185 2874 omnium

116 2896 241 2960 animos
264 2893 438 2978 oculosque
457 2902 667 2978 occupaverat
683 2903 854 2974 certamen,
868 2905 948 2971 tum,
963 2891 1102 2980 adreptis
1116 2915 1187 2959 scu-

182 3031 489 3082 kmtemntGrcnilrevt
571 3028 780 3080 laonaatsmev.
860 3034 1039 3096 ffljmattron.
1050 3033 1122 3084 Cres.

150 3167 183 3214 21
201 3166 256 3212 Dte
271 3178 299 3211 oo
316 3177 376 3226 ιαμ
394 3166 494 3230 marcisi]
512 3165 587 3212 Hunc
602 3165 638 3212 lo·
670 3165 767 3220 deinde,
778 3177 855 3226 quum
872 3166 1008 3214 niterentur
1022 3165 1125 3214 ulterius
1138 3163 1188 3212 lio-

118 3245 177 3279 cum
195 3230 302 3280 feliciter
320 3231 479 3278 mandavere
497 3229 587 3290 partlm
608 3243 639 3276 ex
670 3231 832 3288 mani,etiam
843 3230 1058 3280 sutuataacrelut
1071 3237 1187 3278 excavata

119 3297 227 3358 scriptis,
240 3294 372 3356 partimex
387 3291 640 3356 conjectnm‚Lipdus
670 3294 789 3342 inmedio
799 3296 934 3344 estPunica
942 3297 1015 3344 acies.
1287 3342 1294 3352 ,

119 3360 303 3408 etGronovius.
335 3359 402 3406 Olim
418 3359 491 3406 editis
510 3358 552 3404 dtu
562 3371 640 3404 msc·
704 3358 737 3406 80
752 3360 835 3408 Etiam
846 3359 955 3408 adversm
970 3359 1057 3424 Afros]
1074 3358 1187 3420 Plerique

117 3440 148 3486 ps
166 3425 266 3472 manilio
280 3423 411 3484 mulam,
422 3437 466 3485 qua
480 3423 564 3485 fronte
580 3424 639 3469 solr-
672 3435 687 3470 e
707 3424 803 3484 scriptis
825 3425 913 3474 nostris
930 3428 953 3472 et
973 3424 1089 3479 aristarcus⁸
1134 3425 1188 3470 Nos

120 3505 164 3552 que
184 3490 257 3537 &m
275 3488 416 3549 irnpsllerrm
432 3489 527 3545 horum,
544 3499 641 3534 marum
672 3489 825 3547 suspicamur
845 3489 928 3550 potius
953 3486 980 3535 el
1005 3493 1028 3534 et
1053 3501 1186 3549 superesse,

121 3585 145 3601 ..
157 3552 511 3612 ammomum.
672 3552 851 3613 legendumque
857 3555 913 3615 jam
922 3552 1031 3601 merrus
1041 3553 1123 3616 Afros.

154 3621 186 3668 28
205 3617 388 3676 Quiatrs'mqroe
406 3615 508 3663 reductis
525 3615 570 3664 atta
588 3627 671 3662 ωηο.
705 3616 736 3664 31
753 3617 813 3664 Jam
831 3622 853 3664 et
871 3617 1187 3666 isdnitfrocornslloma·

122 3682 245 3745 ammas]
261 3681 313 3736 Qui
323 3681 359 3727 ita
368 3681 537 3740 constiterant,
547 3687 576 3727 ut
591 3682 642 3728 effl-
672 3681 722 3758 alr]
735 3681 797 3728 Jsm
812 3680 929 3730 Romanis
944 3685 970 3727 st
989 3683 1015 3728 in
1032 3695 1189 3744 unoquoque

121 3754 207 3796 cernit
217 3746 343 3806 utrimque
354 3745 545 3792 alasinmorsum
555 3746 642 3792 reduc·
673 3747 772 3792 sinistro
801 3759 876 3792 cornu
906 3753 1045 3794 consertum
1074 3749 1189 3808 puellum

122 3820 160 3860 tas
170 3827 201 3860 ae
212 3811 282 3862 velut
300 3808 564 3863 encomiasticum
582 3809 642 3856 His·
673 3815 733 3858 erat.
778 3810 826 3857 liic
854 3811 928 3871 vulgo
955 3811 1043 3867 editur,
1072 3812 1187 3860 Ronmno.

121 3887 295 3938 passorumque
314 3875 366 3921 acie
382 3873 447 3920 ultra
460 3873 515 3920 illas
530 3875 581 3922 alas
592 3887 641 3922 uon
674 3865 722 3922 Sed
733 3875 795 3920 ntuli
809 3875 892 3935 scripti
903 3876 938 3922 sic
948 3876 1053 3933 habente
1071 3878 1189 3937 plerique,

121 3955 212 4002 parum
228 3941 392 4000 prominente.
414 3937 476 3990 Quae
492 3938 642 3999 priusvoca·
672 3937 794 3993 Rmnasir
822 3940 945 3997 nonnulli,
971 3941 1093 3990 Gronovic
1118 3947 1188 3995 teste,

123 4006 257 4054 vitLivius
270 4017 367 4057 comm,
387 4003 448 4050 dum
466 4002 525 4050 dicit
540 4008 642 4063 utraque
673 4003 762 4062 quibus
780 4004 973 4052 acceditunuae
989 4008 1088 4064 nostris,
1104 4020 1189 4066 quem·

122 4070 343 4119 monacorum
354 4067 439 4120 fnisse,
451 4067 491 4114 hic
506 4067 555 4112 clos
564 4073 641 4114 vocat.
674 4068 807 4114 mnodum
818 4068 948 4124 edidimus,
960 4070 1080 4118 chsaas's.

124 4136 194 4182 lulis
205 4149 262 4194 quea
273 4131 460 4193 sequamurhae
471 4132 643 4180 eadamvcess
706 4131 740 4178 32
757 4131 850 4180 Proeser
863 4134 932 4195 justa
947 4135 1026 4197 amsa]
1046 4137 1100 4182 Hoc
1118 4136 1190 4182 debe-

123 4199 521 4260 rumaprommcueusurpantur·
674 4202 715 4244 tur
736 4197 866 4246 Gronovio.
898 4199 998 4260 vulgati
1020 4201 1110 4246 liabent
1130 4213 1192 4262 ync-

158 4258 645 4322 29¹Qaicsssm10uneoillo,quiace·
676 4265 712 4306 ter
732 4266 838 4310 muncia
859 4272 944 4314 cruta:
968 4265 1051 4326 scripti
1070 4266 1190 4325 praessa

127 4323 643 4389 unprominebataciepulsoattomanis.
675 4339 748 4374 amsa.
784 4351 787 4358 -

128 4401 218 4455 equata
226 4388 458 4456 primumestfrons
466 4387 641 4438 acieil’unirses
