3060 4960
1203 19 1213 46 ἱ

389 188 504 270 'nrm
530 203 648 270 xxtx.
672 207 774 306 onir.
801 207 901 268 xvn.
1129 213 1187 271 ns

121 375 198 451 emt,
210 373 391 457 pertineret,
398 375 493 440 ‘etiarn
503 393 534 438 se
545 383 694 437 auctorem
706 375 753 440 ita
764 373 1055 459 confir-endisuisse,
1067 373 1189 459 8³inopi
1196 393 1224 439 υ.
1236 391 1265 444 c.
1275 363 1342 442 slus

119 463 248 537 «traria,
265 482 319 546 nec
327 461 418 543 plebe
430 463 474 524 ad
486 460 630 524 tributum
644 459 824 544 miticiente.
868 461 970 524 Grata
984 483 1020 524 ea
1037 461 1186 526 Patribus
1195 462 1225 507 Α·
1236 457 1264 507 ⁰·
1275 457 1330 506 ²⁰⁴³

120 547 298 612 admonitio
327 547 401 612 luit:
424 547 583 633 jussisque
607 545 724 612 referre
749 545 940 626 consulibus,
960 543 1192 625 demeremur,
1332 553 1336 561 '

119 643 155 698 ut
163 634 263 699 tribrn
273 635 468 716 pernionibus
478 655 516 698 ea
524 635 660 716 pecunia
669 635 848 698 solueretur:
861 636 994 710 primam
1003 645 1185 717 presentem

44 774 47 779 .
120 723 158 797 ii,
175 723 231 804 qui
250 731 312 785 tam
330 731 435 797 essent,
451 719 528 784 duas
549 719 637 784 tertii
650 729 680 783 et
701 721 802 804 quinti
825 723 957 784 conmles
981 731 1184 786 numerarent.

121 806 247 870 Omnes
261 807 375 871 deinde
393 806 470 871 alias
484 827 576 869 curas
590 827 654 868 una
668 805 845 889 occuparit,
860 819 1026 893 postquam
1044 807 1185 872 Locren-

120 893 204 957 sium
220 893 333 971 eludes,
350 915 423 980 quae
442 893 597 980 ignoratae
612 890 652 956 ud
674 913 742 956 eam
758 891 842 956 diem
858 891 991 971 fueram,
1009 893 1184 982 legatorum

119 979 260 1045 adventu
284 981 420 1070 vulgales
445 991 528 1044 sunt.
551 1001 609 1042 nec
634 991 699 1042 tum
725 977 769 1056 Q.
788 977 934 1044 Pleminii
955 979 1066 1060 scelus,
1089 1001 1185 1068 quam

122 1067 329 1154 Scipionis-in
346 1089 385 1131 eo
406 1078 461 1131 aut
474 1065 500 1106 ⁸¹
509 1065 640 1129 ambitio
654 1077 709 1129 aut
724 1063 815 1152 negle
857 1066 922 1129 ntia
936 1066 998 1130 iras
1017 1065 1182 1130 bominum

122 1153 270 1218 irritavit.
314 1153 434 1219 Decem
455 1152 550 1240 legati
567 1151 782 1227 Locrensium,
798 1087 890 1215 offitii
912 1155 1058 1239 squalore
1072 1165 1104 1218 et
1118 1163 1298 1241 sor-lfoeren·
1333 1231 1339 1245 ι

120 1239 229 1317 dibus,
243 1242 277 1304 in
292 1240 422 1305 comitio
438 1239 618 1303 sedentibus
638 1237 819 1302 consulibus
840 1237 1049 1306 8⁵velamenta
1065 1232 1348 1326 suppli-‘¹⁰¹¹‘¹‘ss¹‘'·

120 1347 208 1404 eum,
226 1347 330 1392 ramos
344 1326 432 1402 oleae,
453 1328 501 1406 (ut
515 1325 639 1390 Graeois
660 1347 727 1387 mos
742 1325 802 1406 est)
817 1325 1024 1414 porrigentes,
1041 1341 1114 1392 ante
1128 1327 1186 1392 tri·
1345 1325 1347 1328 ’

122 1413 223 1478 bunel
236 1435 310 1478 cum
332 1412 427 1476 flebili
443 1410 665 1475 vociferatione
686 1410 777 1474 humi
798 1412 1047 1496 procubuerunt.
1090 1415 1186 1484 Quae·

122 1499 267 1566 rentibus
281 1498 462 1565 consulibus
473 1499 638 1562 Locrenses
651 1519 682 1562 se
696 1497 848 1562 dixerunt
862 1521 932 1574 esse,
943 1521 980 1562 ea
990 1521 1103 1582 passos
1112 1523 1133 1563 a
1147 1503 1187 1583 Q.

124 1589 282 1652 Pleminio
295 1589 398 1670 legato
411 1586 620 1668 Romanisque
633 1584 868 1669 militibusque
876 1588 952 1668 pati
965 1607 1003 1650 ne
1013 1587 1187 1672 Karthagi-

120 1675 243 1739 nienses
256 1675 375 1758 quidem
390 1671 464 1736 uelit
478 1673 612 1753 populus
629 1671 791 1734 Romanus.
835 1671 971 1755 Rogare,
984 1675 1032 1736 uti
1045 1673 1105 1740 sili
1122 1675 1188 1738 Pu-

121 1771 188 1825 tres
196 1761 342 1834 adeundi,
354 1759 597 1840 deplorandique
606 1777 756 1821 erumnas
766 1779 836 1822 siras
844 1759 1188 1846 potestatenfacerent.

168 1845 280 1911 XVII.
306 1846 424 1910 Senatu
439 1843 524 1918 dato,
542 1841 696 1906 maximus
718 1853 794 1907 natu
810 1865 851 1906 ex
867 1844 924 1908 iis:
947 1843 1075 1923 “Sciat
1091 1869 1188 1932 quau·
1200 1861 1291 1910 uorum
1302 1874 1355 1908 ora·

121 1936 152 1999 ti
165 1935 353 1998 animentur
367 1940 479 1994 nostra
488 1930 574 2012 apud
587 1951 638 1993 uos
651 1931 789 2013 querele,
802 1931 917 1995 Patres
929 1933 1104 2016 conscripti,
1115 1935 1188 2016 pln-
1197 1927 1232 1972 ²⁵⁰
1242 1928 1325 2004 nepta·
1428 1926 1435 1938 '

122 2022 235 2084 rimum
250 2019 284 2083 in
299 2039 334 2081 eo
348 2017 490 2080 momenti
503 2035 573 2094 esse3
588 2017 617 2079 si
628 2015 723 2098 prode
735 2018 850 2090 sciatis,
867 2027 897 2080 et
911 2015 1056 2104 qudmado
1064 2022 1190 2102 proditi
1197 1999 1306 2102 idm
1355 2061 1358 2074 ,

123 2107 225 2172 Locri
237 2103 417 2170 Hannibali
429 2104 502 2179 sint,
515 2111 545 2166 et
555 2103 710 2186 quomodo,
720 2105 812 2184 pulso
824 2101 1017 2170 Hannibalis
1024 2108 1187 2188 presidio,
1198 2134 1263 2172 suas.

122 2194 261 2258 restituti
271 2194 304 2255 in
316 2192 461 2255 ditionum
472 2197 612 2254 uestram.
628 2189 741 2272 qur'ppe
750 2191 780 2254 si
789 2195 821 2252 et
829 2192 919 2274 ecdpa
929 2191 1190 2277 desectionispro-

89 2342 93 2348 ,
121 2281 176 2344 cul
188 2301 210 2341 a
219 2277 342 2362 publico
355 2277 482 2341 consilio
496 2274 585 2351 absit,
596 2284 626 2338 et
639 2277 769 2338 reditum
785 2277 819 2338 in
834 2287 962 2341 vestram
975 2279 1121 2342 ditionem
1133 2281 1190 2342 ad·

115 2375 248 2450 pereat,
264 2385 324 2427 uon
339 2365 495 2427 uoluntate
508 2363 609 2437 salam,
626 2364 681 2424 sed
699 2383 756 2443 ope
776 2364 867 2425 etiam
883 2385 921 2426 ac
940 2366 1051 2428 uirtute
1065 2375 1188 2439 nostre,-

122 2453 224 2536 magis
239 2450 452 2534 indignemini,
469 2449 555 2512 bonis
569 2470 606 2510 ac
613 2449 763 2531 fidelibus
776 2450 866 2512 sociis
887 2459 950 2514 tam
970 2461 1088 2516 atroces
1101 2461 1192 2538 atque

123 2533 274 2622 indignas
288 2536 421 2622 injurias
435 2535 474 2598 ab
488 2536 590 2618 legato
604 2543 702 2598 uestro
715 2535 919 2620 militibusque
926 2537 1017 2622 fieri.
1062 2539 1124 2604 Sed
1136 2561 1191 2626 ego

121 2624 151 2668 ⁸⁷
161 2645 296 2689 caussam
311 2625 467 2706 utriusque
488 2621 667 2705 desectionis
680 2630 792 2685 nostre
811 2624 845 2685 in
863 2623 953 2688 aliud
972 2635 1087 2712 ternpus
1102 2627 1190 2716 diffi-

122 2713 253 2776 rendam
267 2710 405 2776 arbitror
420 2729 491 2786 esse,
506 2709 633 2770 dirarum
653 2729 753 2771 rerum
771 2711 882 2793 gratia
889 2743 900 2782 ,·
925 2713 1024 2788 nnius,
1041 2723 1075 2776 ut
1089 2735 1190 2778 caram

122 2801 167 2866 P.
185 2799 339 2880 Scipione,
354 2797 408 2880 qui
426 2796 537 2858 Mnus
555 2796 679 2876 recepit,
696 2797 825 2858 annium
849 2796 934 2861 nobis
948 2795 1062 2862 8⁸recte
1077 2801 1191 2884 pripe-

123 2905 251 2968 rarnque
257 2883 419 2967 factorum
441 2882 535 2957 testis,
552 2889 681 2964 agatur,¹
705 2882 843 2959 alterius,
859 2885 949 2966 quod,
965 2885 1191 2972 qrcalescnmque

122 2991 233 3048 summ,
249 2981 350 3034 tamen
364 2970 437 3045 brec,
454 2987 522 3052 qua
531 2969 622 3050 passi
634 2987 742 3048 uenus,
752 2969 828 3050 pati
842 2989 902 3032 non
918 2971 1080 3036 debuimus.
1119 2973 1191 3038 Non

114 3076 276 3143 posuimus
287 3057 488 3130 dissimulare,
503 3055 617 3120 Patres
630 3057 804 3138 conscripti,
820 3075 885 3136 nos,
901 3077 989 3142 quum
1008 3059 1192 3141 presidium

36 3212 39 3220 ,
122 3145 277 3210 Punicum
293 3145 326 3206 in
341 3165 412 3205 arce
425 3151 531 3205 nostra
546 3141 728 3215 debuemus,
745 3143 840 3205 multa
847 3143 943 3228 freda
958 3153 988 3209 et
1003 3147 1144 3232 indigno,
1160 3157 1190 3210 et

121 3255 145 3296 a
155 3231 304 3318 prasecto
313 3229 460 3312 presidii
471 3228 664 3321 Hamilcare,
676 3236 707 3291 et
720 3226 760 3290 ab
770 3227 916 3293 Numidis
926 3231 1073 3316 Afrisque
1080 3254 1190 3314 passos

483 3400 492 3428 ³
506 3398 578 3444 inser.
589 3397 749 3457 inquilGron.
762 3397 832 3445 Crer-

158 3566 192 3616 83
211 3566 280 3626 Inopi
311 3562 407 3624 marta]
442 3560 520 3607 Proba
552 3561 639 3606 lectio:
673 3561 731 3607 estis
747 3562 850 3620 querelis
867 3562 964 3616 uostris,
980 3564 1114 3622 plurimum
1131 3577 1190 3625 pen.
1245 3540 1254 3560 ’

121 3645 200 3695 quum
222 3635 304 3678 tamen
323 3626 454 3676 auctoritas
477 3623 548 3670 MSS·
569 3625 642 3670 desti·
674 3628 730 3674 dere
740 3639 771 3672 ex
782 3641 820 3680 eo,
829 3628 850 3672 si
861 3629 934 3686 probe
946 3628 1035 3676 sciatis,

120 3700 180 3746 tuit.
214 3693 305 3742 omnes
323 3692 389 3739 enim
406 3689 489 3750 inopia
507 3689 544 3734 vel
564 3689 642 3750 inopia
706 3688 1111 3758 87'Caurant....dfflerendam]
1133 3695 1190 3744 Non

119 3762 215 3812 arant.
674 3754 745 3804 hodie
768 3770 811 3802 nos
831 3759 917 3804 debere
939 3758 1018 3806 dicere
1040 3761 1070 3806 de
1089 3765 1190 3821 utraque

155 3827 189 3874 84
204 3823 321 3886 Amlitlo]
342 3821 449 3868 Pratum
466 3817 594 3878 colligendi
612 3831 642 3864 ex
674 3819 809 3868 deiectione
826 3829 918 3879 nostra,
929 3829 954 3868 et
968 3837 1041 3883 super
1056 3826 1102 3872 hoo
1118 3840 1191 3886 nego-

122 3892 202 3938 nimie
228 3887 379 3949 indulgentia
404 3885 494 3932 favoris
517 3883 641 3930 studium:
673 3885 709 3932 rio
736 3899 835 3934 numm
863 3888 968 3934 enimi,
994 3895 1083 3935 „0321ae
1110 3904 1190 3951 agere·

121 3957 162 4003 vel
174 3966 306 4016 propensu
316 3953 341 3998 in
353 3950 499 4011 potentiores
510 3947 584 3993 lavor.
676 3949 753 3996 Caura
770 3965 817 3996 non
838 3957 874 3996 est
894 3951 935 3998 hie
954 3954 979 3999 id
998 3966 1013 3999 a
1032 3967 1080 4013 quo
1099 3955 1191 4016 aliquid

155 4020 189 4067 85
209 4017 343 4066 Velamenta
356 4010 500 4075 supplicum]
516 4013 573 4062 vid.
590 4017 639 4057 not.
672 4015 823 4074 producitur,
839 4017 882 4062 sed
898 4029 944 4076 pro
963 4020 1069 4078 nqotio,
1085 4020 1137 4076 lite,
1152 4033 1190 4068 ηρ.

121 4078 414 4134 49·adl·XXV·t·25·
673 4078 720 4138 cipi
731 4079 811 4127 debet.
843 4080 1192 4142 Hincsequiturmonut...

155 4149 188 4196 86
208 4149 272 4202 Soio,
292 4145 372 4210 quanti
397 4141 553 4204 attinentur]
587 4139 640 4188 scio
672 4145 766 4201 agatur,
778 4156 865 4202 nempe
876 4158 948 4191 causa
959 4147 1008 4191 illa,

120 4214 258 4277 plurimum
280 4209 409 4267 momenti,
432 4209 463 4254 ad
485 4207 642 4254 statuendum
706 4203 738 4252 88
754 4207 825 4252 Recte
839 4222 1003 4273 perperamque
1010 4209 1134 4272 summm
1150 4219 1193 4261 m.

118 4279 208 4340 quanti
219 4277 340 4324 aestimare
351 4273 457 4321 debeatis
468 4272 577 4330 querelas
588 4281 642 4315 not·
674 4268 717 4334 tir]
734 4269 865 4318 Rhenanus
881 4274 970 4322 delerit
983 4280 1017 4322 cet
1031 4281 1088 4324 ants
1103 4291 1193 4326 nomen

119 4353 181 4396 tras,
190 4343 215 4388 in
225 4355 253 4388 eo
264 4353 325 4398 esse,
334 4341 355 4384 si
362 4339 436 4398 probe
447 4337 528 4381 scintis
539 4365 563 4382 ·.
575 4365 597 4378 ..
610 4334 641 4378 sl·
675 4335 752 4381 testis:
770 4341 841 4387 recte.

120 4423 160 4462 re,
172 4408 231 4462 scio,
243 4407 268 4452 id
280 4406 345 4452 velut
356 4402 462 4464 pretium
478 4401 543 4460 quod
554 4398 643 4464 dicturi

731 4462 814 4526 ult
