3122 4962
1113 133 1123 172 t

427 169 526 230 ΗΒ.
547 166 679 229 XXVII.
707 169 809 230 CAP.
832 170 888 228 1-x.
1127 177 1183 230 38}

120 337 198 402 dam
210 335 354 401 Romani
371 333 549 419 Punicique
570 332 694 418 imperii
716 332 850 410 finibus3
873 331 971 398 classe
990 355 1119 420 qaoque
1130 331 1188 399 nass
1198 349 1227 398 a.
1237 351 1267 398 c.
1278 352 1334 402 asa

120 424 208 488 vium
224 422 426 510 septuaginta
439 420 568 505 partita,
584 432 620 484 ut
634 419 722 484 omui
743 419 866 484 ambitu
887 419 1016 504 litorum
1039 419 1190 506 praesidia
1197 419 1229 465 Α·
1241 417 1269 466 ⁰·
1277 418 1335 468 ²⁰⁹·

121 533 191 574 orae
214 507 382 574 maritima
406 519 518 572 essent.
564 506 638 591 Ipse
651 528 725 570 eum
741 505 879 572 Mutinis
901 506 1040 592 equitatu
1060 508 1189 592 provin·

120 597 205 661 ciana
228 594 429 682 peragrabat,
443 607 480 658 ut
493 593 607 658 viseret
621 614 724 678 agras,
740 593 888 680 cultaque
902 593 943 657 ab
957 593 1086 658 incultis
1099 605 1190 658 nota·

121 695 182 760 ret,
198 695 231 746 et
244 680 378 767 perinde
390 679 538 744 dominos
557 679 701 744 laudaret
714 680 954 768 castigaretque.
998 679 1053 744 lta
1065 690 1189 746 tantum

123 791 164 834 eo
184 789 263 832 eura
276 767 427 834 frumenti
447 765 604 851 provenit,
621 777 656 830 ut
675 777 707 832 et
723 765 860 831 Romam
882 765 1034 844 mitteret,
1047 765 1191 830 et-Cata·

123 877 200 922 nam
220 855 420 930 conveheret,
444 852 530 916 unde
553 852 719 931 exercitui,
748 852 805 938 qui
825 851 1192 918 transmarinarum
1218 892 1222 901 ι

123 957 255 1008 aeturus
270 953 359 1018 esset,
374 951 482 1026 posset
495 937 642 1023 praeberi.

169 1029 230 1094 IX.
247 1027 395 1094 Ceterum
406 1023 736 1111 mansportatimilites
744 1023 777 1088 in
788 1021 926 1090 Siciliam
936 1029 982 1110 (et
990 1038 1081 1090 eraut
1092 1025 1192 1110 major

124 1138 201 1202 pars
211 1114 318 1178 Latini
330 1111 466 1178 nominis
477 1113 710 1197 sociorumque)
723 1132 825 1197 prope
840 1111 946 1200 magni
961 1127 1066 1178 motus
1080 1133 1193 1176 caussa

125 1201 232 1266 suere:
255 1199 335 1264 adeo
349 1221 387 1264 ex
401 1199 507 1284 parvis
522 1219 607 1283 saepe
620 1219 806 1286 magnarum
820 1213 981 1264 momenta
990 1220 1103 1263 rerum
1113 1218 1192 1282 pen-

125 1289 215 1352 dent.
253 1286 410 1353 Fremitus
434 1285 519 1350 enim
543 1285 627 1348 inter
650 1283 783 1350 Latinos
804 1283 968 1371 sociosque
989 1285 1024 1350 in
1050 1282 1358 1350 consilinum...

126 1388 236 1440 ortus:
259 1374 418 1438 Decimam
439 1393 552 1436 annam
574 1371 926 1455 onninamente
946 1360 1337 1471 emanaresseffffllffi·

128 1462 294 1546 quotannis
303 1460 408 1546 ferme
421 1459 509 1524 clade
522 1478 635 1542 magna
651 1479 807 1540 pugnare.
851 1458 941 1522 Alias
956 1461 989 1522 in
1000 1461 1069 1522 acie
1082 1459 1190 1535 occidi,
1201 1489 1283 1540 amma.

127 1549 209 1611 alios
223 1547 325 1610 morto
338 1545 455 1610 abnemi
463 1573 473 1607 .·
500 1545 599 1628 magis
608 1546 716 1626 perire
729 1543 790 1608 sibi
802 1546 906 1622 ciuem,
922 1547 977 1629 qui
995 1545 1035 1608 ab
1050 1545 1193 1609 Rmnano

127 1637 214 1698 miles
227 1635 321 1698 lectas
329 1635 381 1709 sit,
397 1653 487 1716 quom
501 1631 557 1714 qai
570 1652 590 1693 a
602 1631 702 1693 Poena
712 1639 829 1712 captas.
844 1632 958 1715 qnippe
967 1631 1007 1694 ab
1021 1633 1105 1697 noste
1115 1653 1194 1716 gru·

127 1723 170 1785 tis
184 1721 303 1784 remitti
316 1721 350 1784 in
360 1719 519 1802 patmum,-
542 1715 583 1780 ab
597 1717 749 1780 Romanis
762 1726 851 1780 satra
862 1718 991 1781 Italiam
1006 1721 1039 1782 in
1055 1721 1195 1784 aesinam

127 1808 239 1881 aerias,
255 1827 345 1895 qrram
360 1807 394 1869 in
408 1805 562 1892 mititiam,
578 1802 732 1888 ablegari.
778 1797 924 1868 Octavum
934 1803 1007 1888 jam
1022 1805 1068 1868 ibi
1081 1827 1195 1870 annam

127 1913 278 1958 senescere
289 1894 475 1958 Cannensem
485 1892 622 1967 militem,
633 1891 905 1968 meritamente,
916 1911 1007 1974 qaam
1019 1891 1196 1957 Italiamne·

127 1981 170 2045 tis
185 1982 313 2066 (quampe
326 1999 406 2042 nunc
418 1999 509 2062 quiam
522 1975 776 2062 maeinaeflorms
789 1975 919 2057 uiribus)
930 1979 1066 2040 secedat.
1101 1979 1138 2043 si
1147 1999 1198 2043 oe·

129 2078 210 2132 teres
218 2067 399 2130 militesnon
413 2064 585 2128 redeuntia
596 2064 749 2145 patriam,
760 2064 832 2126 noni
842 2063 996 2146 legantur,
1008 2065 1093 2128 brevi
1101 2066 1198 2128 nemi-

57 2191 64 2202 «
129 2151 444 2238 nernsaperfutannn.
479 2149 600 2233 Itaque,
616 2150 698 2233 qaod
703 2149 884 2232 propediem
899 2171 948 2214 res
961 2151 1030 2231 ipsa
1044 2159 1198 2234 negatura

129 2241 182 2317 sit,
193 2241 377 2322 priusquam
391 2239 436 2300 ad
447 2237 585 2300 nltimam
604 2235 797 2300 solitudinem
811 2243 903 2320 atque
917 2245 1077 2320 egestatem
1086 2257 1198 2320 perne·

130 2326 234 2402 aiant,
250 2326 422 2410 negandam
430 2322 699 2405 poprdoltomano
713 2322 785 2386 ess'e.
821 2323 859 2387 Si
868 2326 1087 2387 consentientes
1097 2325 1131 2386 in
1142 2323 1199 2388 koc

130 2414 227 2478 socios
241 2413 368 2476 uideant
382 2409 529 2486 Romani,
545 2407 686 2494 profecto
700 2409 739 2472 de
746 2429 827 2490 pace
840 2430 904 2472 mm
923 2409 1199 2494 Karthaginiensi·
1319 2467 1321 2474 .

130 2497 349 2584 bnsjnngenda
357 2498 553 2581 cogitaturos.
564 2495 660 2560 aliter
667 2515 837 2579 rtamqacm,
847 2497 916 2560 uiuo
928 2495 1120 2574 Hannibale,
1132 2499 1200 2562 sine

130 2585 211 2648 bello
219 2583 437 2668 Italiamfore.
472 2581 557 2645 Haec
566 2579 679 2644 acta‘in
690 2579 842 2646 conciliis.
872 2579 1198 2670 ⁴⁵Trigintatmueo·
1208 2602 1318 2652 colante

93 2667 95 2684 '
131 2670 230 2734 laniae
244 2669 355 2756 populi
374 2668 510 2732 Romani
525 2679 626 2734 erant.
641 2688 680 2730 ex
694 2667 731 2731 iis
745 2665 923 2743 duodecim,
940 2691 1039 2755 quum
1054 2669 1335 2735 omniumduotwim

132 2756 306 2840 legationes
328 2756 441 2820 Romae
465 2767 576 2832 essent,
596 2768 792 2841 negaverunt
813 2754 997 2820 consulibus
1018 2777 1097 2839 esse,
1114 2740 1362 2848 υηάεὲξξζξζζί,

131 2842 248 2908 milites
261 2844 493 2929 pecuniamque
514 2840 637 2905 darent.
676 2839 735 2905 Eae
747 2838 835 2906 fuere
852 2841 969 2920 Ardea,
986 2845 1119 2943 Nepete,
1136 2844 1262 2911 Sat-me·
1273 2863 1364 2912 aoma-

132 2930 243 3006 trimn,
269 2929 364 3005 Alba,
390 2927 543 3007 Carseoli,
563 2926 658 3004 Cora,
685 2928 810 3008 Suessa,
829 2928 955 3006 Circeii,
979 2929 1076 3006 Sena,
1095 2927 1253 3008 camna
1278 2939 1282 2950 '

136 3017 269 3094 Narnia,
287 3018 479 3080 Interamna.
510 3014 607 3078 Nova
620 3035 655 3077 re
669 3013 814 3079 eonsules
829 3013 893 3093 icti,
909 3037 1008 3101 quum
1023 3017 1200 3083 absterrere

132 3125 188 3168 eos
202 3126 221 3166 a
235 3116 300 3167 tam
312 3100 490 3166 detestabili
499 3099 633 3164 oonsilio
648 3099 775 3178 vellent,
787 3101 972 3186 castigando
987 3103 1198 3190 increpando·
1208 3125 1364 3188 conputas

132 3211 197 3277 que
210 3188 292 3273 plus,
306 3210 402 3275 quam
418 3187 531 3252 leniter
541 3186 677 3274 agendo,
687 3185 885 3272 profecturos
896 3189 967 3266 rati,
977 3212 1027 3254 eoa
1038 3213 1128 3256 ansas
1137 3203 1222 3256 csse⁸
1232 3189 1299 3238 ⁰⁰²

133 3277 304 3340 ommibus
324 3278 436 3354 dicere,
451 3273 588 3350 aiebant,
603 3272 719 3358 ”qaod
730 3277 874 3353 consutos,
895 3277 929 3340 in
951 3287 1059 3341 senata
1072 3289 1108 3342 at
1125 3299 1200 3360 pro·

133 3365 326 3438 nomimant,
342 3365 376 3427 in
391 3363 524 3425 animam
536 3363 679 3425 inducere
688 3382 749 3425 non
758 3371 891 3445 possent.
915 3366 1070 3428 nonenim
1085 3366 1202 3428 demea

131 3451 281 3514 tationem
296 3469 361 3513 cam
377 3469 528 3512 mainerum
539 3449 672 3525 militia,
682 3451 737 3512 sed
746 3459 887 3532 apertam
900 3451 1095 3535 (testationem
1111 3473 1202 3534 apo-

128 3538 208 3620 palo
229 3537 372 3600 Romana
390 3557 462 3600 esse.
506 3534 658 3598 Redirent
680 3537 784 3619 itaque
799 3557 936 3619 propere
950 3536 985 3601 in
998 3539 1144 3615 colanias,
1160 3547 1201 3616 et,

28 3695 33 3706 ¹
133 3632 289 3706 tamqnam
301 3623 476 3707 integrare,
486 3622 694 3707 loantimogis,
707 3643 796 3706 qrrnm
808 3624 887 3702 ansi,
898 3633 1017 3687 tontum
1027 3625 1126 3709 nefas,
1138 3646 1203 3690 arm

132 3710 196 3774 suis
209 3710 408 3774 consulerent.
423 3709 630 3786 admonerent,
642 3729 702 3772 non
717 3709 898 3793 Campanos,
908 3732 1004 3796 neque
1017 3711 1205 3780 Tarentinos

170 3961 204 4007 te.
224 3961 338 4024 Triginta
351 3966 403 4008 tam
418 3962 523 4025 calama]
540 3961 654 4022 Sigonius
686 3961 757 4016 halis,
774 3964 813 4010 vel
832 3964 907 4011 etiam
925 3966 1007 4026 aliquo
1028 3979 1087 4014 aaut
1104 3965 1203 4014 interie-

134 4032 265 4072 enumerat
284 4033 334 4072 tres
352 4032 377 4072 et
393 4027 571 4088 quinquaginta
589 4027 654 4073 colo·
686 4033 751 4084 rant,
763 4034 807 4073 aut
825 4028 861 4074 tta
878 4041 961 4078 vacua
980 4038 1049 4078 erant
1060 4031 1203 4088 cultoribus,

134 4091 189 4138 nias
201 4104 217 4137 a
231 4089 390 4138 Romanisab
402 4105 427 4138 u.
443 4106 464 4138 a.
482 4093 512 4139 ad
528 4093 575 4139 hoa
590 4097 655 4138 tem·
687 4097 715 4138 ut
735 4093 811 4152 capitu
828 4088 917 4154 juvere
936 4095 1060 4143 Romanoa
1079 4109 1128 4142 non
1149 4107 1204 4155 poa·

134 4169 181 4216 pus
206 4155 331 4202 deductas.
375 4155 422 4204 Sed
443 4156 528 4204 Livias
554 4157 582 4203 tn
603 4155 654 4203 suta
686 4160 748 4203 sent.
977 4175 980 4184 ·

134 4221 236 4281 tttginta
263 4220 365 4267 coloniis
394 4234 442 4269 aon
472 4222 577 4269 includit
603 4233 653 4277 aaa,
719 4219 848 4276 44⁸de
863 4223 976 4288 manha]
1002 4226 1073 4280 Quod
1092 4225 1204 4272 eonsules

134 4293 196 4344 quas
217 4285 452 4346 appellationum
471 4286 512 4336 ffi-
546 4287 655 4348 neuqua
685 4287 810 4334 inaeaatu
821 4289 1204 4346 pmnuuciauanonsustiuerent,

134 4349 173 4396 vel
190 4354 261 4398 mant
279 4349 380 4399 tortum
396 4352 423 4400 in
440 4356 560 4416 potestate
576 4352 655 4400 Auni·
687 4366 736 4400 uon
747 4353 873 4402 auderent.
