3036 4972
429 195 522 254 Lim
539 195 663 256 XXIII.
682 195 752 254 .οΑ
763 192 794 254 1¹2
815 195 898 255 XIV.
1123 203 1182 260 15³

117 361 303 438 nimitum,
318 381 516 444 aquusanncs.
539 377 700 444 nunquam
721 369 815 424 terra
828 361 967 447 muriq'rae
983 363 1085 446 magis
1101 365 1345 444 :prolocutas-

115 469 213 531 φαταὶ
226 458 405 518 remanum
418 449 492 514 uisae
505 456 586 526 sunt,
596 468 685 531 quum
699 455 772 510 arete
785 449 918 512 conules
933 449 971 513 C.
981 450 1144 512 Lutatium
1153 449 1224 512 eet»
1234 447 1345 495 cffi-

117 534 158 599 A.
172 535 366 600 Postumium
382 536 530 618 filerunt.
572 534 706 598 Lutatio
719 543 751 598 et
763 535 921 598 Postumio
935 536 1114 612 muralibus,
1131 537 1184 598 de·
1223 623 1231 636 ,

116 623 190 694 oreti
198 623 249 688 ¹ad
262 622 393 704 AEgutm
407 621 525 684 inacus
545 640 655 685 sunna.
701 618 794 694 Quod
806 622 836 684 ai
850 622 900 704 (id
920 624 1002 704 quod
1014 622 1077 686 Dii
1099 641 1204 685 omen·

116 709 277 788 auertant)
292 727 373 769 nune
387 706 641 794 quoqisefortunq
655 707 779 790 aliquid
791 709 979 780 mriuueritf
1004 718 1066 772 trun
1075 729 1184 790 pacem

7 837 9 840 -
117 795 264 875 speratis,
280 813 370 876 quaem
385 795 548 872 vincemur,
562 813 650 876 quiam
672 813 761 869 nunc,
778 813 866 875 quaem
888 795 1045 870 ninnium,
1060 797 1117 858 dat
1131 799 1184 858 aa·

115 883 186 942 mo?
210 882 295 964 Ego,
310 880 419 962 siquis
433 880 471 942 de
479 899 560 959 pace
573 879 715 954 cumulet,
727 900 780 942 sea
794 880 959 962 deferenda
968 881 1117 958 nonna,
1132 901 1185 946 seu

116 966 314 1048 accipienda,
325 965 430 1052 habau,
445 965 522 1048 qaid
533 965 693 1028 sententia
704 965 822 1028 dicum:
844 966 874 1028 si
887 966 925 1028 de
939 967 989 1042 iis,
1005 988 1074 1050 quoe
1085 968 1186 1052 Mago
1261 987 1265 996 ·

112 1045 268 1134 postulat,
283 1051 418 1135 repertis,
433 1072 488 1114 rtec
500 1050 664 1114 uictoribus
683 1051 930 1118 mittiadtinere
944 1061 1034 1134 pido,
1050 1063 1080 1116 et
1091 1053 1185 1134 snu-
1287 1077 1289 1086 ’

117 1138 278 1212 nantibus
291 1159 347 1202 nos
357 1135 477 1286 iffa
491 1147 583 1220 atque
602 1138 694 1200 inani
706 1158 759 1220 spe
772 1139 865 1200 multo
878 1138 979 1202 mimis
990 1159 1094 1204 censeo
1114 1142 1187 1205 mit-

120 1227 217 1288 tanda
239 1245 313 1290 esse.
416 1223 459 1290 ud
482 1221 597 1288 multos
616 1223 715 1288 movit
738 1221 911 1290 Hannonis
936 1225 1138 1290 cristianam
1154 1237 1187 1290 et

118 1309 264 1392 simultas
286 1331 360 1375 cum
383 1308 503 1384 familia
518 1309 656 1378 Barcina
680 1308 831 1374 leviorem
859 1321 1021 1377 auctorem
1039 1309 1185 1390 faciebat,

120 1409 151 1461 et
172 1396 323 1481 occupati
346 1396 444 1460 animi
467 1397 616 1479 prasenti
638 1394 750 1460 laetitia
770 1395 861 1474 nihil,
878 1419 942 1482 quo
964 1398 1077 1462 vanius
1097 1397 1187 1464 fieret

144 1483 279 1560 andium
304 1504 408 1558 suum,
431 1483 562 1546 auribus
585 1481 812 1551 admittebant:
835 1481 1088 1570 debellatumque
1109 1505 1188 1550 mox

121 1507 200 1650 ine,
216 1568 244 1633 si
268 1568 368 1632 adniti
392 1568 565 1654 paullulum
593 1568 773 1646 voluissent,
797 1569 957 1635 rebantur.
1003 1569 1115 1657 Itaque
1138 1572 1188 1634 in·

122 1655 212 1742 genti
232 1676 390 1730 consensu
412 1655 450 1718 fit
471 1655 840 1732 senatusconsultum,'ut
856 1655 1035 1722 Hannibali
1050 1669 1187 1744 quatuor

124 1741 341 1806 Numidarum
367 1741 466 1806 millia
487 1741 519 1804 in
542 1741 797 1827 supplementum
823 1742 1031 1820 mitterentur,
1056 1757 1088 1809 et
1109 1768 1188 1831 qua-

126 1827 273 1915 draginta
296 1827 466 1912 elephanti,
482 1840 514 1892 et
532 1826 690 1914 ⁶⁹argenti
717 1827 816 1893 multa
838 1829 966 1894 talenta.
987 1830 1188 1897 ⁶⁰Dictator-

125 1935 187 1999 que
208 1936 282 1978 cum
299 1913 495 2000 Magonem
512 1913 703 1998 Hispaniam
726 1915 989 2000 premissusest,
1003 1917 1042 1982 ad
1066 1919 1187 1982 condu-
1237 1931 1243 1943 '

124 1999 227 2078 aenda
245 2001 360 2088 vigInti
384 2000 483 2064 millia
503 2000 656 2085 peditum,
672 2014 808 2088 quatuor
828 2002 981 2087 equitum,
997 2003 1112 2089 quibus
1134 2025 1189 2070 ex-

124 2087 251 2166 ercitus,
269 2087 323 2172 qui
345 2089 377 2150 ln
395 2086 498 2165 Italia,
514 2088 631 2173 quique
651 2087 685 2152 in
710 2087 869 2174 Hispania
889 2102 989 2166 erant,
1005 2090 1189 2174 suppleren-

126 2184 188 2238 tur.

166 2259 267 2325 XIV.
292 2259 443 2324 Ceterum
463 2259 544 2338 haec,
562 2272 597 2324 ut
613 2260 643 2324 in
659 2261 805 2326 secundis
828 2261 932 2339 rebus,
947 2262 1084 2349 segniter
1105 2263 1301 2328 cllo-Romani
1312 2281 1350 2326 in.

124 2368 219 2434 seque
244 2360 344 2432 gesta.
370 2348 542 2438 Romanos,
559 2360 674 2430 praeter
700 2348 826 2412 insitam
852 2348 1039 2414 industriam
1061 2350 1186 2426 animis,
1195 2346 1325 2456 flfflagel·

123 2433 252 2514 fortuna
267 2433 359 2498 etiam
383 2435 527 2498 'cunctari
548 2433 746 2518 prohibebat.
768 2454 843 2498 nam
857 2456 918 2498 nec
931 2436 1042 2500 consul
1057 2435 1115 2500 ulli
1130 2423 1260 2523 reiqffi·
1291 2424 1334 2471 μ’

126 2542 197 2604 quae
219 2541 278 2604 per
300 2541 373 2583 eum
395 2519 518 2607 agenda
539 2531 632 2597 esset,
652 2519 775 2584 deerat:
799 2533 831 2584 et
852 2523 986 2587 dictator
1007 2521 1058 2587 M.
1073 2522 1189 2588 Iunius

126 2605 218 2682 Pera,
235 2605 330 2670 rebus
345 2605 460 2668 divinis
481 2605 637 2689 perlectis,
653 2606 791 2691 latoque,
809 2619 844 2672 ut
858 2607 947 2684 solet,
964 2609 1005 2673 ad
1018 2610 1189 2695 populum,
1253 2655 1259 2682 ι

126 2691 149 2730 ⁶¹
160 2703 195 2757 ut
210 2714 328 2778 equum
343 2691 511 2756 escendere
526 2691 643 2768 liceret,
658 2708 775 2777 praeter
789 2693 868 2758 duas
883 2695 1020 2760 urbanas
1035 2695 1190 2785 legiones,

125 2800 196 2864 quae
219 2778 380 2862 principio
402 2777 477 2842 anni
492 2801 510 2841 a
529 2778 710 2864 consulibus
724 2781 912 2865 conscripta
925 2781 1062 2860 fuerant,
1079 2797 1110 2848 et
1125 2805 1189 2848 ser-

125 2887 238 2930 vorum
265 2863 434 2943 delectum,
451 2864 659 2950 cohortesque
680 2865 754 2930 ⁶²ex
776 2889 854 2953 agro
875 2865 995 2932 Piceno
1017 2880 1049 2934 et
1063 2868 1190 2936 Gallico

123 2951 303 3030 conlectam
326 2950 366 3014 ad
396 2950 542 3015 ultinmm
564 2973 664 3036 prope
689 2951 863 3036 desperatae
887 2954 1071 3039 reipublicae
1100 2958 1190 3022 auxi·

124 3037 214 3116 lium,
231 3060 332 3122 quum
355 3036 487 3102 honesta
509 3037 638 3102 utilibus
661 3038 788 3116 cedunt,
811 3039 985 3123 descendit,
1007 3042 1189 3130 edixitque:

127 3125 193 3202 Qui
203 3123 370 3207 capitalem
373 3124 525 3208 fraudem
536 3127 615 3200 osai,
626 3127 737 3208 quique
750 3125 777 3163 ⁶⁵
779 3129 920 3208 pecuniae
922 3126 1065 3211 judicati
1075 3133 1109 3193 in
1121 3133 1190 3194 nin·
1262 3185 1265 3191 ,

124 3213 200 3291 neiis
211 3221 322 3288 essent,
335 3212 389 3294 qui
400 3231 500 3274 eorum
509 3214 594 3292 apud
600 3233 631 3275 se
639 3213 882 3294 militesfierent,
894 3235 1034 3282 eosameu
1039 3219 1190 3299 pecunia-

124 3320 179 3382 que
192 3320 258 3362 sese
273 3298 389 3361 exsolui
398 3295 565 3379 jussurum.
612 3296 661 3361 Ea
675 3320 731 3361 sex
752 3297 850 3362 millia
872 3298 1040 3365 hominum
1057 3299 1190 3366 Gallicis

123 3384 243 3470 spoliis,
260 3405 335 3469 quae
351 3382 515 3466 triumpho
530 3383 737 3450 ueremini
757 3385 911 3450 translata
930 3399 1029 3464 erant,
1047 3389 1190 3454 armavit.

155 3655 187 3702 58
203 3656 283 3702 Falsa
298 3659 367 3716 utque
385 3658 454 3702 inani
463 3655 514 3720 ape]
532 3659 571 3704 Sic
583 3660 644 3707 Gro-
707 3663 736 3710 61
747 3662 762 3690 ⁵
772 3663 805 3710 Ut
814 3679 897 3724 equum
907 3665 1023 3712 escendere
1034 3665 1123 3730 liccem]
1139 3663 1212 3712 ves

121 3721 211 3766 novius
234 3720 321 3774 edidit,
341 3721 451 3779 proxime
473 3723 503 3768 ad
527 3723 642 3783 scriptam
675 3729 773 3773 tebatur
794 3730 873 3788 prisca
897 3733 950 3792 lege
971 3731 1075 3777 dictator
1099 3745 1191 3791 equum

124 3785 264 3831 lectionem.
298 3783 400 3845 vulgati
419 3786 477 3832 olim
489 3785 557 3848 salso
575 3793 644 3849 aque
675 3793 841 3839 conscendere.
875 3793 950 3858 Cujus
961 3795 1130 3856 prohibitionis
1144 3798 1192 3842 ori-

125 3849 190 3894 meni
201 3849 309 3895 putoria.
675 3856 758 3914 ginem
788 3864 813 3903 et
839 3871 924 3907 causas
952 3861 1054 3922 inquirit
1077 3860 1142 3908 Plut.
1165 3862 1190 3907 in
1288 3857 1295 3872 ⁹

157 3912 189 3958 59
206 3912 314 3972 Argmti
330 3915 404 3960 matta
425 3915 522 3978 tabula]
540 3916 645 3964 Videtur
677 3918 736 3967 Fab.

124 3978 258 4038 legendum
276 3979 339 4025 mille
358 3979 444 4024 talenta
461 3993 491 4025 ex
505 3993 526 4026 c.
545 3980 585 4028 32.
606 3982 644 4028 in·
709 3983 945 4047 nawense...
957 3991 1059 4054 Gallico]
1077 3991 1117 4037 Sic
1128 3991 1191 4038 dice·

123 4042 169 4088 fra.
676 4049 748 4094 batur
763 4063 820 4110 ager
830 4052 894 4099 inter
907 4055 985 4101 AEsim
1001 4062 1026 4100 et
1041 4055 1192 4102 Rubiconem

158 4107 191 4153 60
207 4106 373 4168 Dictatorqae]
391 4106 496 4154 Poenuss
517 4109 552 4155 sic
567 4111 644 4156 solent
677 4111 772 4172 fluvios,
789 4117 831 4174 qui
850 4131 927 4177 quum
942 4121 1000 4165 olim
1012 4121 1138 4166 Gallorum
1151 4121 1192 4166 Se-

126 4172 192 4232 loqm
220 4171 326 4218 Romani
355 4171 492 4230 scriptores,
522 4172 645 4220 'nomina
677 4189 769 4223 nonum
793 4181 888 4236 suaset,
910 4192 994 4244 postea
1020 4185 1050 4229 iis
1077 4185 1193 4245 expulsis,
1262 4238 1264 4240 ,

127 4237 316 4296 magistratuum
341 4241 366 4282 et
393 4237 551 4296 imperiorum
579 4241 644 4298 apud
677 4243 766 4300 populo
777 4245 868 4292 viritim
880 4248 1023 4296 distributus
1033 4251 1120 4296 fuerat.
1190 4257 1191 4260 ’

130 4313 153 4344 se
164 4303 253 4348 usitata
270 4303 302 4349 ad
318 4308 421 4355 enetos
431 4315 527 4364 quoque
542 4306 644 4364 populos
709 4306 741 4351 63
757 4309 867 4356 Pecunia
879 4311 996 4376 judicati]
1014 4313 1071 4362 vid.
1089 4321 1139 4361 not.
1151 4312 1191 4360 aa

101 4402 103 4407 .
129 4367 306 4424 transferentes.
512 4399 517 4410 .
678 4371 708 4416 ad
717 4371 760 4418 v1.
774 4367 811 4419 l‘l.
1178 4395 1181 4400 ·
