3136 4970
389 156 450 226 sss
522 193 525 200 -
796 153 909 224 rrrr
936 104 1073 226 trvrr

227 339 362 390 nutes
389 325 493 394 tiones
506 345 545 392 ac
557 321 681 414 vigilias
700 325 734 390 in
749 321 894 392 ordinem
913 325 1022 392 ibent:
1044 333 1140 406 et‚-ut
1154 321 1216 390 iim
1233 324 1353 410 imperii
1373 325 1435 393 tbs·

228 409 298 458 ³⁶⁰·
310 405 365 456 ²⁰⁶·
389 413 538 500 tulerant,
554 413 600 487 ita
619 411 756 499 speciem
771 412 859 478 dicto
877 413 1069 498 parentium,
1083 410 1201 476 ”ultro
1219 411 1278 478 sibi
1296 416 1436 498 imperan-

318 501 322 518 '
389 512 447 578 tea,
463 499 639 566 merebant.
685 499 802 585 Erupit
820 497 937 565 deinde
957 498 1078 576 seditio,
1153 511 1261 584 tquam
1283 498 1436 584 repreben-

389 587 466 652 dere
479 595 575 673 atque
588 586 759 670 inprobare
773 585 918 652 tribunos
933 609 982 665 eo,
997 607 1071 672 quae
1105 601 1106 604 ’
1162 598 1208 663 nt,
1223 599 1255 650 et
1268 586 1370 650 conari
1389 585 1438 649 ob-

335 671 337 678 ’
390 671 474 738 dani
490 673 546 752 ire,
561 682 593 736 et
613 671 779 758 propalam
794 671 944 750 abnuere,
960 671 1074 738 furoris
1094 691 1204 736 eorum
1219 694 1252 736 se
1269 670 1383 737 futuros
1395 693 1438 735 so

390 759 468 836 cios,
495 771 670 824 senserunt.
716 757 846 847 Fugntis
874 758 983 843 itaque
1010 779 1052 824 ex
1082 757 1256 844 principiis,
1281 757 1351 822 ”ae
1376 771 1438 843 post

390 843 502 932 paullo
522 867 543 910 a
558 845 669 910 castris
689 845 835 920 tribunis,
856 843 898 910 ad
920 845 1080 930 principes
1101 844 1271 919 seditionis,
1293 845 1438 932 gregarios

310 957 312 962 ’
391 929 518 1010 milites,
535 931 574 997 C.
591 930 722 998 Albium
745 929 902 998 Calenum
924 943 956 995 et
978 931 1017 996 C.
1034 931 1162 996 Atrium
1185 930 1352 1008 Umbrum,
1366 930 1437 994 dela·

391 1029 461 1084 tum
483 1019 627 1083 omnium
649 1039 803 1082 consensu
825 1017 994 1103 imperium
1016 1029 1074 1082 est.
1097 1017 1163 1102 qui,
1179 1038 1372 1104 nequaquam
1392 1018 1439 1080 tri·

391 1103 528 1170 buniciis
541 1105 681 1170 contenti
697 1105 900 1181 ornamentis,
916 1103 1054 1190 insignia
1073 1106 1166 1168 etiam
1182 1108 1298 1169 summi
1318 1103 1438 1188 imperii,

390 1187 488 1256 fasces
509 1211 705 1278 securesque,
722 1190 895 1255 adtrectare
914 1190 1000 1254 ausi:
1023 1211 1127 1276 neque
1141 1190 1227 1255 venit
1248 1189 1281 1254 in
1304 1202 1435 1264 mentem,

390 1279 456 1343 suis
470 1277 566 1363 tergis
581 1277 707 1362 suisque
720 1276 895 1343 cervicibus
909 1276 956 1340 vir
997 1297 1012 1340 s
1033 1275 1105 1340 illas
1117 1297 1305 1364 securesque
1320 1277 1438 1341 inmine-

390 1386 437 1442 re,
453 1385 531 1450 quas
544 1362 585 1428 ad
602 1377 721 1428 metum
735 1363 871 1428 aliorum
885 1383 953 1448 proe
965 1375 1081 1428 errent.
1117 1361 1211 1428 Mors
1228 1363 1379 1450 Scipionis
1390 1361 1438 1424 fu-

389 1473 428 1514 so
441 1449 562 1515 credita
582 1451 761 1514 occaembnt
782 1448 921 1514 animos:
944 1448 1003 1514 aab
1024 1448 1116 1534 cujus
1130 1449 1292 1535 vulgatam
1314 1471 1383 1512 mox
1401 1447 1416 1510 f
1426 1483 1437 1496 -

391 1557 476 1602 mam
492 1557 557 1600 non
572 1535 761 1616 dubitabant
775 1547 874 1600 totam
891 1535 1080 1621 Hispaniam
1095 1553 1236 1600 arsuram
1254 1535 1344 1601 bello.
1364 1535 1392 1598 in
1406 1556 1436 1597 eo

391 1621 584 1687 tumultuet
609 1621 701 1686 sociis
725 1622 877 1708 pecunias
903 1623 1063 1706 imperari,
1085 1621 1237 1722 etdiripi
1262 1624 1439 1709 propinquas

390 1707 486 1774 urbes
511 1729 616 1794 posse.
636 1721 679 1784 et,
700 1707 835 1773 turbatis
857 1708 961 1785 rebus,
977 1729 1076 1794 quum
1098 1729 1208 1773 omma
1231 1729 1336 1773 omnes
1356 1706 1436 1774 ande·

391 1807 473 1872 rent,
490 1796 593 1859 minus
606 1794 744 1881 insignia
757 1794 835 1874 fore,
849 1815 924 1881 ⁴quoe
938 1795 998 1880 ipsi
1012 1793 1163 1858 iecissent.

435 1878 551 1946 XXV.
574 1879 684 1958 Quum
700 1879 778 1947 alios
792 1881 926 1946 subinde
938 1893 1082 1950 recentes
1104 1881 1249 1960 nuncios,
1265 1903 1330 1946 non
1342 1877 1437 1946 mortis

390 1967 499 2045 modo,
521 1967 577 2032 sed
602 1966 696 2032 etiam
722 1965 851 2045 funeris,
871 1980 1099 2052 exspectarent,
1116 1989 1219 2054 neque
1242 1967 1438 2055 superveniret

389 2053 569 2140 quisquam,
583 2062 853 2142 evanesceretque
871 2065 989 2120 temere
1010 2066 1098 2118 ortus
1119 2075 1248 2132 rumor3
1271 2068 1336 2121 turn
1357 2051 1438 2140 primi

390 2152 536 2206 auctores
558 2141 676 2228 requiri
698 2141 804 2226 ooepti.
828 2152 870 2218 et,
886 2139 1089 2206 subtrahente
1102 2161 1136 2204 se
1149 2163 1288 2228 quoque,
1304 2154 1338 2207 ut
1351 2138 1437 2206 credi·

388 2226 474 2296 disse
487 2227 593 2314 potius
605 2241 734 2304 temere,
750 2247 856 2328 quami
868 2226 1005 2304 finxisse,
1020 2247 1089 2292 rem
1104 2226 1199 2291 talem
1216 2227 1315 2294 videri
1336 2235 1437 2314 posset,

313 2381 316 2390 k
388 2313 535 2389 destituti
556 2314 652 2380 duces
676 2314 740 2379 'am
765 2335 822 2378 sua
843 2314 903 2399 ipsi
931 2313 1077 2401 insignia,
1098 2325 1129 2378 et
1153 2335 1214 2399 pro
1240 2334 1319 2380 vana
1341 2311 1437 2396 imagi·

389 2421 432 2466 ne
445 2400 582 2488 imperii,
597 2422 620 2488 q
705 2411 862 2488 gererent,
878 2420 983 2466 veram
1000 2400 1183 2487 justamque
1198 2420 1276 2466 mox
1293 2402 1324 2464 in
1339 2421 1369 2464 se
1380 2417 1437 2461 ver·

137 2551 140 2560 ,
224 2497 496 2552 ueremini-suram
528 2497 717 2588 potestatem
754 2485 938 2552 horrebant.
980 2485 1169 2572 ”Stupente
1199 2487 1246 2554 ita
1275 2485 1438 2558 seditioue',

225 2566 340 2689 581ξὲοὲ
364 2573 369 2580 ’
391 2593 492 2659 quum
507 2591 610 2637 vrvere
627 2593 744 2657 pruno,
758 2593 837 2638 mox
850 2573 944 2638 etiam
960 2571 1065 2637 valere
1079 2571 1274 2659 Scipionem,
1289 2573 1363 2639 certi
1375 2591 1438 2635 anc-

140 2694 142 2702 ’
223 2694 369 2740 ammo.
391 2672 477 2724 tores
498 2654 670 2739 adferrent,
691 2658 810 2724 tribuni
840 2659 977 2724 militum
1003 2671 1121 2724 sotem
1147 2659 1189 2724 ab
1215 2660 1285 2746 ipso
1308 2659 1438 2754 Scipione
1510 2711 1511 2740 3

225 2759 356 2806 samaa
392 2743 483 2812 missi
494 2756 594 2810 sunt'.
638 2744 694 2810 Ad
708 2765 842 2831 quorum
858 2745 997 2831 primum
1056 2759 1185 2810 ventum
1200 2747 1369 2832 exasperati
1381 2762 1437 2808 uu·

391 2830 455 2908 mi;
479 2851 567 2912 mox,
580 2829 658 2916 ipsis
674 2830 799 2914 placido
815 2853 961 2896 sermone
982 2831 1251 2917 permulcentibus
1265 2843 1362 2910 notos,
1376 2847 1436 2894 cnm

228 2925 340 2974 remur.
391 2917 507 3005 quibus
536 2917 696 3018 congressi
732 2929 832 2996 eraut,
859 2917 947 2983 leniti
983 2931 1069 2984 sunt.
1106 2917 1335 2984 circumeuntes
1365 2914 1436 2983 enim

223 2996 335 3102 ‘mg'
333 3069 381 3102 ser.
391 3003 528 3070 tentoria
552 3025 667 3089 primo,
685 3001 801 3070 deinde
822 3003 854 3070 in
879 3003 1043 3090 principiis
1067 3003 1199 3090 praetori
1243 3028 1293 3083 ue,
1314 3003 1367 3070 ubi
1386 3021 1436 3064 ser·

225 3069 309 3168 lm„
391 3111 502 3154 mones
526 3091 609 3155 inter
623 3113 658 3155 se
671 3091 843 3157 serentium
869 3089 1004 3156 circulos
1018 3090 1178 3168 vidissent,
1194 3028 1437 3178 delloqnebautnr,

340 3233 345 3240 ,
390 3188 634 3262 percunctantes
657 3175 769 3264 magis,
789 3199 862 3265 quae
884 3195 995 3262 caussa
1020 3178 1076 3242 irae
1096 3176 1437 3260 ”consternationisque

378 3262 504 3338 ¹subitae
525 3261 617 3342 foret,
631 3285 734 3351 ‘quarn
759 3265 880 3330 iactum
904 3275 1097 3331 accusantes.
1142 3263 1252 3352 Vulgo
1272 3263 1436 3349 stutendum

503 3391 681 3480 “Stupcati‘ita
690 3415 797 3464 mdical
807 3419 882 3468 Gron.
892 3419 964 3468 Creu.
1061 3425 1073 3451 '
1084 3426 1265 3482 rapuurarrunt
1276 3420 1339 3468 Eud·

421 3569 453 3619 π
473 3566 544 3615 Uitru
561 3564 608 3613 ribi
624 3565 775 3628 imperanter]
797 3565 852 3614 Hoc
867 3567 908 3614 de·
935 3571 1100 3630 porsennam.
1121 3567 1169 3616 Vix
1180 3572 1262 3616 tamen
1273 3569 1436 3630 quisquamne

337 3689 338 3700 ¹
387 3637 460 3684 betur
470 3631 603 3690 (ironavio,
614 3642 692 3689 quum
710 3635 782 3677 antea
793 3629 852 3677 editi
865 3631 908 3678 ha·
940 3633 1154 3695 biseripiat,quin
1170 3635 1298 3682 medemur
1313 3637 1436 3694 gemitum

388 3702 474 3747 herent
493 3696 556 3744 ultro
571 3695 627 3756 ipat,
644 3694 737 3756 scripti,
750 3695 812 3742 atrro
826 3698 857 3752 ai,
869 3696 907 3743 vel
939 3695 1003 3744 hanc
1023 3694 1075 3744 esee
1095 3697 1160 3744 Livii
1179 3697 1332 3758 scripturam,
1351 3705 1400 3754 qua
1417 3693 1437 3761 et

387 3763 451 3810 ultro
460 3775 493 3810 re.
938 3761 1013 3820 clara,
1025 3769 1050 3808 et
1069 3761 1129 3810 scita
1146 3769 1220 3824 atque
1238 3763 1333 3824 elegans
1349 3763 1389 3806 est
1416 3751 1437 3796 8¹

421 3825 453 3874 28
469 3825 566 3886 Arport
576 3823 661 3886 prelo]
679 3823 718 3870 Sic
732 3825 845 3872 ordinant
861 3826 905 3872 has
937 3826 992 3888 quia
1013 3834 1095 3874 tamen
1121 3827 1182 3874 niiffl
1209 3827 1316 3880 omnino,
1338 3821 1380 3870 olai
1399 3816 1436 3864 tub

388 3903 460 3936 voces
478 3887 569 3949 scripu.
603 3887 636 3936 Ut
651 3895 677 3936 et
692 3889 708 3935 1.
720 3888 809 3936 xxu.
826 3905 848 3938 o.
864 3891 904 3938 60.
937 3897 1058 3939 certorum
1074 3892 1174 3938 testium
1194 3889 1387 3946 fide,admiasum
1401 3893 1435 3928 vr·

388 3953 528 4002 Annibalem
546 3960 601 4014 port
619 3953 690 4016 paulo
711 3953 828 4002 mutuis.-
850 3957 905 4002 etl.
937 3957 975 4009 lit,
991 3957 1056 4016 legat
1074 3969 1131 4002 cum
1150 3957 1217 4018 regio
1232 3962 1257 4001 et
1272 3952 1360 4000 Victor·
1376 3945 1435 3995 codd·
1512 3961 1513 3978 r

388 4018 456 4069 Vae·
467 4017 506 4066 5⁵·
526 4032 597 4080 quum
608 4023 699 4084 ΜΨ
710 4021 764 4080 Μ
775 4019 904 4080 pauidus
937 4024 1039 4080 mistim
1057 4020 1102 4075 llll,
1116 4021 1218 4083 veljssm
1236 4017 1355 4066 &dulim-
1367 4009 1434 4062 ιαμ

387 4081 516 4130 umerum.
938 4084 1112 4132 murmurum
1127 4089 1210 4146 septem
1226 4072 1433 4140 marcuard-

421 4147 453 4196 29
468 4147 631 4210 Smne·
643 4147 798 4197 suillum-e
810 4159 907 4208 smper·
935 4148 1078 4210 mmm·

386 4213 511 4276 mmor]
540 4213 636 4274 Scripti,
658 4219 683 4260 et
704 4212 860 4264 Gronovisni.
882 4217 907 4258 et
970 4205 1435 4278 sowosermauoanwomuuuaffl*

387 4279 474 4336 nostri,
494 4281 599 4340 demate
613 4307 677 4324 ....
691 4277 808 4324 aeditrmra.
840 4277 907 4324 'lum
939 4285 980 4327 tus
990 4278 1138 4329 auimomm.

386 4344 469 4392 nullus
488 4343 597 4408 mnoadt
615 4343 731 4392 murnum
750 4344 852 4390 verbum
868 4355 908 4390 ra·
