3036 4972
340 191 397 248 aaa
721 157 1001 244 u1r1n'1v11
1043 207 1045 214 ·
1087 189 1090 196 ’

61 398 66 409 .
182 358 319 414 nomen.
341 349 408 438 qui,
431 348 516 416 cuce
543 366 650 412 muros
673 346 763 412 etin
786 345 972 413 stationibus
993 345 1094 412 solute
1123 369 1163 412 ac
1190 347 1395 450 neglegenter

182 421 319 492 Mili·
341 447 481 524 meotes
504 455 603 520 quum
629 432 709 500 nihil
730 433 845 510 miuus,
860 453 954 520 quam
979 434 1186 519 eruptionem,
1207 446 1396 514 tumuissent,

303 521 310 528 ”
344 547 384 590 ex
410 524 570 609 inproviso
594 519 734 605 obpressi
762 519 895 584 fixerunt.
950 519 1126 601 Gracchus,
1147 522 1331 606 priusquam
1361 541 1396 584 se

344 611 450 676 hostes
470 608 512 672 ab
541 608 705 692 repentino
728 622 847 690 pavore
874 605 1079 693 conligerent,
1092 607 1242 691 ‘receptui
1268 607 1397 691 signnm

345 695 433 760 dedit
453 716 491 760 ac
513 715 585 758 suos
606 694 690 758 intro
710 713 818 756 muros
832 691 960 775 recepit·
1006 693 1137 757 Postero
1151 692 1203 757 die
1219 691 1396 769 Hannibal,

344 781 474 847 lectum!
488 779 627 844 secunda
639 801 674 843 re
687 779 846 842 consulem
857 777 945 863 justo
959 778 1177 863 proeliorstns
1192 789 1398 857 certamrum,

185 889 275 938 cumo
287 890 328 935 ae
346 868 446 936 aciem
461 867 543 932 iuter
553 880 654 931 castra
667 877 761 951 atque
774 866 885 930 urbem
900 865 1058 930 instruxit.
1080 877 1217 932 ceteram
1232 878 1399 952 postquem

185 953 323 1030 ueritum-
346 956 505 1023 neminem
529 952 647 1016 moveri
668 951 708 1015 ab
730 950 821 1016 solito
844 950 986 1018 custodia
1011 952 1097 1015 urbis
1119 949 1206 1029 vidit,
1228 973 1288 1015 nec
1312 970 1399 1016 com-

184 1019 260 1068 mw'
347 1040 431 1106 mitti
456 1038 532 1126 quid
556 1059 626 1103 uam
651 1040 825 1102 temerariae
846 1037 923 1121 spei,
938 1038 978 1102 ad
995 1037 1100 1102 Tifata
1121 1038 1203 1102 redit
1225 1037 1340 1104 iniecta
1354 1055 1400 1101 re.

349 1125 476 1204 Quibus
494 1125 546 1190 dic
568 1146 604 1190 us
620 1122 731 1188 Cumae
753 1122 892 1211 Iiberatae
912 1138 987 1189 sunt
1007 1118 1179 1202 obsidione,
1200 1123 1310 1190 iisdem
1333 1123 1403 1188 die·

308 1219 312 1228 ‘
347 1214 408 1283 bus
423 1229 454 1278 et
469 1213 502 1277 in
518 1209 656 1276 Lucanis
670 1209 713 1274 'ad
724 1209 935 1276 Grumentum
952 1210 1004 1274 Ti.
1022 1211 1233 1296 Sempronius,
1248 1211 1303 1280 xcui
1314 1210 1403 1274 Lon-

347 1295 1405 1478 tt{mittistitit,itttttitttnfflttgttttt

350 1473 420 1540 lites
441 1470 561 1536 amisit:
594 1469 686 1620 siqna
709 1467 857 1532 militaria
881 1469 923 1533 ud
950 1469 1052 1555 quadr
1093 1470 1159 1534 'ta
1183 1487 1282 1535 unum
1307 1469 1404 1552 cepit.

352 1558 467 1624 Pulsus
487 1555 603 1620 finibus
656 1555 762 1620 ucanis
780 1553 900 1618 Hanno
920 1568 1004 1620 retro
1018 1555 1052 1618 in
1099 1556 1209 1620 rnttios
1230 1577 1296 1620 sese
1317 1577 1405 1619 rece-

256 1698 260 1710 (
349 1645 409 1730 pit.
454 1641 497 1721 Et
518 1663 560 1706 ex
574 1640 723 1725 Hirpinis
746 1640 867 1726 oppida
891 1641 962 1718 tria,
978 1664 1050 1726 quae
1070 1665 1091 1706 a
1111 1643 1231 1727 populo
1255 1643 1405 1706 Romano

349 1731 540 1806 defecerant,
554 1729 588 1792 ui
606 1741 733 1813 recepta
752 1749 809 1812 per
821 1725 872 1790 M.
888 1727 1048 1792 Valerium
1068 1742 1248 1812 praetorem.
1284 1727 1405 1792 ⁸⁰Ver-

351 1816 460 1884 cenius
475 1814 672 1900 Siciiiusque,
687 1826 830 1878 auctores
851 1811 1043 1891 deiectionis,
1058 1817 1157 1880 securi
1176 1816 1327 1900 percussi.
1350 1836 1406 1878 su·
1430 1819 1435 1830 '

350 1925 410 1990 pra
425 1901 511 1968 mille
524 1901 719 1984 captivorum
734 1900 792 1964 sub
808 1900 898 1964 basta
910 1899 1091 1966 uenierum:
1112 1901 1221 1986 praeda
1234 1897 1296 1966 alia
1311 1899 1407 1966 militi

351 2011 508 2064 consessa,
521 1988 677 2052 exercitus
694 1986 858 2052 Luceriam
874 1985 1031 2051 reductus.

397 2073 605 2142 XXXVIII.
629 2073 717 2138 Dum
731 2071 802 2135 baec
815 2072 848 2134 in
864 2071 1002 2136 Lucanis
1023 2084 1116 2160 atque
1135 2073 1170 2136 in
1187 2071 1336 2160 Hirpinis
1349 2093 1410 2160 ge·

352 2179 478 2240 runtur,
498 2160 638 2247 quinque
662 2180 766 2236 neves,
782 2179 854 2242 quae
875 2156 1091 2224 Macedonum
1111 2171 1205 2246 atque
1232 2159 1411 2224 Poenorum

353 2264 462 2336 coptos
475 2249 597 2335 legatos
620 2245 756 2311 Romam
769 2244 956 2328 portabant,
977 2245 1017 2309 ab
1039 2266 1153 2330 supero
1167 2246 1246 2314 mari
1268 2243 1309 2310 ad
1329 2243 1411 2310 infe·

247 2427 252 2438 *v
353 2358 426 2404 rum
441 2335 660 2434 circumvectae
674 2351 773 2436 prope
788 2351 912 2396 omnem
929 2330 1031 2434 ltaliae
1051 2353 1152 2410 oram,
1172 2351 1271 2433 quum
1291 2343 1414 2418 praeter

356 2424 476 2489 Cumas
490 2419 565 2484 vebs
579 2417 745 2494 ferrentur,
760 2437 873 2566 noeque,
889 2417 1025 2482 bostrom
1051 2439 1093 2483 aa
1116 2435 1274 2484 sonorum
1296 2432 1415 2499 essent,

356 2509 430 2574 sads
444 2507 586 2582 scitetur,
603 2503 767 2570 Gracchus
789 2513 809 2566 o
833 2503 915 2567 mam
935 2525 976 2568 ex
999 2503 1096 2569 classe
1117 2525 1174 2569 sun
1198 2525 1290 2569 navas
1316 2505 1416 2570 misit.

358 2592 468 2671 Quum
494 2589 731 2677 percunctando
758 2589 792 2652 in
822 2589 921 2654 vicem
934 2592 1109 2678 ,cognitum
1135 2598 1229 2669 esset,
1246 2587 1414 2655 consulem

359 2680 471 2748 Cumis
493 2699 579 2754 essc3
601 2697 695 2740 nares
722 2675 840 2740 Cumas
860 2674 1014 2760 adpulsae,
1036 2677 1211 2764 captivique
1233 2677 1272 2740 ad
1296 2694 1415 2741 consu-

195 2788 282 2850 negatt
292 2768 421 2836 rui-lem
441 2763 581 2917 deffllcti,
596 2761 741 2912 etliiterte
761 2759 856 2826 datm.
902 2761 1032 2840 Consul,
1047 2763 1144 2913 litedris
1160 2761 1301 2848 Philippi
1315 2776 1417 2848 atque

195 2855 287 2914 lippiet
361 2851 475 2920 Hanni
529 2849 555 2916 is
580 2861 582 2868 '
688 2847 696 2862 ‘
738 2848 826 2912 consi
872 2859 923 2912 ata
943 2849 1089 2914 omnisa
1136 2863 1279 2914 senatum
1300 2849 1419 2914 itinere

196 2917 341 3031 fflffl'm
359 2937 501 3006 terrestri
526 2871 626 3000 miii'tei
637 2861 791 2999 eddiibus
814 2869 925 2998 citimi
949 2934 1068 3022 legatos
1085 2935 1188 3022 jussit.
1232 2935 1343 3012 Quum
1359 2955 1418 3000 eo-

198 3050 330 3096 uucuntur.
360 3027 432 3093 dem
454 3023 520 3089 iere
543 3022 596 3087 die
619 3021 719 3087 literae
743 3019 900 3108 legatique
923 3021 1059 3085 Romam
1083 3022 1248 3098 venissent,
1274 3035 1317 3099 ct,
1340 3040 1419 3106 per-

241 3153 247 3166 ·
291 3169 295 3178 ,
360 3110 561 3178 cunctatione
585 3107 676 3186 facta,
703 3106 787 3172 dioto
813 3129 885 3172 oum
911 3107 1033 3192 scriptis
1062 3122 1285 3196 congruerent,
1311 3109 1420 3192 primo

359 3198 466 3287 gravis
480 3217 558 3262 cura
580 3195 690 3260 Patres
703 3193 839 3271 incessit,
853 3207 1025 3270 cernentes,
1046 3195 1231 3280 quantavis
1252 3193 1421 3258 toleranti-

360 3287 420 3353 bus
444 3283 597 3350 Punicum
621 3279 740 3348 bellum
763 3278 967 3344 Macedonici
987 3279 1060 3344 belli
1083 3281 1180 3345 moles
1199 3281 1340 3344 instaret.
1363 3281 1420 3344 cui
1516 3325 1517 3328 ,

361 3386 465 3438 tomen
494 3369 574 3436 adeo
603 3389 666 3434 non
703 3365 949 3444 subcubuerunt,
977 3378 1014 3430 ut
1041 3369 1198 3452 extemplo
1233 3367 1418 3454 agitaretur,

361 3454 630 3546 quemadmodum
655 3452 742 3517 ultro
767 3451 931 3520 inferendo
955 3451 1039 3517 bello
1063 3466 1238 3518 averterent
1260 3453 1301 3520 eb
1324 3452 1421 3542 ltalia

361 3546 497 3611 hostem.
541 3540 681 3625 Captivis
696 3540 728 3602 in
743 3538 867 3602 vincula
882 3538 978 3602 condi
995 3539 1099 3624 jussis,
1114 3538 1344 3623 comitibusque
1364 3561 1420 3603 eo·
1516 3537 1517 3614 ζ

361 3653 434 3698 rum
448 3629 508 3695 sub
522 3627 613 3694 haste
630 3623 865 3714 venditis,⁸¹sd
886 3645 980 3691 neres
1005 3625 1115 3716 viginti
1138 3627 1287 3712 quinque,
1303 3625 1422 3712 quibus

752 3797 863 3846 trimum
876 3798 950 3844 (Iron
963 3798 1031 3846 cren.
1110 3855 1113 3862 Ι

397 3960 431 4007 80
451 3958 574 4008 roscelino
594 3959 743 4022 Μίνῳ]
769 3961 795 4008 si
819 3961 878 4008 fides
940 3961 970 4009 81
989 3961 1107 4009 Adamas
1123 3960 1423 4024 ntgs'nts'qotaqae,qrrtbm

366 4024 466 4086 optimis
482 4024 559 4083 libris,
569 4039 599 4072 ex
615 4025 708 4086 oppidis
726 4025 803 4072 tribus
817 4028 878 4072 duos
912 4057 940 4074 ..
946 4031 1057 4087 preerat,
1068 4028 1154 4089 figenti
1160 4027 1258 4088 paratu
1271 4025 1342 4088 altor]
1360 4027 1424 4072 Gro-

366 4089 478 4138 bomines
493 4090 603 4136 fernum
618 4091 728 4136 editores.
761 4091 799 4137 Ite
812 4091 878 4137 enim
910 4091 996 4136 nortus
1013 4098 1094 4138 censet
1104 4105 1189 4138 vocem
1201 4093 1299 4151 puratos
1312 4097 1357 4137 out
1367 4103 1425 4136 mu·

367 4155 418 4202 fere
428 4155 518 4200 habeut
528 4155 614 4214 optimi
625 4153 696 4202 MSS.
713 4156 740 4200 aa·
751 4160 841 4218 recepto
852 4183 879 4201 ..
909 4155 1008 4201 tandum
1025 4157 1051 4202 in
1063 4158 1209 4215 perornant
1223 4155 1323 4200 omniuo
1341 4155 1425 4202 delen-

372 4219 518 4277 verounum,
542 4219 685 4274 Vesceliam,
714 4219 877 4282 Sicdtommc,
910 4221 976 4268 dam.
1009 4221 1055 4267 Sed
1071 4221 1146 4267 cattus
1164 4225 1201 4266 est
1218 4231 1276 4266 cum
1294 4218 1425 4265 PeriuonIo

256 4313 259 4318 ·
367 4288 390 4332 et
407 4288 510 4332 auctores
527 4283 658 4348 dq'acticns'r
674 4287 750 4332 securi
766 4286 880 4346 mesot.
910 4286 989 4345 legere
1004 4285 1201 4346 vigintiquinque
1209 4283 1276 4341 alias,
1287 4280 1425 4344 quaejunc·

368 4349 533 4400 economus.
911 4355 1014 4397 tecum
1029 4346 1427 4412 quinquetltisnsribusqoassd
