3140 4972
367 134 429 196 Μ
752 130 883 198 ΙΤΙἸἸ
913 133 1062 197 ΗῊΙ.
1106 135 1150 192 ;,’

367 297 682 453 tentat
699 299 1458 479 intumuisti&

367 473 407 538 tia
433 473 609 540 Poeaotum
634 488 749 552 eastra,
772 497 868 561 quarn
896 477 1061 552 Romana„
1077 477 1147 562 (diu
1172 478 1435 544 ciruumeedeade
1500 469 1510 495 ²

203 558 342 634 Qum·
366 561 551 646 Syracuaas,
566 562 822 647 coeloaqaiaque
841 561 1013 634 adsuerant
1036 564 1151 651 aragisi
1167 563 1335 630 adfeuemt.
1381 563 1435 632 Ex

202 629 505 736 ffi'pffi'hoatium
521 650 664 714 exercitu
682 649 791 725 Siculi,
807 661 843 713 at
864 650 1003 734 primum
1018 650 1126 714 ridere
1139 673 1182 715 ex
1200 651 1356 736 gravitate
1369 652 1434 718 loei

203 764 253 797 cul·

366 733 489 822 vulgari
515 736 653 813 morbos,
677 735 709 798 in
734 757 805 800 raas
827 739 962 822 quisque
982 737 1180 828 propinquas
1204 737 1299 803 urbes
1317 739 1435 824 dilapa'

366 835 448 886 aunt.
479 835 511 886 at
539 821 828 909 Karthaginienses,
855 823 971 907 quibua
998 843 1154 908 numnam
1179 838 1325 911 receptus
1353 842 1432 905 eret,

353 927 439 973 scum
459 908 536 993 ipsis
558 907 692 974 ducibus
716 908 920 994 Hippocrate
941 921 1036 994 atque
1058 910 1256 989 Himilcone,
1267 909 1312 976 ad
1331 911 1433 978 later-
1453 938 1455 943 ·

364 995 530 1060 tremonem
547 996 844 1079 omnes-perierunt,
890 993 1072 1073 Marcellus,
1090 1010 1126 1060 ut
1140 1010 1229 1062 tanto
1242 999 1289 1062 vis
1303 999 1432 1088 ingrue-

363 1080 420 1146 bat
445 1083 533 1160 mali,
556 1083 746 1147 traduxerat
769 1082 803 1145 in
829 1086 940 1146 urbem
967 1103 1062 1148 setosa
1080 1083 1272 1172 infirmaque
1297 1107 1433 1172 corpora

260 1188 278 1216 ¹·
311 1239 313 1243 ,
363 1180 448 1234 uota
462 1185 494 1234 et
509 1173 632 1234 umbrae
647 1183 873 1235 recreaverunt.
920 1169 1018 1234 Multi
1033 1183 1138 1236 tamen
1153 1193 1195 1235 ex
1210 1172 1430 1239 amaseae

222 1275 226 1282 ·
252 1271 256 1281 ’
362 1256 463 1321 eruite
480 1255 589 1320 eadem
606 1269 694 1341 peste
708 1255 845 1320 ahaumti
860 1270 945 1320 attttt.¹

407 1341 558 1406 XXVII.
589 1343 706 1407 Deleto
735 1339 875 1408 terrestri
907 1341 1031 1412 Punico
1052 1342 1209 1421 ‘exercitu
1238 1343 1348 1425 Sicuh,
1375 1345 1430 1434 qui
1521 1429 1523 1432 Ι

343 1425 574 1513 Hippocratis
590 1429 704 1494 milites
723 1429 860 1506 fuerant,
874 1429 944 1493 5*in
959 1429 1045 1494 haud
1066 1452 1183 1519 magne
1199 1432 1328 1517 oppida,
1345 1447 1430 1500 cete.

258 1527 263 1536 ’
360 1527 480 1578 ramat
494 1515 555 1580 situ
571 1529 602 1580 et
622 1516 827 1580 munimentis
839 1528 920 1593 tata,
940 1516 1014 1598 (tria
1038 1517 1289 1582 millia‘alterum
1310 1519 1353 1583 ab
1368 1522 1430 1608 Sy-

255 1641 263 1652 ·
360 1602 491 1680 mensis,
507 1603 848 1688 alterumquiudacim
871 1604 971 1685 abest)
995 1625 1033 1668 eo
1055 1617 1087 1668 et
1108 1617 1300 1672 mummius
1317 1629 1335 1671 e
1350 1607 1428 1672 oiri-
1460 1665 1464 1681 ,

359 1688 478 1753 tatibus
498 1690 564 1754 suia
586 1689 839 1775 comportabant,
856 1701 887 1754 et
909 1689 1256 1757 auxilia'areeaaehaat.
1301 1691 1429 1761 Interea

361 1773 534 1854 Bomilcar,
560 1777 674 1843 iterum
704 1797 778 1841 cum
801 1775 901 1842 classa
928 1776 1091 1861 prolectas
1119 1777 1360 1865 Kmthag'ecm,
1384 1781 1429 1846 itu

359 1864 508 1948 exposita
520 1863 651 1928 fortuna
667 1863 839 1941 sociorum,
856 1877 891 1928 ut
906 1883 993 1948 spem
1015 1865 1141 1942 laceret,
1158 1885 1222 1929 non
1238 1865 1315 1951 ipsis
1329 1867 1428 1932 motio

258 1979 261 1992 v
358 1949 528 2016 salutarem
549 1971 644 2038 opem
668 1949 743 2014 ferri
765 1950 936 2034 possessed
955 1950 1118 2016 Romanos
1138 1973 1265 2038 quoque
1284 1954 1319 2017 in
1333 1967 1429 2040 capta

357 2035 598 2123 quodammodo
619 2037 699 2102 urbe
719 2037 801 2122 capi,
816 2036 969 2126 perpulit,
986 2039 1194 2104 munerarius
1217 2057 1313 2104 nares
1331 2061 1428 2126 quana

356 2123 617 2208 plurimasumni
635 2123 728 2209 oopia
747 2145 854 2188 rarum
876 2138 1006 2188 onustas
1028 2137 1136 2188 mcum
1160 2127 1334 2209 mitterent,
1349 2127 1428 2192 elas-

356 2231 487 2299 aemque
501 2235 590 2278 auam
606 2222 770 2299 augerent.
791 2211 901 2297 igitur,
914 2222 1044 2276 eentum
1060 2213 1191 2298 triginta
1207 2213 1341 2278 naribus
1355 2213 1428 2278 lon-

355 2298 404 2381 gis
426 2313 462 2364 et
485 2300 692 2388 septingentis
714 2298 867 2362 onerariis
892 2297 1051 2382 pmieut'ue
1076 2321 1096 2363 a
1119 2297 1330 2388 Karthagine,
1353 2303 1428 2366 satia
1538 2320 1542 2326 ·

354 2400 546 2484 prosperos⁸
560 2398 670 2451 ventos
685 2384 726 2449 ad
748 2384 969 2471 trajiciendum
984 2383 1017 2449 in
1033 2381 1172 2452 Siciliam
1187 2383 1314 2453 hahuit.
1336 2381 1427 2453 “aad

354 2471 450 2536 iidem
465 2473 551 2561 venti
566 2491 717 2559 superare
730 2491 804 2537 eam
823 2470 1010 2558 Paohynum
1034 2471 1258 2555 prohibebant.
1303 2473 1429 2540 Bomil-

354 2560 438 2646 caris
454 2559 618 2641 adtentus,
635 2560 717 2624 lama
740 2557 856 2645 primo,
872 2558 947 2623 dein
967 2571 1187 2645 praeterquam
1209 2579 1310 2638 mora,
1325 2583 1427 2648 quum

353 2644 508 2796 getulium
522 2660 555 2711 et
570 2661 689 2711 metam
710 2645 744 2708 in
760 2645 1032 2716 vioemssRomanis
1048 2646 1321 2798 Syracusaniague
1340 2669 1427 2733 prra-

377 2732 490 2810 uiaset3
516 2732 679 2820 Epicydes
703 2744 857 2809 metuens,
880 2754 930 2808 ne,
954 2732 979 2795 si
1005 2747 1175 2820 pergerent
1200 2734 1257 2797 ⁶‘ii
1283 2756 1344 2812 em,
1368 2737 1426 2821 qui

353 2828 422 2883 trun
437 2821 599 2899 tenebant,
615 2818 657 2886 ab
672 2829 747 2884 ortu
766 2819 841 2883 eolis
853 2818 932 2884 flare
950 2839 1008 2904 per
1022 2819 1089 2884 diae
1110 2818 1217 2905 plures
1232 2822 1328 2898 venti,
1345 2821 1427 2886 alas·

353 2904 395 2970 aia
419 2906 541 2973 Punica
562 2907 706 2974 Africam
728 2917 894 2993 repeteret,
918 2905 1035 2972 tradita
1057 2905 1241 2972 Achradina
1261 2927 1428 2973 maurna-

353 2991 476 3057 rioram
491 2994 628 3059 rnilitum
643 2991 791 3070 ducibus,
807 2993 848 3058 ad
865 2991 1080 3058 Bomilcarem
1098 2993 1236 3083 navigat
1257 2992 1427 3060 ⁶⁷claaaem

351 3078 386 3142 in
400 3081 538 3146 amnone
551 3103 643 3146 versa
657 3079 690 3145 in
707 3080 850 3146 Africam
871 3079 1053 3156 habentem,
1068 3094 1165 3166 atque
1185 3081 1352 3148 timentem
1366 3102 1426 3148 na·

351 3165 422 3234 talo
440 3167 600 3253 paralium,
617 3189 682 3232 non
703 3181 769 3232 tam
789 3167 876 3254 quod
897 3167 991 3252 inpar
1005 3166 1125 3232 viribus
1138 3179 1196 3232 aut
1215 3189 1352 3233 numero
1366 3189 1424 3233 na·

350 3253 438 3318 vium
453 3267 545 3330 esset,
565 3255 696 3341 (quippe
710 3253 805 3320 etiam
825 3253 932 3339 plures
955 3253 1105 3337 habebat)
1121 3275 1218 3342 quam
1233 3255 1321 3341 quod
1336 3257 1424 3320 venti

349 3341 489 3427 aptiores
515 3344 680 3420 Romulia,
704 3361 800 3429 quam
820 3363 898 3420 auae,
920 3340 1010 3408 elaaei
1036 3339 1163 3423 flarent,
1184 3341 1326 3428 perpulit
1351 3355 1424 3408 tan·

515 3499 748 3565 tmajmeucron.
762 3498 832 3546 Crev.
971 3499 984 3528 ⁸
990 3509 1112 3558 prmperea
1123 3497 1180 3544 tatia
1191 3497 1261 3548 aad.

381 3631 416 3678 54
435 3633 467 3680 Ia
488 3631 552 3688 lruud
570 3647 660 3696 magno
680 3631 764 3696 oppidu
782 3664 790 3680 .
808 3663 815 3680 .
833 3631 870 3695 co]
904 3637 960 3677 rant
980 3643 1011 3677 cx
1030 3645 1079 3691 quo
1093 3631 1216 3678 Bomilcar
1231 3631 1263 3678 ad
1279 3629 1424 3691 Pachynum

348 3693 506 3757 sonemus
524 3699 620 3747 ridetur
637 3697 757 3758 particula
772 3711 804 3744 aa.
837 3696 872 3743 At
903 3701 1062 3756 pemanerat:
1088 3698 1131 3743 aed
1152 3697 1188 3744 lta
1208 3701 1238 3744 ut
1259 3709 1309 3744 nou
1331 3696 1425 3752 minua,

349 3773 526 3824 nonnunquam
546 3770 614 3812 nnat
631 3763 717 3810 Livius
738 3763 774 3810 ita
793 3761 871 3823 loqui,
904 3775 978 3822 quam
993 3761 1069 3824 prins,
1081 3761 1237 3824 prohiberent
1247 3761 1356 3822 superari
1371 3775 1427 3822 pro-

348 3831 378 3872 ut
388 3827 492 3873 claritati
506 3829 604 3876 serviat.
615 3827 675 3874 vid.
687 3829 703 3874 l
716 3827 737 3874 1.
749 3840 818 3887 capp.
832 3825 871 3872 19.
904 3827 1064 3885 montorium,
1078 3833 1102 3873 et
1115 3822 1170 3888 jam
1186 3825 1361 3887 Carthaginem
1373 3839 1427 3874 ver·

348 3895 374 3936 et
385 3889 425 3936 5&
436 3897 463 3937 et
473 3892 531 3939 alibi
541 3893 639 3955 saepius.
903 3903 945 3936 sua
956 3893 1057 3938 classem
1069 3892 1229 3952 impellerent

381 3954 415 4001 ᾶδ
430 3954 478 4004 Sed
504 3957 574 4004 tum
604 3956 680 4020 emti]
724 3956 871 4016 carthagine
935 3955 1103 4003 M'Clarrem
1130 3957 1156 4002 ia
1183 3955 1281 4006 erutae
1305 3969 1373 4002 verra
1399 3955 1425 4002 ia

348 4019 492 4080 Pamynum
509 4027 619 4082 petentes
633 4026 721 4069 ventus
736 4023 768 4068 ab
784 4033 871 4068 occaau
902 4019 1012 4084 Afrioam
1032 4019 1162 4084 muers]
1189 4020 1363 4077 Bomilcarem,
1382 4021 1426 4081 qai

347 4083 427 4132 ferme
442 4085 622 4134 meruerat.
654 4089 746 4134 Auster
762 4097 872 4132 necessa·
902 4085 1006 4132 habebat
1023 4086 1126 4132 classem
1144 4086 1170 4131 in
1190 4085 1294 4132 statione
1312 4098 1382 4132 versa
1400 4085 1426 4130 in

348 4148 401 4194 rius
418 4155 470 4196 erat
487 4149 638 4212 navigaturis
653 4153 685 4198 ab
699 4151 815 4212 Pachyno
827 4151 871 4212 Sy·
902 4149 1027 4206 Africam
1050 4151 1152 4198 classem
1174 4155 1281 4196 sanum
1298 4149 1378 4209 pror-ia
1400 4149 1426 4196 in

348 4225 454 4260 musea.
482 4245 485 4252 ,
514 4265 515 4269 ,
902 4211 1012 4261 ethicam
1027 4213 1281 4276 veisia,tanquameo
1295 4215 1363 4265 brari
1375 4219 1424 4262 tra-

380 4277 413 4324 36
429 4277 506 4326 [imm
522 4279 565 4341 qni
582 4282 634 4326 tam
652 4277 799 4328 tenebantui
817 4282 871 4326 orta
899 4273 1030 4340 jacturam.
1340 4277 1345 4286 ⁴

347 4342 404 4392 tulit
414 4374 439 4393 ..
450 4343 526 4407 venti]
543 4345 621 4394 Venti
637 4355 695 4406 ergo
710 4345 800 4392 mutati
817 4345 870 4392 tue-
