3064 4976
336 201 374 261 74
734 189 1013 262 r1T1L1v11

115 401 119 410 .
172 370 307 420 uatus
324 358 496 445 prefectum
519 361 554 422 iri
573 368 698 424 eutem
718 381 757 424 aa
777 361 841 425 solo
855 353 957 424 ”noua
978 369 1070 444 atque
1091 361 1214 445 integra
1238 357 1399 440 coricipera

170 436 307 514 “till
323 466 425 529 posse.
449 444 620 534 Augebant
629 457 749 512 metum
761 444 906 533 prodigia
915 468 954 510 ex
965 444 1110 530 pluribus
1120 443 1215 508 simul
1226 443 1304 508 locis
1312 463 1396 506 nun·

171 501 291 562 ΡΜ
331 531 431 596 ciac:
455 533 487 596 in
504 530 614 598 Sicilia
633 531 786 596 militibus
804 530 926 619 aliquot
944 531 1157 617 apicianis
1175 529 1324 596 serinia
1337 551 1395 594 au-

331 631 395 696 tem
417 620 451 682 in
475 635 569 682 muro
591 618 800 684 circumeunti
825 618 947 706 vigilias
971 619 1070 704 equiti
1095 616 1279 702 scipionem,
1298 635 1394 703 quem

330 726 429 770 manu
449 715 602 788 tenuerat,
618 706 739 783 arsisse,
754 719 787 770 et
807 704 903 770 litora
916 705 1042 787 ¹crebris
1064 703 1191 792 ignibus
1206 699 1347 778 fulsisse,
1364 713 1397 766 et

331 803 421 856 scuta
440 791 505 855 duo
527 790 700 879 sanguineb
715 791 854 868 sudasse,
867 806 899 857 et
922 791 1036 857 milites
1057 782 1210 878 quosda'm
1234 791 1318 854 ictos
1335 787 1396 852 ful·

330 877 481 956 minibus,
501 891 532 942 et
546 876 655 942 11eolis
668 878 779 944 orbem
800 878 901 942 minui
917 877 1033 944 visum:
1056 891 1089 942 et
1105 875 1267 943 Praeneste
1280 877 1396 940 urden-

331 976 378 1029 tes
395 964 516 1050 lapides
537 964 620 1029 coelo
639 963 809 1030 cecidisset
829 979 861 1028 et
877 962 974 1049 Arpis
994 984 1121 1050 parmas
1140 964 1173 1028 in
1195 962 1279 1027 coelo
1300 963 1393 1040 visas,

329 1063 591 1201 pugnantemque
614 1073 688 1115 cum
712 1051 788 1116 luna
809 1050 927 1116 solem:
951 1065 983 1114 et
999 1051 1140 1136 Capenae
1157 1049 1237 1116 duas
1256 1048 1397 1118 interdiu

344 1160 423 1203 unas
438 1151 540 1204 ortas:
556 1149 589 1202 et
602 1159 699 1223 aquas
712 1138 853 1203 Caeretes
868 1138 1022 1225 sauguine
1034 1138 1151 1202 mixtas
1165 1135 1308 1212 fluxisse3
1325 1135 1396 1199 ion-

331 1242 459 1310 temque
473 1225 576 1310 ipsum
594 1223 745 1289 Herculis
763 1225 902 1289 cruentis
925 1245 1067 1288 manasse
1082 1245 1226 1308 sparsum
1242 1222 1394 1288 maculis:

331 1325 364 1376 et
384 1309 450 1374 ¹²in
472 1311 596 1376 Antiati
617 1311 806 1376 metentibus
828 1322 973 1378 cruentas
991 1309 1023 1374 in
1043 1310 1172 1375 corbem
1193 1309 1294 1396 spicas
1312 1308 1397 1374 ceci·

281 1462 284 1470 ,
331 1397 432 1462 disse:
457 1410 488 1462 et
510 1397 642 1462 Faleriis
664 1398 783 1462 coelum
809 1395 890 1460 findi
912 1397 997 1461 velut
1021 1418 1139 1482 magno
1161 1395 1252 1460 biatu
1270 1395 1396 1472 ‘visum3

248 1542 253 1554 ,
330 1505 456 1572 quaque
470 1486 617 1570 patuerit,
634 1484 746 1572 ingens
765 1484 872 1548 lumen
888 1483 1067 1548 effulsisset
1079 1481 1105 1521 ¹³
1115 1496 1213 1548 sortes
1228 1505 1284 1546 sua
1298 1504 1399 1566 spon·

330 1583 361 1634 te
386 1570 583 1648 adtenuatas,
610 1593 770 1658 unamque
794 1569 958 1647 excidisse,
981 1570 1026 1634 ita
1051 1570 1221 1654 scripturn:
1246 1567 1397 1632 Mavous

244 1651 248 1666 '
329 1674 448 1722 anuuit
470 1675 567 1722 suum
589 1677 773 1722 concursu:
799 1669 831 1722 et
856 1678 914 1740 per
939 1655 1023 1721 idem
1046 1669 1171 1742 tempus
1196 1655 1310 1723 Rotuae
1332 1655 1397 1742 sig·

241 1735 247 1748 ’
329 1763 407 1807 num
424 1743 540 1808 Martis
555 1743 664 1829 Appia
678 1743 728 1806 via
742 1743 816 1807 ¹⁴ad
837 1742 1004 1807 simulacra
1025 1742 1173 1827 luporum
1195 1740 1341 1807 sudasse:
1364 1753 1398 1806 et

331 1829 453 1914 Capuae
468 1830 602 1916 speciem
618 1829 691 1893 coeli
711 1829 852 1906 ardentis
866 1827 970 1906 fuisse,
987 1829 1135 1916 lunaeque
1157 1829 1239 1892 inter
1261 1827 1398 1893 imbrem

330 1915 480 1993 cadentis.
524 1916 605 1980 Inde
619 1916 795 1980 minoribus
810 1915 904 1980 etiam
920 1915 1007 1979 dictu
1028 1915 1181 2002 prodigiis
1203 1913 1282 1980 fides
1303 1913 1397 1980 habi·

330 2016 383 2067 ta:
406 2023 517 2088 capras
531 2002 652 2067 lanatas
667 2001 855 2090 quibusdam
870 1999 978 2086 factus,
995 2015 1026 2066 et
1047 2001 1199 2090 gallinam
1214 2001 1247 2066 in
1262 2023 1397 2080 marem,

328 2087 448 2174 gallum
463 2090 495 2154 in
511 2088 661 2153 feminam
677 2112 742 2154 sese
758 2089 895 2162 vertisse.
941 2088 1018 2172 His,
1033 2089 1114 2153 sicut
1127 2097 1219 2154 erant
1233 2088 1400 2178 nunciata,¹¹

329 2175 494 2261 expositis,
509 2176 754 2262 auctoribusque
769 2175 802 2240 in
818 2177 936 2239 curiam
952 2174 1151 2254 introductis,
1164 2173 1276 2239 consul
1291 2174 1331 2239 d'e
1346 2197 1397 2239 re-

168 2276 305 2324 rmcmata
330 2261 448 2351 ligione
465 2261 574 2327 Patres
589 2262 761 2327 consuluit.
805 2261 992 2340 Decretum,
1008 2274 1043 2326 ut
1056 2281 1094 2327 ea
1107 2259 1263 2350 prodigia,
1280 2260 1398 2346 partim

329 2347 501 2437 majoribus
515 2347 638 2426 hostiis,
654 2349 771 2435 partim
792 2347 995 2429 lactentibus,
1010 2359 1277 2433 procurarentur:
1300 2361 1334 2413 et
1350 2347 1398 2413 uti

327 2436 516 2523 supplicatio
531 2435 744 2520 pertriduum
757 2433 798 2500 ad
813 2435 920 2518 omnia
936 2433 1114 2519 pulvinaria
1128 2433 1309 2500 baberetur.
1333 2433 1397 2500 Ce-

329 2536 407 2603 tera,
434 2542 533 2608 quum
562 2521 746 2586 decemviri¹
761 2520 859 2602 libros¹
887 2521 1102 2607 inspexissent,
1133 2535 1168 2586 ut
1198 2521 1244 2587 ita
1271 2517 1396 2598 fierent,

329 2605 597 2694 quemadmodum
613 2608 703 2673 cordi
726 2629 792 2672 esse
806 2607 830 2647 ¹⁵
840 2607 917 2673 Diui
932 2608 1123 2672 carminibus
1139 2607 1396 2692 ¹⁸praefareutu'r.

330 2693 597 2761 Decemvirorum
620 2694 743 2759 monitu
764 2694 925 2759 decretum
940 2707 997 2772 est,
1012 2693 1086 2759 Jovi
1110 2694 1251 2780 primum
1273 2695 1398 2759 donum

329 2780 481 2846 1⁷fulmen
507 2801 639 2845 aureum
664 2780 773 2866 pondo
800 2781 1033 2868 quinquaginta
1054 2781 1160 2856 fieret3
1183 2780 1304 2845 Junoni
1330 2779 1398 2844 Mi·

329 2889 499 2953 nervoeque
523 2889 564 2931 ex
589 2879 721 2954 argento
746 2867 832 2932 dona
858 2867 1028 2945 darentur;
1051 2878 1083 2932 et
1108 2865 1228 2932 Junoni
1260 2867 1396 2955 Regium

329 2954 362 3019 in
381 2951 750 3042 Auentino,.lunonique
773 2953 909 3042 Sospitae
933 2953 1069 3019 hauvii
1091 2953 1262 3041 majoribus
1284 2951 1398 3019 hostiis

697 3128 860 3194 brmguiuam
871 3131 947 3180 Grau.
958 3130 1026 3178 Creu.

361 3281 479 3332 9'Noua
504 3287 572 3346 atqua
598 3285 692 3346 iatam
718 3281 845 3347 macipcrr]
878 3281 1400 3345 tallireeciipsin,perqumsolarisorbis

329 3348 410 3398 Semel
429 3349 495 3396 enim
515 3362 573 3396 cum
591 3351 706 3410 auspiciis
724 3349 861 3410 proiectus
878 3349 1072 3409 paraobscurata
1082 3354 1152 3396 eat.⁴⁴

328 3414 410 3469 domo,
426 3420 520 3474 poterat
534 3413 560 3460 in
577 3419 677 3462 artemo
692 3415 745 3462 solo
758 3427 788 3460 ea
802 3414 847 3460 ite·
912 3413 943 3460 12
958 3413 991 3460 Iar
1009 3410 1117 3475 Amicii]
1139 3410 1284 3474 00an
1303 3412 1400 3458 Grono-

328 3489 432 3538 rumque
453 3479 592 3538 iterumque
618 3479 664 3526 rita
685 3491 778 3539 capere·
812 3480 847 3524 nt
879 3477 920 3525 vii.
954 3476 1019 3524 otim
1030 3477 1108 3525 Antii.
1138 3471 1400 3538 sigonimiegijurae-
1422 3467 1428 3479 ”

329 3557 358 3590 aa
374 3557 437 3592 nova
451 3551 476 3590 et
491 3556 540 3592 nou
557 3548 614 3590 ante
630 3544 734 3603 quaesita
748 3542 793 3590 sibi
807 3555 848 3588 aa·
879 3547 916 3587 rat
934 3542 960 3587 ia
977 3541 1133 3603 Antii-agro.
1165 3542 1213 3588 Sed
1232 3551 1318 3588 uocem
1336 3553 1400 3600 carn

329 3609 423 3668 quirere
447 3608 473 3654 in
497 3614 598 3655 externo
625 3609 677 3654 aolo
701 3620 749 3654 non
777 3620 847 3666 porse
879 3619 927 3652 uon
939 3614 1074 3666 agnoscam
1084 3607 1175 3668 scripti·
1338 3615 1342 3622 '

328 3674 479 3720 contendunt
497 3672 582 3719 Patras
603 3685 661 3721 eum
682 3672 725 3733 qui
746 3671 799 3718 sins
817 3671 848 3718 iis
914 3670 945 3718 18
960 3670 1039 3728 Sortes
1071 3686 1113 3718 aaa
1146 3674 1224 3732 manta
1253 3668 1402 3732 amul.

328 3737 451 3797 pmfefflufl
462 3741 532 3784 efflet·
879 3736 1020 3795 Vidofflpffl
1030 3736 1158 3784 xxlaffit
1212 3757 1223 3780 ¹,

361 3801 393 3848 10
407 3801 440 3848 Ia
468 3800 584 3848 Sardinia
609 3804 687 3848 auum
715 3801 741 3846 in
766 3800 847 3863 mro]
912 3799 944 3846 it
959 3799 1143 3850 ,aramum
1156 3798 1277 3862 luporum]
1293 3798 1400 3846 Aliam

327 3865 403 3912 Recte
423 3865 518 3912 videtur
538 3868 665 3912 observare
683 3863 736 3914 Juc·
753 3865 848 3912 Grono-
879 3865 1267 3920 mrtaasemeiimaartmataca.

327 3931 382 3976 vius
394 3930 434 3976 hic
444 3930 527 3976 deesse
541 3943 631 3977 nomen
647 3926 701 3992 ejus
717 3930 847 3985 urbiacn·
914 3929 944 3976 15
960 3929 1020 3975 Diui
1040 3929 1193 3992 muricibus]
1222 3929 1319 3989 Scripti‚
1338 3927 1403 3974 diui·

323 3991 367 4056 jus
377 3995 402 4040 in
414 4005 488 4039 muro
500 3994 526 4039 id
536 3995 684 4055 prodigium,
695 3995 727 4041 de
737 4009 786 4055 quo
797 3996 849 4056 agi·
879 3996 932 4042 aisa
955 3995 1020 4040 uude
1038 3994 1091 4042 Jac.
1110 3994 1248 4042 Gronovius
1266 3995 1400 4055 legandum

328 4065 378 4115 tur,
401 4059 495 4104 iactum
520 4065 566 4106 est.
598 4059 730 4119 Quumque
754 4060 847 4119 aliquot
879 4057 1010 4118 putatdiui
1020 4060 1070 4104 sair
1079 4059 1228 4106 mmmmm.

328 4123 384 4170 libn'
396 4122 483 4182 optimi
498 4121 687 4173 habeantSudaa
703 4136 747 4182 pro
760 4129 857 4183 irratam,¹
913 4123 944 4172 16
960 4121 1135 4186 Ρνφνωιαν]
1159 4124 1223 4184 lege
1244 4136 1301 4170 curn
1322 4124 1400 4172 Grou.

329 4188 385 4234 iude
396 4187 437 4232 ille
456 4187 592 4246 suspicatur
610 4188 749 4248 legendum,
761 4188 846 4236 Sulcis.
875 4187 1035 4250 profanatur.
1133 4229 1138 4239 ,
1174 4231 1179 4238 ,

330 4250 396 4298 Sulci
415 4251 502 4296 nobilis
518 4258 543 4298 ct
561 4252 662 4312 antiqua
680 4251 798 4302 Sardiniae
813 4253 847 4300 ci·
914 4252 944 4300 lt
960 4251 1063 4299 Fulmen
1078 4268 1176 4302 curnam
1189 4252 1266 4315 pondo
1283 4255 1403 4314 qninqua-

330 4315 393 4362 vitaa
403 4315 460 4374 fuit.
876 4317 961 4382 ginta]
976 4317 1115 4368 Musarum
1128 4319 1274 4368 nostratium
1285 4317 1327 4367 iti.
1342 4329 1404 4366 cum

364 4377 486 4428 ll'Sclir
501 4379 576 4429 urbem
593 4383 671 4438 nutriat
688 4382 777 4444 udum]
805 4383 847 4428 ln·
880 4382 1028 4434 unauuuia¹¹
1071 4405 1078 4436 ,·
1137 4409 1141 4416 ·
1236 4395 1239 4400 ⁴
1299 4409 1302 4416 ,
1404 4401 1411 4410 ³
