<?xml version="1.0" encoding="UTF-8"?>
<!DOCTYPE html PUBLIC "-//W3C//DTD XHTML 1.0 Transitional//EN"
    "http://www.w3.org/TR/xhtml1/DTD/xhtml1-transitional.dtd">
<html xmlns="http://www.w3.org/1999/xhtml" xml:lang="en" lang="en">
 <head>
  <title>
</title>
<meta http-equiv="Content-Type" content="text/html;charset=utf-8" />
  <meta name='ocr-system' content='tesseract 3.04.00' />
  <meta name='ocr-capabilities' content='ocr_page ocr_carea ocr_par ocr_line ocrx_word'/>
</head>
<body>
  <div class='ocr_page' id='page_1' title='image "./tliviipatavinih00crevgoog/tliviipatavinih00crevgoog_0206.png"; bbox 0 0 3140 4972; ppageno 0'>
   <div class='ocr_carea' id='block_1_1' title="bbox 477 193 1227 270">
    <p class='ocr_par' dir='ltr' id='par_1_1' title="bbox 477 193 1227 270">
     <span class='ocr_line' id='line_1_1' title="bbox 477 193 1227 270; baseline 0.001 -14"><span class='ocrx_word' id='word_1_1' title='bbox 477 196 574 256; x_wconf 86' lang='lat' dir='ltr'><strong>LIB.</strong></span> <span class='ocrx_word' id='word_1_2' title='bbox 596 193 711 254; x_wconf 82' lang='lat' dir='ltr'>XXIV.</span> <span class='ocrx_word' id='word_1_3' title='bbox 738 196 841 257; x_wconf 81' lang='lat' dir='ltr'><strong>CAP.</strong></span> <span class='ocrx_word' id='word_1_4' title='bbox 863 196 921 268; x_wconf 79' lang='lat'>111.</span> <span class='ocrx_word' id='word_1_5' title='bbox 1169 201 1227 270; x_wconf 75' lang='grc'><strong>199</strong></span> 
     </span>
    </p>
   </div>
   <div class='ocr_carea' id='block_1_2' title="bbox 116 343 1367 719">
    <p class='ocr_par' dir='ltr' id='par_1_2' title="bbox 159 343 1367 446">
     <span class='ocr_line' id='line_1_2' title="bbox 159 343 1367 446; baseline 0.003 -20"><span class='ocrx_word' id='word_1_6' title='bbox 159 359 330 428; x_wconf 74' lang='lat' dir='ltr'>arboribus</span> <span class='ocrx_word' id='word_1_7' title='bbox 353 369 472 446; x_wconf 86' lang='lat' dir='ltr'><strong>septus,</strong></span> <span class='ocrx_word' id='word_1_8' title='bbox 486 343 561 426; x_wconf 75' lang='lat' dir='ltr'><strong>laeta</strong></span> <span class='ocrx_word' id='word_1_9' title='bbox 581 359 615 423; x_wconf 92' lang='lat' dir='ltr'><strong>in</strong></span> <span class='ocrx_word' id='word_1_10' title='bbox 637 357 743 424; x_wconf 89' lang='lat' dir='ltr'><strong>medio</strong></span> <span class='ocrx_word' id='word_1_11' title='bbox 763 379 883 444; x_wconf 86' lang='lat' dir='ltr'><strong>pascua</strong></span> <span class='ocrx_word' id='word_1_12' title='bbox 903 357 1026 437; x_wconf 83' lang='lat' dir='ltr'><strong>babuit,</strong></span> <span class='ocrx_word' id='word_1_13' title='bbox 1040 357 1095 426; x_wconf 92' lang='lat' dir='ltr'><strong>ubi</strong></span> <span class='ocrx_word' id='word_1_14' title='bbox 1117 360 1367 436; x_wconf 68' lang='lat' dir='ltr'><strong>omnisucsear.</strong></span> 
     </span>
    </p>

    <p class='ocr_par' dir='ltr' id='par_1_3' title="bbox 160 445 1364 622">
     <span class='ocr_line' id='line_1_3' title="bbox 160 445 1364 574; baseline 0.001 -60"><span class='ocrx_word' id='word_1_15' title='bbox 160 447 285 574; x_wconf 56' lang='lat' dir='ltr'><strong>pmaris</strong></span> <span class='ocrx_word' id='word_1_16' title='bbox 309 467 436 512; x_wconf 84' lang='lat' dir='ltr'><strong>sacrum</strong></span> <span class='ocrx_word' id='word_1_17' title='bbox 460 445 541 512; x_wconf 77' lang='lat' dir='ltr'><strong>Dan</strong></span> <span class='ocrx_word' id='word_1_18' title='bbox 567 445 754 531; x_wconf 86' lang='lat' dir='ltr'><strong>pascebatur</strong></span> <span class='ocrx_word' id='word_1_19' title='bbox 778 467 875 530; x_wconf 84' lang='lat' dir='ltr'><strong>pecus</strong></span> <span class='ocrx_word' id='word_1_20' title='bbox 897 447 968 512; x_wconf 84' lang='lat' dir='ltr'><strong>aine</strong></span> <span class='ocrx_word' id='word_1_21' title='bbox 990 445 1055 512; x_wconf 89' lang='lat' dir='ltr'><strong>ullo</strong></span> <span class='ocrx_word' id='word_1_22' title='bbox 1076 447 1364 534; x_wconf 47' lang='lat' dir='ltr'><strong>pastoratem</strong></span> 
     </span>
     <span class='ocr_line' id='line_1_4' title="bbox 194 533 1221 622; baseline 0.001 -23"><span class='ocrx_word' id='word_1_23' title='bbox 194 536 426 620; x_wconf 75' lang='lat' dir='ltr'><strong>separatimque</strong></span> <span class='ocrx_word' id='word_1_24' title='bbox 440 533 556 620; x_wconf 76' lang='lat' dir='ltr'>egressi</span> <span class='ocrx_word' id='word_1_25' title='bbox 571 533 723 618; x_wconf 86' lang='lat' dir='ltr'><strong>cujusque</strong></span> <span class='ocrx_word' id='word_1_26' title='bbox 732 534 857 620; x_wconf 78' lang='lat' dir='ltr'><strong>generis</strong></span> <span class='ocrx_word' id='word_1_27' title='bbox 871 552 983 622; x_wconf 79' lang='lat' dir='ltr'><strong>greges</strong></span> <span class='ocrx_word' id='word_1_28' title='bbox 1001 547 1097 600; x_wconf 85' lang='lat' dir='ltr'><strong>nocte</strong></span> <span class='ocrx_word' id='word_1_29' title='bbox 1119 555 1221 600; x_wconf 87' lang='lat' dir='ltr'><strong>rema-</strong></span> 
     </span>
    </p>

    <p class='ocr_par' dir='ltr' id='par_1_4' title="bbox 116 618 1221 719">
     <span class='ocr_line' id='line_1_5' title="bbox 116 618 1221 719; baseline -0.001 -31"><span class='ocrx_word' id='word_1_30' title='bbox 116 660 118 668; x_wconf 55' lang='lat'>1</span> <span class='ocrx_word' id='word_1_31' title='bbox 159 619 257 688; x_wconf 85' lang='lat' dir='ltr'><strong>abant</strong></span> <span class='ocrx_word' id='word_1_32' title='bbox 278 621 320 686; x_wconf 90' lang='lat' dir='ltr'><strong>ad</strong></span> <span class='ocrx_word' id='word_1_33' title='bbox 341 618 476 697; x_wconf 77' lang='lat' dir='ltr'><strong>staliula,</strong></span> <span class='ocrx_word' id='word_1_34' title='bbox 499 640 672 719; x_wconf 75' lang='lat' dir='ltr'><strong>numquam</strong></span> <span class='ocrx_word' id='word_1_35' title='bbox 699 618 820 684; x_wconf 85' lang='lat' dir='ltr'><strong>insidiis</strong></span> <span class='ocrx_word' id='word_1_36' title='bbox 844 618 993 698; x_wconf 83' lang='lat' dir='ltr'><strong>ferarum,</strong></span> <span class='ocrx_word' id='word_1_37' title='bbox 1015 637 1081 686; x_wconf 88' lang='lat' dir='ltr'><strong>non</strong></span> <span class='ocrx_word' id='word_1_38' title='bbox 1108 619 1221 688; x_wconf 72' lang='lat' dir='ltr'><strong>bande</strong></span> 
     </span>
    </p>
   </div>
   <div class='ocr_carea' id='block_1_3' title="bbox 158 704 1222 880">
    <p class='ocr_par' dir='ltr' id='par_1_5' title="bbox 158 704 1222 880">
     <span class='ocr_line' id='line_1_6' title="bbox 159 704 1218 856; baseline 0.002 -85"><span class='ocrx_word' id='word_1_39' title='bbox 159 707 267 773; x_wconf 83' lang='lat' dir='ltr'><strong>violati</strong></span> <span class='ocrx_word' id='word_1_40' title='bbox 281 706 458 772; x_wconf 87' lang='lat' dir='ltr'><strong>bominum.</strong></span> <span class='ocrx_word' id='word_1_41' title='bbox 496 704 612 793; x_wconf 79' lang='lat' dir='ltr'><strong>Magni</strong></span> <span class='ocrx_word' id='word_1_42' title='bbox 626 715 724 856; x_wconf 77' lang='lat' dir='ltr'><strong>qptur</strong></span> <span class='ocrx_word' id='word_1_43' title='bbox 737 706 858 772; x_wconf 80' lang='lat' dir='ltr'><strong>frustm</strong></span> <span class='ocrx_word' id='word_1_44' title='bbox 872 728 913 772; x_wconf 78' lang='lat' dir='ltr'><strong>ex</strong></span> <span class='ocrx_word' id='word_1_45' title='bbox 936 729 975 772; x_wconf 85' lang='lat' dir='ltr'><strong>eo</strong></span> <span class='ocrx_word' id='word_1_46' title='bbox 995 729 1109 792; x_wconf 81' lang='lat' dir='ltr'><strong>pecore</strong></span> <span class='ocrx_word' id='word_1_47' title='bbox 1123 708 1218 793; x_wconf 85' lang='lat' dir='ltr'><strong>capti,</strong></span> 
     </span>
     <span class='ocr_line' id='line_1_7' title="bbox 158 789 1222 880; baseline 0.002 -22"><span class='ocrx_word' id='word_1_48' title='bbox 158 793 370 880; x_wconf 82' lang='lat' dir='ltr'><strong>columnaque</strong></span> <span class='ocrx_word' id='word_1_49' title='bbox 394 791 470 858; x_wconf 87' lang='lat' dir='ltr'><strong>inde</strong></span> <span class='ocrx_word' id='word_1_50' title='bbox 491 813 587 858; x_wconf 86' lang='lat' dir='ltr'><strong>aurea</strong></span> <span class='ocrx_word' id='word_1_51' title='bbox 608 815 643 856; x_wconf 88' lang='lat' dir='ltr'><strong>so</strong></span> <span class='ocrx_word' id='word_1_52' title='bbox 655 791 709 856; x_wconf 88' lang='lat' dir='ltr'><strong>ida</strong></span> <span class='ocrx_word' id='word_1_53' title='bbox 729 789 823 869; x_wconf 83' lang='lat' dir='ltr'><strong>faeta,</strong></span> <span class='ocrx_word' id='word_1_54' title='bbox 845 805 877 857; x_wconf 88' lang='lat' dir='ltr'><strong>et</strong></span> <span class='ocrx_word' id='word_1_55' title='bbox 898 805 1019 858; x_wconf 86' lang='lat' dir='ltr'><strong>sacrata</strong></span> <span class='ocrx_word' id='word_1_56' title='bbox 1043 807 1107 860; x_wconf 83' lang='lat' dir='ltr'><strong>est:</strong></span> <span class='ocrx_word' id='word_1_57' title='bbox 1129 795 1222 860; x_wconf 85' lang='lat' dir='ltr'><strong>incli-¹</strong></span> 
     </span>
    </p>
   </div>
   <div class='ocr_carea' id='block_1_4' title="bbox 152 877 1417 1546">
    <p class='ocr_par' dir='ltr' id='par_1_6' title="bbox 152 877 1417 1397">
     <span class='ocr_line' id='line_1_8' title="bbox 158 877 1218 968; baseline 0.004 -24"><span class='ocrx_word' id='word_1_58' title='bbox 158 891 291 968; x_wconf 88' lang='lat' dir='ltr'><strong>tamque</strong></span> <span class='ocrx_word' id='word_1_59' title='bbox 304 878 472 963; x_wconf 88' lang='lat' dir='ltr'><strong>templum,</strong></span> <span class='ocrx_word' id='word_1_60' title='bbox 484 877 601 943; x_wconf 80' lang='lat' dir='ltr'><strong>divitiis</strong></span> <span class='ocrx_word' id='word_1_61' title='bbox 616 879 723 955; x_wconf 88' lang='lat' dir='ltr'><strong>etiam,</strong></span> <span class='ocrx_word' id='word_1_62' title='bbox 738 899 802 943; x_wconf 88' lang='lat' dir='ltr'><strong>non</strong></span> <span class='ocrx_word' id='word_1_63' title='bbox 818 890 942 944; x_wconf 84' lang='lat' dir='ltr'><strong>tantum</strong></span> <span class='ocrx_word' id='word_1_64' title='bbox 957 880 1133 960; x_wconf 74' lang='lat' dir='ltr'><strong>sanctitate,</strong></span> <span class='ocrx_word' id='word_1_65' title='bbox 1148 879 1218 948; x_wconf 83' lang='lat' dir='ltr'><strong>fuit.</strong></span> 
     </span>
     <span class='ocr_line' id='line_1_9' title="bbox 158 963 1219 1115; baseline 0.002 -85"><span class='ocrx_word' id='word_1_66' title='bbox 158 965 246 1032; x_wconf 80' lang='lat' dir='ltr'><strong>¹⁴Ae</strong></span> <span class='ocrx_word' id='word_1_67' title='bbox 271 965 425 1030; x_wconf 87' lang='lat' dir='ltr'><strong>miracula</strong></span> <span class='ocrx_word' id='word_1_68' title='bbox 449 963 555 1052; x_wconf 82' lang='lat' dir='ltr'><strong>aliqua</strong></span> <span class='ocrx_word' id='word_1_69' title='bbox 580 963 788 1052; x_wconf 82' lang='lat' dir='ltr'><strong>adfinguntur</strong></span> <span class='ocrx_word' id='word_1_70' title='bbox 812 965 1000 1115; x_wconf 73' lang='lat' dir='ltr'><strong>plerumque</strong></span> <span class='ocrx_word' id='word_1_71' title='bbox 1028 978 1093 1032; x_wconf 87' lang='lat' dir='ltr'><strong>tam</strong></span> <span class='ocrx_word' id='word_1_72' title='bbox 1119 967 1219 1056; x_wconf 74' lang='lat' dir='ltr'><strong>insig-</strong></span> 
     </span>
     <span class='ocr_line' id='line_1_10' title="bbox 156 1049 1218 1139; baseline 0.004 -23"><span class='ocrx_word' id='word_1_73' title='bbox 156 1052 251 1118; x_wconf 90' lang='lat' dir='ltr'><strong>nibus</strong></span> <span class='ocrx_word' id='word_1_74' title='bbox 271 1051 357 1118; x_wconf 86' lang='lat' dir='ltr'><strong>locis.</strong></span> <span class='ocrx_word' id='word_1_75' title='bbox 372 1097 379 1111; x_wconf 50' lang='grc' dir='ltr'><em>ι</em></span> <span class='ocrx_word' id='word_1_76' title='bbox 403 1051 501 1116; x_wconf 84' lang='lat' dir='ltr'><strong>Fama</strong></span> <span class='ocrx_word' id='word_1_77' title='bbox 514 1061 571 1128; x_wconf 85' lang='lat' dir='ltr'><strong>eat,</strong></span> <span class='ocrx_word' id='word_1_78' title='bbox 586 1071 673 1116; x_wconf 85' lang='lat' dir='ltr'><strong>aram</strong></span> <span class='ocrx_word' id='word_1_79' title='bbox 693 1072 760 1116; x_wconf 88' lang='lat' dir='ltr'><strong>esse</strong></span> <span class='ocrx_word' id='word_1_80' title='bbox 772 1049 806 1114; x_wconf 91' lang='lat' dir='ltr'><strong>in</strong></span> <span class='ocrx_word' id='word_1_81' title='bbox 822 1052 943 1116; x_wconf 87' lang='lat' dir='ltr'><strong>vestibu</strong></span> <span class='ocrx_word' id='word_1_82' title='bbox 957 1075 976 1116; x_wconf 94' lang='lat' dir='ltr'><strong>o</strong></span> <span class='ocrx_word' id='word_1_83' title='bbox 991 1052 1110 1139; x_wconf 87' lang='lat' dir='ltr'><strong>templi,</strong></span> <span class='ocrx_word' id='word_1_84' title='bbox 1125 1053 1218 1120; x_wconf 70' lang='lat' dir='ltr'><strong>1⁶au·</strong></span> 
     </span>
     <span class='ocr_line' id='line_1_11' title="bbox 152 1135 1417 1226; baseline 0.002 -22"><span class='ocrx_word' id='word_1_85' title='bbox 152 1139 206 1226; x_wconf 87' lang='lat' dir='ltr'><strong>jus</strong></span> <span class='ocrx_word' id='word_1_86' title='bbox 224 1139 364 1204; x_wconf 83' lang='lat' dir='ltr'><strong>cinerem</strong></span> <span class='ocrx_word' id='word_1_87' title='bbox 384 1137 474 1204; x_wconf 89' lang='lat' dir='ltr'><strong>nullo</strong></span> <span class='ocrx_word' id='word_1_88' title='bbox 496 1157 645 1225; x_wconf 89' lang='lat' dir='ltr'><strong>umquam</strong></span> <span class='ocrx_word' id='word_1_89' title='bbox 659 1135 779 1202; x_wconf 84' lang='lat' dir='ltr'><strong>moveri</strong></span> <span class='ocrx_word' id='word_1_90' title='bbox 792 1149 896 1204; x_wconf 82' lang='lat' dir='ltr'><strong>vento.</strong></span> <span class='ocrx_word' id='word_1_91' title='bbox 942 1137 1007 1204; x_wconf 85' lang='lat' dir='ltr'><strong>Sed</strong></span> <span class='ocrx_word' id='word_1_92' title='bbox 1022 1160 1081 1205; x_wconf 87' lang='lat' dir='ltr'><strong>arx</strong></span> <span class='ocrx_word' id='word_1_93' title='bbox 1100 1139 1277 1206; x_wconf 76' lang='lat' dir='ltr'><strong>Croto-sn</strong></span> <span class='ocrx_word' id='word_1_94' title='bbox 1288 1139 1373 1207; x_wconf 77' lang='lat' dir='ltr'><strong>crota·</strong></span> <span class='ocrx_word' id='word_1_95' title='bbox 1412 1223 1417 1226; x_wconf 34' lang='grc'><strong>,</strong></span> 
     </span>
     <span class='ocr_line' id='line_1_12' title="bbox 156 1222 1271 1316; baseline 0.002 -26"><span class='ocrx_word' id='word_1_96' title='bbox 156 1224 215 1302; x_wconf 86' lang='lat' dir='ltr'><strong>nis,</strong></span> <span class='ocrx_word' id='word_1_97' title='bbox 231 1225 258 1265; x_wconf 87' lang='lat'><strong>¹⁶</strong></span> <span class='ocrx_word' id='word_1_98' title='bbox 269 1245 333 1290; x_wconf 86' lang='lat' dir='ltr'><strong>una</strong></span> <span class='ocrx_word' id='word_1_99' title='bbox 347 1237 438 1311; x_wconf 89' lang='lat' dir='ltr'><strong>parte</strong></span> <span class='ocrx_word' id='word_1_100' title='bbox 452 1224 610 1301; x_wconf 81' lang='lat' dir='ltr'><strong>inminens</strong></span> <span class='ocrx_word' id='word_1_101' title='bbox 624 1223 705 1288; x_wconf 89' lang='lat' dir='ltr'><strong>mari</strong></span> <span class='ocrx_word' id='word_1_102' title='bbox 716 1225 738 1300; x_wconf 75' lang='lat'><strong>¹,</strong></span> <span class='ocrx_word' id='word_1_103' title='bbox 753 1222 863 1302; x_wconf 86' lang='lat' dir='ltr'><strong>altera,</strong></span> <span class='ocrx_word' id='word_1_104' title='bbox 878 1237 1028 1314; x_wconf 78' lang='lat' dir='ltr'><strong>vergente</strong></span> <span class='ocrx_word' id='word_1_105' title='bbox 1042 1225 1076 1289; x_wconf 91' lang='lat' dir='ltr'><strong>in</strong></span> <span class='ocrx_word' id='word_1_106' title='bbox 1090 1222 1271 1316; x_wconf 67' lang='lat' dir='ltr'><strong>agrum,¹¹ib</strong></span> 
     </span>
     <span class='ocr_line' id='line_1_13' title="bbox 156 1309 1219 1397; baseline 0 -21"><span class='ocrx_word' id='word_1_107' title='bbox 156 1311 218 1376; x_wconf 84' lang='lat' dir='ltr'><strong>situ</strong></span> <span class='ocrx_word' id='word_1_108' title='bbox 237 1322 363 1378; x_wconf 86' lang='lat' dir='ltr'><strong>tantum</strong></span> <span class='ocrx_word' id='word_1_109' title='bbox 378 1309 512 1376; x_wconf 88' lang='lat' dir='ltr'><strong>naturali</strong></span> <span class='ocrx_word' id='word_1_110' title='bbox 531 1309 692 1397; x_wconf 89' lang='lat' dir='ltr'><strong>quondam</strong></span> <span class='ocrx_word' id='word_1_111' title='bbox 708 1310 840 1388; x_wconf 85' lang='lat' dir='ltr'><strong>munita,</strong></span> <span class='ocrx_word' id='word_1_112' title='bbox 853 1325 963 1397; x_wconf 88' lang='lat' dir='ltr'><strong>postea</strong></span> <span class='ocrx_word' id='word_1_113' title='bbox 976 1322 1010 1377; x_wconf 85' lang='lat' dir='ltr'><strong>et</strong></span> <span class='ocrx_word' id='word_1_114' title='bbox 1022 1333 1115 1378; x_wconf 88' lang='lat' dir='ltr'><strong>muro</strong></span> <span class='ocrx_word' id='word_1_115' title='bbox 1129 1313 1219 1380; x_wconf 65' lang='lat' dir='ltr'><strong>cine,</strong></span> 
     </span>
    </p>

    <p class='ocr_par' dir='ltr' id='par_1_7' title="bbox 153 1395 1217 1546">
     <span class='ocr_line' id='line_1_14' title="bbox 153 1395 1217 1546; baseline 0.004 -84"><span class='ocrx_word' id='word_1_116' title='bbox 153 1409 188 1462; x_wconf 88' lang='lat' dir='ltr'><strong>ta</strong></span> <span class='ocrx_word' id='word_1_117' title='bbox 201 1409 259 1476; x_wconf 85' lang='lat' dir='ltr'><strong>est,</strong></span> <span class='ocrx_word' id='word_1_118' title='bbox 275 1420 339 1482; x_wconf 88' lang='lat' dir='ltr'><strong>qua</strong></span> <span class='ocrx_word' id='word_1_119' title='bbox 352 1420 415 1546; x_wconf 83' lang='lat' dir='ltr'><strong>per</strong></span> <span class='ocrx_word' id='word_1_120' title='bbox 429 1417 553 1462; x_wconf 87' lang='lat' dir='ltr'><strong>aversas</strong></span> <span class='ocrx_word' id='word_1_121' title='bbox 574 1414 670 1480; x_wconf 77' lang='lat' dir='ltr'><strong>rupes</strong></span> <span class='ocrx_word' id='word_1_122' title='bbox 691 1395 732 1461; x_wconf 90' lang='lat' dir='ltr'><strong>ab</strong></span> <span class='ocrx_word' id='word_1_123' title='bbox 754 1396 915 1484; x_wconf 88' lang='lat' dir='ltr'><strong>Dionysio</strong></span> <span class='ocrx_word' id='word_1_124' title='bbox 936 1398 1054 1464; x_wconf 79' lang='lat' dir='ltr'><strong>siciliae</strong></span> <span class='ocrx_word' id='word_1_125' title='bbox 1079 1412 1217 1486; x_wconf 79' lang='lat' dir='ltr'><strong>tyranno</strong></span> 
     </span>
    </p>
   </div>
   <div class='ocr_carea' id='block_1_5' title="bbox 148 1481 1448 3036">
    <p class='ocr_par' dir='ltr' id='par_1_8' title="bbox 148 1481 1448 3036">
     <span class='ocr_line' id='line_1_15' title="bbox 155 1481 1216 1570; baseline 0.002 -20"><span class='ocrx_word' id='word_1_126' title='bbox 155 1483 338 1570; x_wconf 87' lang='lat' dir='ltr'><strong>perdolum</strong></span> <span class='ocrx_word' id='word_1_127' title='bbox 366 1495 453 1548; x_wconf 87' lang='lat' dir='ltr'><strong>uerat</strong></span> <span class='ocrx_word' id='word_1_128' title='bbox 467 1494 568 1568; x_wconf 86' lang='lat' dir='ltr'><strong>capta.</strong></span> <span class='ocrx_word' id='word_1_129' title='bbox 613 1481 693 1547; x_wconf 86' lang='lat' dir='ltr'><strong>Eam</strong></span> <span class='ocrx_word' id='word_1_130' title='bbox 718 1494 787 1548; x_wconf 90' lang='lat' dir='ltr'><strong>tum</strong></span> <span class='ocrx_word' id='word_1_131' title='bbox 802 1484 1021 1565; x_wconf 68' lang='lat' dir='ltr'><strong>arcemanus,</strong></span> <span class='ocrx_word' id='word_1_132' title='bbox 1037 1485 1216 1552; x_wconf 89' lang='lat' dir='ltr'><strong>utvideba·</strong></span> 
     </span>
     <span class='ocr_line' id='line_1_16' title="bbox 154 1569 1218 1654; baseline 0.003 -19"><span class='ocrx_word' id='word_1_133' title='bbox 154 1583 217 1648; x_wconf 89' lang='lat' dir='ltr'><strong>tur,</strong></span> <span class='ocrx_word' id='word_1_134' title='bbox 240 1569 592 1646; x_wconf 72' lang='lat' dir='ltr'><strong>tatamcroroniatum</strong></span> <span class='ocrx_word' id='word_1_135' title='bbox 608 1569 774 1654; x_wconf 78' lang='lat' dir='ltr'><strong>optimates</strong></span> <span class='ocrx_word' id='word_1_136' title='bbox 789 1569 947 1649; x_wconf 89' lang='lat' dir='ltr'><strong>tenebant,</strong></span> <span class='ocrx_word' id='word_1_137' title='bbox 967 1570 1218 1641; x_wconf 82' lang='lat' dir='ltr'><strong>circumsedente</strong></span> 
     </span>
     <span class='ocr_line' id='line_1_17' title="bbox 155 1654 1229 1745; baseline 0.001 -23"><span class='ocrx_word' id='word_1_138' title='bbox 155 1677 228 1722; x_wconf 82' lang='lat' dir='ltr'><strong>cum</strong></span> <span class='ocrx_word' id='word_1_139' title='bbox 243 1657 377 1730; x_wconf 84' lang='lat' dir='ltr'><strong>Bruttiis</strong></span> <span class='ocrx_word' id='word_1_140' title='bbox 391 1679 446 1721; x_wconf 85' lang='lat' dir='ltr'><strong>eos</strong></span> <span class='ocrx_word' id='word_1_141' title='bbox 461 1656 565 1739; x_wconf 26' lang='lat' dir='ltr'><strong>etiarn·</strong></span> <span class='ocrx_word' id='word_1_142' title='bbox 575 1654 668 1738; x_wconf 88' lang='lat' dir='ltr'><strong>plebe</strong></span> <span class='ocrx_word' id='word_1_143' title='bbox 680 1677 748 1720; x_wconf 75' lang='lat' dir='ltr'><strong>aua,</strong></span> <span class='ocrx_word' id='word_1_144' title='bbox 792 1656 959 1740; x_wconf 84' lang='lat' dir='ltr'><strong>Postremo</strong></span> <span class='ocrx_word' id='word_1_145' title='bbox 972 1657 1101 1736; x_wconf 86' lang='lat' dir='ltr'><strong>Bruttii,</strong></span> <span class='ocrx_word' id='word_1_146' title='bbox 1114 1681 1214 1745; x_wconf 88' lang='lat' dir='ltr'><strong>quum</strong></span> <span class='ocrx_word' id='word_1_147' title='bbox 1228 1713 1229 1723; x_wconf 70' lang='grc'>,</span> 
     </span>
     <span class='ocr_line' id='line_1_18' title="bbox 155 1740 1214 1830; baseline 0.002 -23"><span class='ocrx_word' id='word_1_148' title='bbox 155 1743 220 1808; x_wconf 88' lang='lat' dir='ltr'><strong>suis</strong></span> <span class='ocrx_word' id='word_1_149' title='bbox 239 1742 357 1808; x_wconf 86' lang='lat' dir='ltr'><strong>viribus</strong></span> <span class='ocrx_word' id='word_1_150' title='bbox 371 1740 650 1830; x_wconf 77' lang='lat' dir='ltr'><strong>inexpugnabilem</strong></span> <span class='ocrx_word' id='word_1_151' title='bbox 670 1741 815 1807; x_wconf 84' lang='lat' dir='ltr'><strong>viderent</strong></span> <span class='ocrx_word' id='word_1_152' title='bbox 833 1763 947 1820; x_wconf 86' lang='lat' dir='ltr'><strong>arcem,</strong></span> <span class='ocrx_word' id='word_1_153' title='bbox 964 1744 1066 1810; x_wconf 84' lang='lat' dir='ltr'><strong>coacti</strong></span> <span class='ocrx_word' id='word_1_154' title='bbox 1080 1745 1214 1812; x_wconf 80' lang='lat' dir='ltr'><strong>necersi-</strong></span> 
     </span>
     <span class='ocr_line' id='line_1_19' title="bbox 154 1826 1215 1914; baseline 0.005 -21"><span class='ocrx_word' id='word_1_155' title='bbox 154 1841 231 1906; x_wconf 88' lang='lat' dir='ltr'><strong>tate,</strong></span> <span class='ocrx_word' id='word_1_156' title='bbox 262 1828 436 1896; x_wconf 83' lang='lat' dir='ltr'><strong>Hannonis</strong></span> <span class='ocrx_word' id='word_1_157' title='bbox 457 1827 609 1893; x_wconf 85' lang='lat' dir='ltr'><strong>auxilium</strong></span> <span class='ocrx_word' id='word_1_158' title='bbox 636 1826 809 1914; x_wconf 89' lang='lat' dir='ltr'><strong>inplorant.</strong></span> <span class='ocrx_word' id='word_1_159' title='bbox 853 1827 886 1894; x_wconf 91' lang='lat' dir='ltr'><strong>Ia</strong></span> <span class='ocrx_word' id='word_1_160' title='bbox 912 1829 1147 1898; x_wconf 86' lang='lat' dir='ltr'><strong>conditionibus</strong></span> <span class='ocrx_word' id='word_1_161' title='bbox 1172 1832 1215 1898; x_wconf 83' lang='lat' dir='ltr'><strong>ad</strong></span> 
     </span>
     <span class='ocr_line' id='line_1_20' title="bbox 152 1913 1213 2000; baseline 0.004 -20"><span class='ocrx_word' id='word_1_162' title='bbox 152 1914 348 1980; x_wconf 87' lang='lat' dir='ltr'><strong>deditionem</strong></span> <span class='ocrx_word' id='word_1_163' title='bbox 375 1913 564 2000; x_wconf 89' lang='lat' dir='ltr'><strong>compellere</strong></span> <span class='ocrx_word' id='word_1_164' title='bbox 591 1913 792 1980; x_wconf 82' lang='lat' dir='ltr'><strong>Crotoniatas</strong></span> <span class='ocrx_word' id='word_1_165' title='bbox 820 1928 961 1993; x_wconf 85' lang='lat' dir='ltr'><strong>conatus,</strong></span> <span class='ocrx_word' id='word_1_166' title='bbox 992 1928 1028 1982; x_wconf 89' lang='lat' dir='ltr'><strong>ut</strong></span> <span class='ocrx_word' id='word_1_167' title='bbox 1056 1917 1213 1984; x_wconf 91' lang='lat' dir='ltr'><strong>coloniam</strong></span> 
     </span>
     <span class='ocr_line' id='line_1_21' title="bbox 155 1996 1213 2090; baseline 0.003 -24"><span class='ocrx_word' id='word_1_168' title='bbox 155 2001 357 2068; x_wconf 85' lang='lat' dir='ltr'><strong>Bruttiorum</strong></span> <span class='ocrx_word' id='word_1_169' title='bbox 379 2025 419 2068; x_wconf 89' lang='lat' dir='ltr'><strong>eo</strong></span> <span class='ocrx_word' id='word_1_170' title='bbox 440 2001 568 2082; x_wconf 84' lang='lat' dir='ltr'><strong>deduci,</strong></span> <span class='ocrx_word' id='word_1_171' title='bbox 591 1996 691 2064; x_wconf 82' lang='lat' dir='ltr'><strong>²¹¹anti</strong></span> <span class='ocrx_word' id='word_1_172' title='bbox 714 2021 851 2087; x_wconf 88' lang='lat' dir='ltr'><strong>uamque</strong></span> <span class='ocrx_word' id='word_1_173' title='bbox 871 2001 1077 2090; x_wconf 83' lang='lat' dir='ltr'><strong>frequentiam</strong></span> <span class='ocrx_word' id='word_1_174' title='bbox 1102 2026 1213 2070; x_wconf 88' lang='lat' dir='ltr'><strong>eorum</strong></span> 
     </span>
     <span class='ocr_line' id='line_1_22' title="bbox 151 2023 1214 2176; baseline 0.004 -24"><span class='ocrx_word' id='word_1_175' title='bbox 151 2088 424 2176; x_wconf 84' lang='lat' dir='ltr'><strong>reciperevastam</strong></span> <span class='ocrx_word' id='word_1_176' title='bbox 443 2110 481 2153; x_wconf 88' lang='lat' dir='ltr'><strong>ac</strong></span> <span class='ocrx_word' id='word_1_177' title='bbox 495 2087 650 2152; x_wconf 87' lang='lat' dir='ltr'><strong>desertam</strong></span> <span class='ocrx_word' id='word_1_178' title='bbox 666 2023 755 2152; x_wconf 74' lang='lat' dir='ltr'><strong>bellis</strong></span> <span class='ocrx_word' id='word_1_179' title='bbox 775 2086 888 2152; x_wconf 91' lang='lat' dir='ltr'><strong>urbem</strong></span> <span class='ocrx_word' id='word_1_180' title='bbox 898 2101 1094 2175; x_wconf 89' lang='lat' dir='ltr'><strong>paterentur,</strong></span> <span class='ocrx_word' id='word_1_181' title='bbox 1110 2093 1214 2156; x_wconf 89' lang='lat' dir='ltr'><strong>omni-</strong></span> 
     </span>
     <span class='ocr_line' id='line_1_23' title="bbox 152 2173 1215 2260; baseline 0.003 -21"><span class='ocrx_word' id='word_1_182' title='bbox 152 2197 205 2239; x_wconf 86' lang='lat' dir='ltr'><strong>um</strong></span> <span class='ocrx_word' id='word_1_183' title='bbox 233 2175 405 2253; x_wconf 90' lang='lat' dir='ltr'><strong>neminem,</strong></span> <span class='ocrx_word' id='word_1_184' title='bbox 419 2186 537 2260; x_wconf 79' lang='lat' dir='ltr'><strong>preater</strong></span> <span class='ocrx_word' id='word_1_185' title='bbox 562 2173 833 2256; x_wconf 83' lang='lat' dir='ltr'><strong>Aristomachum,</strong></span> <span class='ocrx_word' id='word_1_186' title='bbox 858 2174 964 2240; x_wconf 88' lang='lat' dir='ltr'><strong>movit.</strong></span> <span class='ocrx_word' id='word_1_187' title='bbox 986 2175 1159 2239; x_wconf 85' lang='lat' dir='ltr'><strong>morituros</strong></span> <span class='ocrx_word' id='word_1_188' title='bbox 1180 2199 1215 2242; x_wconf 86' lang='lat' dir='ltr'><strong>se</strong></span> 
     </span>
     <span class='ocr_line' id='line_1_24' title="bbox 150 2259 1212 2346; baseline 0.002 -22"><span class='ocrx_word' id='word_1_189' title='bbox 150 2259 365 2326; x_wconf 81' lang='lat' dir='ltr'><strong>adfirmabant</strong></span> <span class='ocrx_word' id='word_1_190' title='bbox 379 2261 482 2337; x_wconf 87' lang='lat' dir='ltr'><strong>eitius,</strong></span> <span class='ocrx_word' id='word_1_191' title='bbox 498 2281 604 2346; x_wconf 88' lang='lat' dir='ltr'><strong>quam,</strong></span> <span class='ocrx_word' id='word_1_192' title='bbox 619 2259 748 2324; x_wconf 82' lang='lat' dir='ltr'><strong>inmixti</strong></span> <span class='ocrx_word' id='word_1_193' title='bbox 764 2259 909 2341; x_wconf 89' lang='lat' dir='ltr'><strong>Bruttiis,</strong></span> <span class='ocrx_word' id='word_1_194' title='bbox 925 2261 960 2324; x_wconf 88' lang='lat' dir='ltr'><strong>in</strong></span> <span class='ocrx_word' id='word_1_195' title='bbox 981 2260 1100 2326; x_wconf 85' lang='lat' dir='ltr'><strong>alienos</strong></span> <span class='ocrx_word' id='word_1_196' title='bbox 1122 2263 1212 2340; x_wconf 88' lang='lat' dir='ltr'><strong>ritus,</strong></span> 
     </span>
     <span class='ocr_line' id='line_1_25' title="bbox 149 2345 1215 2436; baseline 0.002 -26"><span class='ocrx_word' id='word_1_197' title='bbox 149 2365 264 2424; x_wconf 83' lang='lat' dir='ltr'><strong>mores,</strong></span> <span class='ocrx_word' id='word_1_198' title='bbox 281 2347 439 2436; x_wconf 84' lang='lat' dir='ltr'><strong>legesque,</strong></span> <span class='ocrx_word' id='word_1_199' title='bbox 454 2367 492 2411; x_wconf 88' lang='lat' dir='ltr'><strong>ac</strong></span> <span class='ocrx_word' id='word_1_200' title='bbox 506 2367 583 2410; x_wconf 82' lang='lat' dir='ltr'><strong>mort</strong></span> <span class='ocrx_word' id='word_1_201' title='bbox 602 2345 743 2433; x_wconf 87' lang='lat' dir='ltr'><strong>linguam</strong></span> <span class='ocrx_word' id='word_1_202' title='bbox 759 2347 854 2412; x_wconf 88' lang='lat' dir='ltr'><strong>etiam</strong></span> <span class='ocrx_word' id='word_1_203' title='bbox 870 2360 1077 2412; x_wconf 87' lang='lat' dir='ltr'><strong>verterentur.</strong></span> <span class='ocrx_word' id='word_1_204' title='bbox 1121 2347 1215 2412; x_wconf 80' lang='lat' dir='ltr'><strong>Aris-</strong></span> 
     </span>
     <span class='ocr_line' id='line_1_26' title="bbox 150 2432 1213 2515; baseline 0.002 -17"><span class='ocrx_word' id='word_1_205' title='bbox 150 2433 318 2498; x_wconf 80' lang='lat' dir='ltr'><strong>tomachus</strong></span> <span class='ocrx_word' id='word_1_206' title='bbox 344 2455 436 2511; x_wconf 91' lang='lat' dir='ltr'><strong>unus,</strong></span> <span class='ocrx_word' id='word_1_207' title='bbox 452 2433 578 2515; x_wconf 87' lang='lat' dir='ltr'><strong>quaudo</strong></span> <span class='ocrx_word' id='word_1_208' title='bbox 602 2450 662 2498; x_wconf 89' lang='lat' dir='ltr'><strong>nec</strong></span> <span class='ocrx_word' id='word_1_209' title='bbox 684 2432 846 2498; x_wconf 89' lang='lat' dir='ltr'><strong>suadendo</strong></span> <span class='ocrx_word' id='word_1_210' title='bbox 860 2433 900 2498; x_wconf 88' lang='lat' dir='ltr'><strong>ad</strong></span> <span class='ocrx_word' id='word_1_211' title='bbox 917 2432 1113 2499; x_wconf 85' lang='lat' dir='ltr'><strong>deditionem</strong></span> <span class='ocrx_word' id='word_1_212' title='bbox 1139 2434 1213 2500; x_wconf 88' lang='lat' dir='ltr'><strong>satis</strong></span> 
     </span>
     <span class='ocr_line' id='line_1_27' title="bbox 148 2517 1215 2605; baseline 0.002 -21"><span class='ocrx_word' id='word_1_213' title='bbox 148 2517 284 2594; x_wconf 76' lang='lat' dir='ltr'><strong>valebat,</strong></span> <span class='ocrx_word' id='word_1_214' title='bbox 300 2541 370 2598; x_wconf 86' lang='lat' dir='ltr'><strong>nec,</strong></span> <span class='ocrx_word' id='word_1_215' title='bbox 383 2519 464 2584; x_wconf 90' lang='lat' dir='ltr'><strong>sicut</strong></span> <span class='ocrx_word' id='word_1_216' title='bbox 478 2518 589 2584; x_wconf 89' lang='lat' dir='ltr'><strong>urbem</strong></span> <span class='ocrx_word' id='word_1_217' title='bbox 636 2517 805 2594; x_wconf 85' lang='lat' dir='ltr'><strong>rodiderat,</strong></span> <span class='ocrx_word' id='word_1_218' title='bbox 822 2519 926 2584; x_wconf 91' lang='lat' dir='ltr'><strong>locum</strong></span> <span class='ocrx_word' id='word_1_219' title='bbox 942 2520 1117 2605; x_wconf 87' lang='lat' dir='ltr'><strong>prodendae</strong></span> <span class='ocrx_word' id='word_1_220' title='bbox 1132 2521 1215 2586; x_wconf 85' lang='lat' dir='ltr'><strong>arcis</strong></span> 
     </span>
     <span class='ocr_line' id='line_1_28' title="bbox 148 2603 1214 2706; baseline 0.005 -38"><span class='ocrx_word' id='word_1_221' title='bbox 148 2605 343 2688; x_wconf 83' lang='lat' dir='ltr'><strong>inveniebat,</strong></span> <span class='ocrx_word' id='word_1_222' title='bbox 360 2603 527 2706; x_wconf 81' lang='lat' dir='ltr'><strong>transfugit</strong></span> <span class='ocrx_word' id='word_1_223' title='bbox 542 2603 583 2670; x_wconf 85' lang='lat' dir='ltr'><strong>ad</strong></span> <span class='ocrx_word' id='word_1_224' title='bbox 639 2626 807 2669; x_wconf 87' lang='lat' dir='ltr'><strong>annonem.</strong></span> <span class='ocrx_word' id='word_1_225' title='bbox 852 2605 1027 2670; x_wconf 86' lang='lat' dir='ltr'><strong>Locrenses</strong></span> <span class='ocrx_word' id='word_1_226' title='bbox 1038 2605 1126 2672; x_wconf 91' lang='lat' dir='ltr'><strong>brevi</strong></span> <span class='ocrx_word' id='word_1_227' title='bbox 1140 2621 1214 2694; x_wconf 87' lang='lat' dir='ltr'><strong>post</strong></span> 
     </span>
     <span class='ocr_line' id='line_1_29' title="bbox 148 2687 1213 2779; baseline 0.005 -25"><span class='ocrx_word' id='word_1_228' title='bbox 148 2689 256 2778; x_wconf 86' lang='lat' dir='ltr'><strong>legati,</strong></span> <span class='ocrx_word' id='word_1_229' title='bbox 273 2713 371 2779; x_wconf 91' lang='lat' dir='ltr'><strong>quum</strong></span> <span class='ocrx_word' id='word_1_230' title='bbox 397 2712 554 2776; x_wconf 76' lang='lat' dir='ltr'><strong>permissu</strong></span> <span class='ocrx_word' id='word_1_231' title='bbox 577 2687 750 2756; x_wconf 86' lang='lat' dir='ltr'><strong>Hannonis</strong></span> <span class='ocrx_word' id='word_1_232' title='bbox 765 2713 870 2756; x_wconf 89' lang='lat' dir='ltr'><strong>arcem</strong></span> <span class='ocrx_word' id='word_1_233' title='bbox 884 2692 1065 2771; x_wconf 85' lang='lat' dir='ltr'><strong>intrassent,</strong></span> <span class='ocrx_word' id='word_1_234' title='bbox 1081 2714 1213 2779; x_wconf 88' lang='lat' dir='ltr'><strong>persua·</strong></span> 
     </span>
     <span class='ocr_line' id='line_1_30' title="bbox 148 2775 1213 2866; baseline 0.004 -24"><span class='ocrx_word' id='word_1_235' title='bbox 148 2777 237 2857; x_wconf 88' lang='lat' dir='ltr'><strong>dent,</strong></span> <span class='ocrx_word' id='word_1_236' title='bbox 251 2792 287 2842; x_wconf 86' lang='lat' dir='ltr'><strong>ut</strong></span> <span class='ocrx_word' id='word_1_237' title='bbox 298 2777 422 2842; x_wconf 88' lang='lat' dir='ltr'><strong>traduci</strong></span> <span class='ocrx_word' id='word_1_238' title='bbox 436 2801 469 2842; x_wconf 89' lang='lat' dir='ltr'><strong>se</strong></span> <span class='ocrx_word' id='word_1_239' title='bbox 483 2777 509 2817; x_wconf 84' lang='lat'><strong>¹⁸</strong></span> <span class='ocrx_word' id='word_1_240' title='bbox 519 2778 552 2840; x_wconf 91' lang='lat' dir='ltr'><strong>in</strong></span> <span class='ocrx_word' id='word_1_241' title='bbox 568 2775 690 2842; x_wconf 86' lang='lat' dir='ltr'><strong>Locros</strong></span> <span class='ocrx_word' id='word_1_242' title='bbox 704 2791 898 2862; x_wconf 89' lang='lat' dir='ltr'><strong>paterentur,</strong></span> <span class='ocrx_word' id='word_1_243' title='bbox 910 2801 969 2844; x_wconf 90' lang='lat' dir='ltr'><strong>nec</strong></span> <span class='ocrx_word' id='word_1_244' title='bbox 991 2779 1102 2860; x_wconf 83' lang='lat' dir='ltr'><strong>ultima</strong></span> <span class='ocrx_word' id='word_1_245' title='bbox 1116 2803 1213 2866; x_wconf 87' lang='lat' dir='ltr'><strong>expe-</strong></span> 
     </span>
     <span class='ocr_line' id='line_1_31' title="bbox 148 2863 1211 2950; baseline 0.004 -22"><span class='ocrx_word' id='word_1_246' title='bbox 148 2864 206 2928; x_wconf 88' lang='lat' dir='ltr'><strong>riri</strong></span> <span class='ocrx_word' id='word_1_247' title='bbox 221 2863 351 2930; x_wconf 86' lang='lat' dir='ltr'><strong>vellent.</strong></span> <span class='ocrx_word' id='word_1_248' title='bbox 395 2863 469 2929; x_wconf 82' lang='lat' dir='ltr'><strong>Jarn</strong></span> <span class='ocrx_word' id='word_1_249' title='bbox 491 2863 552 2928; x_wconf 87' lang='lat' dir='ltr'><strong>hoc</strong></span> <span class='ocrx_word' id='word_1_250' title='bbox 573 2875 610 2928; x_wconf 89' lang='lat' dir='ltr'><strong>ut</strong></span> <span class='ocrx_word' id='word_1_251' title='bbox 635 2863 693 2928; x_wconf 83' lang='lat' dir='ltr'><strong>sibi</strong></span> <span class='ocrx_word' id='word_1_252' title='bbox 713 2863 831 2942; x_wconf 86' lang='lat' dir='ltr'><strong>liceret,</strong></span> <span class='ocrx_word' id='word_1_253' title='bbox 846 2865 1092 2950; x_wconf 84' lang='lat' dir='ltr'><strong>impetraverant</strong></span> <span class='ocrx_word' id='word_1_254' title='bbox 1117 2881 1149 2932; x_wconf 90' lang='lat' dir='ltr'><strong>et</strong></span> <span class='ocrx_word' id='word_1_255' title='bbox 1170 2869 1211 2933; x_wconf 91' lang='lat' dir='ltr'><strong>ab</strong></span> 
     </span>
     <span class='ocr_line' id='line_1_32' title="bbox 149 2949 1448 3036; baseline 0.005 -20"><span class='ocrx_word' id='word_1_256' title='bbox 149 2952 345 3028; x_wconf 84' lang='lat' dir='ltr'><strong>Hannibale,</strong></span> <span class='ocrx_word' id='word_1_257' title='bbox 362 2949 465 3014; x_wconf 88' lang='lat' dir='ltr'><strong>missis</strong></span> <span class='ocrx_word' id='word_1_258' title='bbox 485 2949 524 3014; x_wconf 90' lang='lat' dir='ltr'><strong>ad</strong></span> <span class='ocrx_word' id='word_1_259' title='bbox 540 2949 643 3034; x_wconf 84' lang='lat' dir='ltr'><strong>ipsum</strong></span> <span class='ocrx_word' id='word_1_260' title='bbox 657 2949 780 3036; x_wconf 83' lang='lat' dir='ltr'><strong>legatis.</strong></span> <span class='ocrx_word' id='word_1_261' title='bbox 795 2950 838 3014; x_wconf 85' lang='lat' dir='ltr'><strong>ite</strong></span> <span class='ocrx_word' id='word_1_262' title='bbox 853 2949 878 2990; x_wconf 77' lang='lat'><strong>¹⁹</strong></span> <span class='ocrx_word' id='word_1_263' title='bbox 889 2950 1035 3018; x_wconf 86' lang='lat' dir='ltr'><strong>Crotone</strong></span> <span class='ocrx_word' id='word_1_264' title='bbox 1045 2973 1211 3020; x_wconf 82' lang='lat' dir='ltr'><strong>excessum</strong></span> <span class='ocrx_word' id='word_1_265' title='bbox 1221 2973 1368 3022; x_wconf 72' lang='lat' dir='ltr'><strong>emmaum</strong></span> <span class='ocrx_word' id='word_1_266' title='bbox 1443 2989 1448 2992; x_wconf 97' lang='lat'>·</span> 
     </span>
    </p>
   </div>
   <div class='ocr_carea' id='block_1_6' title="bbox 148 3035 1318 3151">
    <p class='ocr_par' dir='ltr' id='par_1_9' title="bbox 148 3035 1318 3151">
     <span class='ocr_line' id='line_1_33' title="bbox 148 3035 1318 3151; baseline 0.002 -48"><span class='ocrx_word' id='word_1_267' title='bbox 148 3047 206 3117; x_wconf 85' lang='lat' dir='ltr'><strong>est,</strong></span> <span class='ocrx_word' id='word_1_268' title='bbox 233 3037 425 3124; x_wconf 87' lang='lat' dir='ltr'><strong>deductique</strong></span> <span class='ocrx_word' id='word_1_269' title='bbox 452 3035 649 3102; x_wconf 79' lang='lat' dir='ltr'><strong>Crotoniatae</strong></span> <span class='ocrx_word' id='word_1_270' title='bbox 675 3037 714 3102; x_wconf 85' lang='lat' dir='ltr'><strong>ed</strong></span> <span class='ocrx_word' id='word_1_271' title='bbox 744 3057 833 3102; x_wconf 86' lang='lat' dir='ltr'><strong>mare</strong></span> <span class='ocrx_word' id='word_1_272' title='bbox 861 3058 957 3102; x_wconf 84' lang='lat' dir='ltr'><strong>nares</strong></span> <span class='ocrx_word' id='word_1_273' title='bbox 984 3036 1318 3151; x_wconf 44' lang='lat' dir='ltr'><strong>conscenduntlffi·</strong></span> 
     </span>
    </p>
   </div>
   <div class='ocr_carea' id='block_1_7' title="bbox 570 3190 793 3244">
    <p class='ocr_par' dir='ltr' id='par_1_10' title="bbox 570 3190 793 3244">
     <span class='ocr_line' id='line_1_34' title="bbox 570 3190 793 3244; baseline 0.022 -5"><span class='ocrx_word' id='word_1_274' title='bbox 570 3190 586 3231; x_wconf 77' lang='lat' dir='ltr'>k</span> <span class='ocrx_word' id='word_1_275' title='bbox 600 3195 709 3244; x_wconf 77' lang='lat' dir='ltr'><strong>imminet</strong></span> <span class='ocrx_word' id='word_1_276' title='bbox 718 3195 793 3244; x_wconf 81' lang='lat' dir='ltr'><strong>Gran·</strong></span> 
     </span>
    </p>
   </div>
   <div class='ocr_carea' id='block_1_8' title="bbox 140 3315 1210 3904">
    <p class='ocr_par' dir='ltr' id='par_1_11' title="bbox 140 3315 1210 3778">
     <span class='ocr_line' id='line_1_35' title="bbox 182 3315 1210 3438; baseline -0.006 -64"><span class='ocrx_word' id='word_1_277' title='bbox 182 3323 215 3374; x_wconf 75' lang='grc'><strong>13</strong></span> <span class='ocrx_word' id='word_1_278' title='bbox 239 3327 419 3389; x_wconf 78' lang='lat' dir='ltr'><strong>Sepomttmque</strong></span> <span class='ocrx_word' id='word_1_279' title='bbox 444 3326 531 3388; x_wconf 68' lang='lat' dir='ltr'><strong>agrem</strong></span> <span class='ocrx_word' id='word_1_280' title='bbox 557 3326 665 3388; x_wconf 71' lang='lat' dir='ltr'><strong>cujrtmse</strong></span> <span class='ocrx_word' id='word_1_281' title='bbox 730 3324 761 3374; x_wconf 79' lang='lat' dir='ltr'><strong>lu</strong></span> <span class='ocrx_word' id='word_1_282' title='bbox 782 3315 1210 3438; x_wconf 50' lang='lat' dir='ltr'><strong>Uaapartstsnmiarasmrtfflul.</strong></span> 
     </span>
     <span class='ocr_line' id='line_1_36' title="bbox 143 3389 1208 3454; baseline 0.002 -16"><span class='ocrx_word' id='word_1_283' title='bbox 143 3393 238 3453; x_wconf 72' lang='lat' dir='ltr'><strong>germis</strong></span> <span class='ocrx_word' id='word_1_284' title='bbox 255 3389 663 3454; x_wconf 70' lang='lat' dir='ltr'><strong>greges1NonPutmodo,sed</strong></span> <span class='ocrx_word' id='word_1_285' title='bbox 695 3390 852 3451; x_wconf 79' lang='lat' dir='ltr'><strong>goimmiset.</strong></span> <span class='ocrx_word' id='word_1_286' title='bbox 885 3391 933 3440; x_wconf 86' lang='lat' dir='ltr'><strong>Sed</strong></span> <span class='ocrx_word' id='word_1_287' title='bbox 951 3392 977 3439; x_wconf 88' lang='lat' dir='ltr'><strong>id</strong></span> <span class='ocrx_word' id='word_1_288' title='bbox 994 3394 1059 3452; x_wconf 81' lang='lat' dir='ltr'><strong>quod</strong></span> <span class='ocrx_word' id='word_1_289' title='bbox 1076 3391 1140 3438; x_wconf 84' lang='lat' dir='ltr'><strong>edi·</strong></span> <span class='ocrx_word' id='word_1_290' title='bbox 1168 3405 1208 3451; x_wconf 81' lang='lat' dir='ltr'><strong>us,</strong></span> 
     </span>
     <span class='ocr_line' id='line_1_37' title="bbox 146 3455 1209 3517; baseline 0 -13"><span class='ocrx_word' id='word_1_291' title='bbox 146 3464 172 3504; x_wconf 79' lang='lat' dir='ltr'><strong>et</strong></span> <span class='ocrx_word' id='word_1_292' title='bbox 191 3463 278 3504; x_wconf 80' lang='lat' dir='ltr'><strong>omnes</strong></span> <span class='ocrx_word' id='word_1_293' title='bbox 298 3457 374 3504; x_wconf 81' lang='lat' dir='ltr'><strong>nostri</strong></span> <span class='ocrx_word' id='word_1_294' title='bbox 393 3455 487 3504; x_wconf 86' lang='lat' dir='ltr'><strong>codices</strong></span> <span class='ocrx_word' id='word_1_295' title='bbox 505 3459 589 3502; x_wconf 88' lang='lat' dir='ltr'><strong>carent</strong></span> <span class='ocrx_word' id='word_1_296' title='bbox 604 3467 663 3500; x_wconf 85' lang='lat' dir='ltr'><strong>voce</strong></span> <span class='ocrx_word' id='word_1_297' title='bbox 694 3455 803 3515; x_wconf 85' lang='lat' dir='ltr'><strong>plerique</strong></span> <span class='ocrx_word' id='word_1_298' title='bbox 827 3456 911 3517; x_wconf 87' lang='lat' dir='ltr'><strong>scripti</strong></span> <span class='ocrx_word' id='word_1_299' title='bbox 937 3461 1030 3510; x_wconf 82' lang='lat' dir='ltr'><strong>tenent,</strong></span> <span class='ocrx_word' id='word_1_300' title='bbox 1057 3457 1122 3502; x_wconf 83' lang='lat' dir='ltr'><strong>inter</strong></span> <span class='ocrx_word' id='word_1_301' title='bbox 1147 3469 1209 3516; x_wconf 84' lang='lat' dir='ltr'><strong>quos</strong></span> 
     </span>
     <span class='ocr_line' id='line_1_38' title="bbox 144 3518 1143 3582; baseline 0.002 -16"><span class='ocrx_word' id='word_1_302' title='bbox 144 3534 238 3582; x_wconf 70' lang='lat' dir='ltr'><strong>grapa.</strong></span> <span class='ocrx_word' id='word_1_303' title='bbox 249 3520 307 3570; x_wconf 85' lang='lat' dir='ltr'><strong>Put.</strong></span> <span class='ocrx_word' id='word_1_304' title='bbox 318 3534 374 3568; x_wconf 85' lang='lat' dir='ltr'><strong>varo</strong></span> <span class='ocrx_word' id='word_1_305' title='bbox 385 3522 457 3568; x_wconf 89' lang='lat' dir='ltr'><strong>habet</strong></span> <span class='ocrx_word' id='word_1_306' title='bbox 467 3519 540 3566; x_wconf 88' lang='lat' dir='ltr'><strong>etiam</strong></span> <span class='ocrx_word' id='word_1_307' title='bbox 552 3518 662 3580; x_wconf 61' lang='lat' dir='ltr'><strong>messui</strong></span> <span class='ocrx_word' id='word_1_308' title='bbox 695 3521 748 3566; x_wconf 79' lang='lat' dir='ltr'><strong>Put-</strong></span> <span class='ocrx_word' id='word_1_309' title='bbox 760 3525 786 3566; x_wconf 87' lang='lat' dir='ltr'><strong>et</strong></span> <span class='ocrx_word' id='word_1_310' title='bbox 796 3521 830 3566; x_wconf 85' lang='lat' dir='ltr'><strong>rie</strong></span> <span class='ocrx_word' id='word_1_311' title='bbox 840 3521 929 3568; x_wconf 82' lang='lat' dir='ltr'><strong>malim</strong></span> <span class='ocrx_word' id='word_1_312' title='bbox 939 3521 1043 3568; x_wconf 73' lang='lat' dir='ltr'><strong>aotam</strong></span> <span class='ocrx_word' id='word_1_313' title='bbox 1058 3520 1143 3568; x_wconf 83' lang='lat' dir='ltr'><strong>oratio.</strong></span> 
     </span>
     <span class='ocr_line' id='line_1_39' title="bbox 147 3582 1208 3649; baseline -0.002 -16"><span class='ocrx_word' id='word_1_314' title='bbox 147 3585 213 3632; x_wconf 85' lang='lat' dir='ltr'><strong>Hinc</strong></span> <span class='ocrx_word' id='word_1_315' title='bbox 224 3586 361 3633; x_wconf 80' lang='lat' dir='ltr'><strong>Gronovius</strong></span> <span class='ocrx_word' id='word_1_316' title='bbox 378 3585 509 3646; x_wconf 75' lang='lat' dir='ltr'><strong>legendum</strong></span> <span class='ocrx_word' id='word_1_317' title='bbox 526 3588 611 3644; x_wconf 81' lang='lat' dir='ltr'><strong>putate</strong></span> <span class='ocrx_word' id='word_1_318' title='bbox 628 3595 663 3628; x_wconf 79' lang='lat' dir='ltr'><strong>se·</strong></span> <span class='ocrx_word' id='word_1_319' title='bbox 728 3583 758 3630; x_wconf 80' lang='lat' dir='ltr'><strong>lt</strong></span> <span class='ocrx_word' id='word_1_320' title='bbox 769 3582 1106 3646; x_wconf 79' lang='lat' dir='ltr'><strong>Antiqaomquesrequeaiiom</strong></span> <span class='ocrx_word' id='word_1_321' title='bbox 1116 3585 1208 3649; x_wconf 82' lang='lat' dir='ltr'><strong>eorum]</strong></span> 
     </span>
     <span class='ocr_line' id='line_1_40' title="bbox 140 3646 1209 3712; baseline -0.002 -15"><span class='ocrx_word' id='word_1_322' title='bbox 140 3651 268 3710; x_wconf 72' lang='lat' dir='ltr'><strong>paratique</strong></span> <span class='ocrx_word' id='word_1_323' title='bbox 291 3663 376 3712; x_wconf 71' lang='lat' dir='ltr'><strong>grogn</strong></span> <span class='ocrx_word' id='word_1_324' title='bbox 395 3649 433 3696; x_wconf 76' lang='lat' dir='ltr'><strong>rai</strong></span> <span class='ocrx_word' id='word_1_325' title='bbox 454 3649 536 3708; x_wconf 79' lang='lat' dir='ltr'><strong>quique</strong></span> <span class='ocrx_word' id='word_1_326' title='bbox 559 3646 661 3708; x_wconf 68' lang='lat' dir='ltr'><strong>gemin</strong></span> <span class='ocrx_word' id='word_1_327' title='bbox 694 3647 875 3710; x_wconf 80' lang='lat' dir='ltr'><strong>Vellegerum</strong></span> <span class='ocrx_word' id='word_1_328' title='bbox 886 3649 1209 3707; x_wconf 78' lang='lat' dir='ltr'><strong>Gronovioruam‚veldele</strong></span> 
     </span>
     <span class='ocr_line' id='line_1_41' title="bbox 146 3709 1208 3778; baseline 0.001 -16"><span class='ocrx_word' id='word_1_329' title='bbox 146 3713 396 3774; x_wconf 78' lang='lat' dir='ltr'><strong>Ssdparumroiiiuet</strong></span> <span class='ocrx_word' id='word_1_330' title='bbox 406 3713 514 3772; x_wconf 78' lang='lat' dir='ltr'><strong>interest.</strong></span> <span class='ocrx_word' id='word_1_331' title='bbox 694 3726 778 3760; x_wconf 85' lang='lat' dir='ltr'><strong>vorem</strong></span> <span class='ocrx_word' id='word_1_332' title='bbox 802 3727 890 3768; x_wconf 77' lang='lat' dir='ltr'><strong>mrum,</strong></span> <span class='ocrx_word' id='word_1_333' title='bbox 909 3727 966 3778; x_wconf 74' lang='lat' dir='ltr'><strong>qua</strong></span> <span class='ocrx_word' id='word_1_334' title='bbox 984 3709 1084 3774; x_wconf 82' lang='lat' dir='ltr'><strong>quidem</strong></span> <span class='ocrx_word' id='word_1_335' title='bbox 1105 3716 1137 3761; x_wconf 84' lang='lat' dir='ltr'><strong>ab</strong></span> <span class='ocrx_word' id='word_1_336' title='bbox 1158 3727 1208 3763; x_wconf 88' lang='lat' dir='ltr'><strong>uns</strong></span> 
     </span>
    </p>

    <p class='ocr_par' dir='ltr' id='par_1_12' title="bbox 179 3776 973 3840">
     <span class='ocr_line' id='line_1_42' title="bbox 179 3776 973 3840; baseline -0.003 -14"><span class='ocrx_word' id='word_1_337' title='bbox 179 3779 211 3827; x_wconf 77' lang='lat'><strong>14</strong></span> <span class='ocrx_word' id='word_1_338' title='bbox 227 3777 266 3826; x_wconf 83' lang='lat' dir='ltr'><strong>Ae</strong></span> <span class='ocrx_word' id='word_1_339' title='bbox 279 3779 394 3825; x_wconf 80' lang='lat' dir='ltr'><strong>miraculo</strong></span> <span class='ocrx_word' id='word_1_340' title='bbox 407 3777 487 3839; x_wconf 77' lang='lat' dir='ltr'><strong>aliquo</strong></span> <span class='ocrx_word' id='word_1_341' title='bbox 502 3777 659 3840; x_wconf 53' lang='grc' dir='ltr'><strong>φωνην]</strong></span> <span class='ocrx_word' id='word_1_342' title='bbox 693 3776 795 3829; x_wconf 80' lang='lat' dir='ltr'><strong>Hearnii</strong></span> <span class='ocrx_word' id='word_1_343' title='bbox 806 3778 887 3824; x_wconf 82' lang='lat' dir='ltr'><strong>andire</strong></span> <span class='ocrx_word' id='word_1_344' title='bbox 897 3779 973 3824; x_wconf 82' lang='lat' dir='ltr'><strong>abest.</strong></span> 
     </span>
    </p>

    <p class='ocr_par' dir='ltr' id='par_1_13' title="bbox 145 3839 1208 3904">
     <span class='ocr_line' id='line_1_43' title="bbox 145 3839 1208 3904; baseline 0 -14"><span class='ocrx_word' id='word_1_345' title='bbox 145 3843 212 3890; x_wconf 79' lang='lat' dir='ltr'><strong>Reus</strong></span> <span class='ocrx_word' id='word_1_346' title='bbox 230 3843 285 3891; x_wconf 74' lang='lat' dir='ltr'><strong>iac.</strong></span> <span class='ocrx_word' id='word_1_347' title='bbox 307 3843 459 3890; x_wconf 72' lang='lat' dir='ltr'><strong>Gronovius:</strong></span> <span class='ocrx_word' id='word_1_348' title='bbox 484 3839 523 3888; x_wconf 83' lang='lat' dir='ltr'><strong>Ae</strong></span> <span class='ocrx_word' id='word_1_349' title='bbox 544 3841 661 3888; x_wconf 63' lang='lat' dir='ltr'><strong>musculo</strong></span> <span class='ocrx_word' id='word_1_350' title='bbox 726 3841 757 3889; x_wconf 77' lang='lat'><strong>18</strong></span> <span class='ocrx_word' id='word_1_351' title='bbox 773 3843 805 3888; x_wconf 81' lang='lat' dir='ltr'><strong>In</strong></span> <span class='ocrx_word' id='word_1_352' title='bbox 821 3841 918 3904; x_wconf 77' lang='lat' dir='ltr'><strong>Locros]</strong></span> <span class='ocrx_word' id='word_1_353' title='bbox 943 3842 1056 3904; x_wconf 74' lang='lat' dir='ltr'><strong>intellige</strong></span> <span class='ocrx_word' id='word_1_354' title='bbox 1078 3845 1208 3904; x_wconf 86' lang='lat' dir='ltr'><strong>populum,</strong></span> 
     </span>
    </p>
   </div>
   <div class='ocr_carea' id='block_1_9' title="bbox 60 3905 1237 3968">
    <p class='ocr_par' dir='ltr' id='par_1_14' title="bbox 60 3905 1237 3968">
     <span class='ocr_line' id='line_1_44' title="bbox 60 3905 1237 3968; baseline 0.002 -14"><span class='ocrx_word' id='word_1_355' title='bbox 60 3919 66 3926; x_wconf 94' lang='grc'><strong><em>·</em></strong></span> <span class='ocrx_word' id='word_1_356' title='bbox 145 3907 225 3968; x_wconf 81' lang='lat' dir='ltr'><strong>alique</strong></span> <span class='ocrx_word' id='word_1_357' title='bbox 251 3908 377 3968; x_wconf 63' lang='lat' dir='ltr'><strong>offirmari,</strong></span> <span class='ocrx_word' id='word_1_358' title='bbox 400 3911 427 3954; x_wconf 79' lang='lat' dir='ltr'><strong>st</strong></span> <span class='ocrx_word' id='word_1_359' title='bbox 447 3905 585 3968; x_wconf 77' lang='lat' dir='ltr'><strong>pierumque</strong></span> <span class='ocrx_word' id='word_1_360' title='bbox 611 3909 661 3954; x_wconf 75' lang='lat' dir='ltr'><strong>tarn</strong></span> <span class='ocrx_word' id='word_1_361' title='bbox 692 3907 816 3967; x_wconf 69' lang='lat' dir='ltr'><strong>regium</strong></span> <span class='ocrx_word' id='word_1_362' title='bbox 837 3905 998 3963; x_wconf 68' lang='lat' dir='ltr'><strong>Locrensema</strong></span> <span class='ocrx_word' id='word_1_363' title='bbox 1023 3914 1067 3954; x_wconf 90' lang='lat' dir='ltr'><strong>aut</strong></span> <span class='ocrx_word' id='word_1_364' title='bbox 1088 3909 1208 3956; x_wconf 80' lang='lat' dir='ltr'><strong>eradenda</strong></span> <span class='ocrx_word' id='word_1_365' title='bbox 1233 3913 1237 3922; x_wconf 89' lang='grc'><strong>’</strong></span> 
     </span>
    </p>
   </div>
   <div class='ocr_carea' id='block_1_10' title="bbox 142 3968 1218 4408">
    <p class='ocr_par' dir='ltr' id='par_1_15' title="bbox 145 3968 1208 4034">
     <span class='ocr_line' id='line_1_45' title="bbox 145 3968 1208 4034; baseline 0.001 -15"><span class='ocrx_word' id='word_1_366' title='bbox 145 3973 280 4034; x_wconf 66' lang='lat' dir='ltr'><strong>wtgaitu</strong></span> <span class='ocrx_word' id='word_1_367' title='bbox 291 3974 353 4020; x_wconf 81' lang='lat' dir='ltr'><strong>loeis.</strong></span> <span class='ocrx_word' id='word_1_368' title='bbox 692 3971 887 4030; x_wconf 77' lang='lat' dir='ltr'><strong>eatpraepositio,</strong></span> <span class='ocrx_word' id='word_1_369' title='bbox 898 3983 954 4029; x_wconf 74' lang='lat' dir='ltr'><strong>qun</strong></span> <span class='ocrx_word' id='word_1_370' title='bbox 969 3968 1043 4034; x_wconf 80' lang='lat' dir='ltr'><strong>jungi</strong></span> <span class='ocrx_word' id='word_1_371' title='bbox 1059 3986 1109 4022; x_wconf 87' lang='lat' dir='ltr'><strong>non</strong></span> <span class='ocrx_word' id='word_1_372' title='bbox 1127 3979 1208 4032; x_wconf 80' lang='lat' dir='ltr'><strong>potest</strong></span> 
     </span>
    </p>

    <p class='ocr_par' dir='ltr' id='par_1_16' title="bbox 142 4033 1218 4408">
     <span class='ocr_line' id='line_1_46' title="bbox 178 4033 1207 4100; baseline -0.005 -17"><span class='ocrx_word' id='word_1_373' title='bbox 178 4036 209 4084; x_wconf 77' lang='lat'><strong>1⁵</strong></span> <span class='ocrx_word' id='word_1_374' title='bbox 228 4039 302 4100; x_wconf 63' lang='lat' dir='ltr'><strong>&amp;ju</strong></span> <span class='ocrx_word' id='word_1_375' title='bbox 315 4038 413 4083; x_wconf 74' lang='lat' dir='ltr'><strong>umam</strong></span> <span class='ocrx_word' id='word_1_376' title='bbox 424 4035 598 4096; x_wconf 71' lang='lat' dir='ltr'><strong>ruibaaquuut</strong></span> <span class='ocrx_word' id='word_1_377' title='bbox 611 4048 660 4082; x_wconf 82' lang='lat' dir='ltr'><strong>sno·</strong></span> <span class='ocrx_word' id='word_1_378' title='bbox 692 4047 750 4081; x_wconf 87' lang='lat' dir='ltr'><strong>cum</strong></span> <span class='ocrx_word' id='word_1_379' title='bbox 763 4033 829 4080; x_wconf 86' lang='lat' dir='ltr'><strong>urbis</strong></span> <span class='ocrx_word' id='word_1_380' title='bbox 840 4034 946 4080; x_wconf 83' lang='lat' dir='ltr'><strong>nomine.</strong></span> <span class='ocrx_word' id='word_1_381' title='bbox 1204 4085 1207 4092; x_wconf 28' lang='grc' dir='ltr'>Ι</span> 
     </span>
     <span class='ocr_line' id='line_1_47' title="bbox 142 4097 1209 4163; baseline -0.002 -15"><span class='ocrx_word' id='word_1_382' title='bbox 142 4102 193 4148; x_wconf 77' lang='lat' dir='ltr'><strong>orsi</strong></span> <span class='ocrx_word' id='word_1_383' title='bbox 203 4105 278 4154; x_wconf 72' lang='lat' dir='ltr'><strong>mro.</strong></span> <span class='ocrx_word' id='word_1_384' title='bbox 290 4097 402 4162; x_wconf 73' lang='lat' dir='ltr'><strong>Sedere]</strong></span> <span class='ocrx_word' id='word_1_385' title='bbox 416 4100 477 4146; x_wconf 73' lang='lat' dir='ltr'><strong>limo</strong></span> <span class='ocrx_word' id='word_1_386' title='bbox 485 4099 557 4146; x_wconf 80' lang='lat' dir='ltr'><strong>lectio</strong></span> <span class='ocrx_word' id='word_1_387' title='bbox 564 4099 661 4160; x_wconf 78' lang='lat' dir='ltr'><strong>elegan-</strong></span> <span class='ocrx_word' id='word_1_388' title='bbox 726 4097 757 4145; x_wconf 85' lang='grc'><strong>19</strong></span> <span class='ocrx_word' id='word_1_389' title='bbox 775 4097 871 4144; x_wconf 69' lang='lat' dir='ltr'><strong>noum</strong></span> <span class='ocrx_word' id='word_1_390' title='bbox 877 4109 992 4146; x_wconf 74' lang='lat' dir='ltr'><strong>summm</strong></span> <span class='ocrx_word' id='word_1_391' title='bbox 1002 4099 1048 4163; x_wconf 80' lang='lat' dir='ltr'><strong>cet]</strong></span> <span class='ocrx_word' id='word_1_392' title='bbox 1066 4100 1134 4148; x_wconf 85' lang='lat' dir='ltr'><strong>Libri</strong></span> <span class='ocrx_word' id='word_1_393' title='bbox 1144 4101 1209 4160; x_wconf 88' lang='lat' dir='ltr'><strong>opti·</strong></span> 
     </span>
     <span class='ocr_line' id='line_1_48' title="bbox 143 4162 1208 4220; baseline -0.004 -6"><span class='ocrx_word' id='word_1_394' title='bbox 143 4167 238 4214; x_wconf 78' lang='lat' dir='ltr'><strong>tisrinm</strong></span> <span class='ocrx_word' id='word_1_395' title='bbox 255 4168 359 4213; x_wconf 84' lang='lat' dir='ltr'><strong>debetur</strong></span> <span class='ocrx_word' id='word_1_396' title='bbox 369 4164 573 4212; x_wconf 73' lang='lat' dir='ltr'><strong>Gronoslo..Put.</strong></span> <span class='ocrx_word' id='word_1_397' title='bbox 589 4163 660 4220; x_wconf 86' lang='lat' dir='ltr'><strong>iiber,</strong></span> <span class='ocrx_word' id='word_1_398' title='bbox 692 4162 743 4210; x_wconf 83' lang='lat' dir='ltr'><strong>mir</strong></span> <span class='ocrx_word' id='word_1_399' title='bbox 762 4162 884 4209; x_wconf 73' lang='lat' dir='ltr'><strong>cranam</strong></span> <span class='ocrx_word' id='word_1_400' title='bbox 891 4169 1057 4212; x_wconf 64' lang='lat' dir='ltr'><strong>maamad.</strong></span> <span class='ocrx_word' id='word_1_401' title='bbox 1081 4166 1115 4214; x_wconf 72' lang='lat' dir='ltr'><strong>Et</strong></span> <span class='ocrx_word' id='word_1_402' title='bbox 1125 4166 1159 4212; x_wconf 83' lang='lat' dir='ltr'><strong>sic</strong></span> <span class='ocrx_word' id='word_1_403' title='bbox 1169 4166 1208 4211; x_wconf 86' lang='lat' dir='ltr'><strong>in-</strong></span> 
     </span>
     <span class='ocr_line' id='line_1_49' title="bbox 142 4226 1210 4292; baseline -0.007 -14"><span class='ocrx_word' id='word_1_404' title='bbox 142 4231 206 4278; x_wconf 75' lang='lat' dir='ltr'><strong>sulis</strong></span> <span class='ocrx_word' id='word_1_405' title='bbox 235 4243 341 4290; x_wconf 74' lang='lat' dir='ltr'><strong>usqum</strong></span> <span class='ocrx_word' id='word_1_406' title='bbox 367 4240 430 4276; x_wconf 73' lang='lat' dir='ltr'><strong>aratu</strong></span> <span class='ocrx_word' id='word_1_407' title='bbox 447 4232 535 4276; x_wconf 67' lang='lat' dir='ltr'><strong>mem</strong></span> <span class='ocrx_word' id='word_1_408' title='bbox 554 4231 577 4276; x_wconf 83' lang='lat' dir='ltr'><strong>rt</strong></span> <span class='ocrx_word' id='word_1_409' title='bbox 598 4241 659 4275; x_wconf 74' lang='lat' dir='ltr'><strong>arua</strong></span> <span class='ocrx_word' id='word_1_410' title='bbox 691 4227 789 4274; x_wconf 83' lang='lat' dir='ltr'><strong>tudam</strong></span> <span class='ocrx_word' id='word_1_411' title='bbox 799 4226 1033 4285; x_wconf 70' lang='lat' dir='ltr'><strong>muuttttvmam</strong></span> <span class='ocrx_word' id='word_1_412' title='bbox 1042 4226 1097 4292; x_wconf 82' lang='lat' dir='ltr'><strong>jam</strong></span> <span class='ocrx_word' id='word_1_413' title='bbox 1107 4237 1210 4278; x_wconf 71' lang='lat' dir='ltr'><strong>amota.</strong></span> 
     </span>
     <span class='ocr_line' id='line_1_50' title="bbox 143 4286 1218 4358; baseline -0.008 -16"><span class='ocrx_word' id='word_1_414' title='bbox 143 4295 208 4354; x_wconf 74' lang='lat' dir='ltr'><strong>oiim</strong></span> <span class='ocrx_word' id='word_1_415' title='bbox 235 4295 297 4343; x_wconf 83' lang='lat' dir='ltr'><strong>editi</strong></span> <span class='ocrx_word' id='word_1_416' title='bbox 328 4292 406 4340; x_wconf 68' lang='lat' dir='ltr'><strong>mbas</strong></span> <span class='ocrx_word' id='word_1_417' title='bbox 437 4305 540 4358; x_wconf 68' lang='lat' dir='ltr'><strong>soum</strong></span> <span class='ocrx_word' id='word_1_418' title='bbox 572 4296 661 4342; x_wconf 68' lang='lat' dir='ltr'><strong>maest</strong></span> <span class='ocrx_word' id='word_1_419' title='bbox 692 4298 746 4344; x_wconf 85' lang='lat' dir='ltr'><strong>tum</strong></span> <span class='ocrx_word' id='word_1_420' title='bbox 758 4298 804 4338; x_wconf 84' lang='lat' dir='ltr'><strong>est.</strong></span> <span class='ocrx_word' id='word_1_421' title='bbox 1213 4286 1218 4306; x_wconf 75' lang='lat'>⁸</span> 
     </span>
     <span class='ocr_line' id='line_1_51' title="bbox 144 4360 652 4408; baseline -0.01 -2"><span class='ocrx_word' id='word_1_422' title='bbox 144 4364 231 4408; x_wconf 75' lang='lat' dir='ltr'><strong>oratu.</strong></span> <span class='ocrx_word' id='word_1_423' title='bbox 242 4360 344 4406; x_wconf 78' lang='lat' dir='ltr'><strong>Eturu.</strong></span> <span class='ocrx_word' id='word_1_424' title='bbox 650 4397 652 4401; x_wconf 80' lang='grc'>,</span> 
     </span>
    </p>
   </div>
   <div class='ocr_carea' id='block_1_11' title="bbox 0 0 1574 4972">
    <p class='ocr_par' dir='ltr' id='par_1_17' title="bbox 0 0 1574 4972">
     <span class='ocr_line' id='line_1_52' title="bbox 0 0 1574 4972; baseline 0 2"><span class='ocrx_word' id='word_1_425' title='bbox 0 0 1574 4972; x_wconf 95' lang='lat' dir='ltr'><strong> </strong></span> 
     </span>
    </p>
   </div>
  </div>
 </body>
</html>
