3140 4972
298 175 357 230 ns
631 169 636 176 ²
690 167 802 232 rrrr
829 165 966 234 srvit

139 359 274 416 nonna
301 331 512 400 Sallentinum
526 333 880 424 agrbrnproximosque
895 333 1135 428 Apuliresultus
1149 337 1279 405 dimissi,
1304 335 1367 405 nn·¹
1444 351 1449 358 '

139 423 274 472 ΛΜΗ»
299 420 341 486 de
361 434 475 486 ceterae
496 421 616 506 predae
635 423 723 488 lrsud
746 424 892 501 multum,
908 445 1063 512 equorum
1111 446 1198 516 reges
1224 427 1364 492 maxime

298 507 423 610 abacti:
446 507 595 596 equibus
617 508 657 574 ad
680 521 816 597 quatuor
830 450 1120 578 'millisdomands
1139 513 1300 600 equltibus
1314 513 1364 578 di·
1431 535 1435 542 “

266 615 380 660 ,νιιιιιι

137 698 291 745 tterumeu-
343 681 444 746 XXI.
470 681 619 758 Romani,
649 703 749 768 quum
778 681 894 748 bellurn
927 705 1127 772 nequaquam
1157 702 1363 751 contemnen-

136 763 213 876 fflfflfl
225 762 284 810 ⁸¹⁰¹·
298 767 375 833 dum
399 769 431 832 iu
448 766 558 834 Sicilia
577 767 724 849 oriretur,
740 785 889 856 morsque
911 773 1037 858 tyranni
1053 774 1149 837 ducos
1162 773 1264 858 magis
1278 771 1364 858 inpi-

297 875 372 942 gros
387 854 525 920 dedisset
540 855 755 940 Syracusanis,
767 870 866 942 quam
881 855 1057 926 ⁹⁷csussum
1071 870 1136 923 sut
1155 859 1278 924 animos
1293 878 1364 924 mu-

296 954 403 1020 tasast,
420 939 471 1006 M.
488 939 646 1006 Marcello
660 941 749 1008 alteri
770 942 935 1007 consulum
950 962 1021 1008 essu
1042 945 1238 1031 provinciam
1253 945 1363 1010 decen

282 1040 388 1106 ,nunt
435 1027 623 1094 secundum
643 1027 835 1116 Hieronymi
857 1029 977 1118 csedern
1003 1033 1108 1117 primo
1122 1031 1361 1097 tumultuatum

296 1116 330 1180 in
353 1113 520 1180 Leontinis
542 1113 627 1198 opud
651 1114 764 1179 milites
785 1116 898 1194 isserat,
915 1116 1183 1204 vociferatumque
1204 1118 1362 1198 ferociter,

296 1200 565 1287 ⁹8parentandum
588 1199 656 1286 regi
678 1201 832 1288 sanguine
852 1205 1089 1289 conjuratorum
1112 1227 1189 1272 esse.
1234 1205 1365 1271 Deinde

295 1287 452 1352 libertatis
467 1286 621 1351 restituta
635 1286 763 1352 ⁹9dulce
777 1289 888 1353 auditu
904 1311 1019 1356 nomen
1032 1293 1146 1355 crebro
1160 1305 1360 1376 usurpatum,

277 1409 278 1412 ¹
296 1392 371 1459 spes
380 1373 465 1439 facts
479 1395 520 1438 ex
534 1373 669 1458 pecunia
690 1374 778 1462 regia
799 1375 1144 1462 largitionisalmilitioe
1166 1400 1207 1442 ue
1225 1377 1363 1465 fungen-
1468 1376 1471 1383 ’

217 1499 218 1506 1
296 1461 348 1524 dae
370 1459 504 1546 potioris
525 1459 668 1538 ducibus,
685 1472 717 1526 et
731 1460 831 1526 relata
851 1463 978 1548 tyranni
999 1463 1085 1528 foeda
1105 1399 1224 1528 sedlera
1245 1463 1365 1535 foedio-¹

296 1569 410 1633 resque
430 1545 588 1621 libidines,
605 1546 685 1612 adeo
708 1559 871 1612 mutavere
893 1549 1024 1628 animos,
1041 1563 1077 1616 ut
1098 1550 1291 1636 insepultum
1307 1551 1360 1636 ja-

296 1655 369 1698 cere
382 1655 498 1718 corpus
511 1633 620 1717 paullo
634 1647 708 1698 snte
722 1633 888 1700 desiderati
904 1636 987 1724 segle
1008 1651 1202 1722 poterentur.
1246 1635 1359 1713 Quum

296 1720 456 1785 ceterius
481 1721 653 1806 conJuratis
668 1719 731 1784 2ad
755 1720 931 1786 exercitum
954 1722 1163 1788 obtinendum
1188 1724 1360 1788 remansis-

296 1818 375 1885 sent,
392 1805 579 1871 Theodotus
594 1820 625 1874 et
640 1808 729 1872 Sosis
742 1807 837 1894 regiis
852 1809 952 1894 equis,
967 1823 1088 1896 quanto
1109 1811 1251 1875 maximo
1264 1831 1360 1884 cursu

295 1899 456 1980 poteram,
470 1895 512 1958 ut'
520 1893 648 1980 ignaros
658 1893 805 1958 omnitun
828 1895 931 1982 regios
945 1896 1171 1980 obprimerent,
1189 1898 1361 1983 Syracusas

295 1980 504 2045 contendunt
526 1992 664 2045 merum
678 1985 877 2065 praevenerat
894 2003 960 2046 non
982 1982 1065 2048 fama
1084 1986 1200 2061 solum,
1218 1989 1299 2070 (qus
1308 1983 1360 2046 ni·

294 2067 342 2132 hil
354 2068 390 2134 in
404 2066 631 2132 talibusucbus
648 2081 697 2132 est
711 2066 854 2149 celerius)
871 2068 926 2152 sed
943 2069 1078 2134 nuncius
1099 2070 1193 2136 etiam
1209 2091 1250 2134 ex
1265 2069 1362 2158 regiis

132 2179 261 2228 sndmno·
295 2153 400 2222 servis.
454 2153 567 2239 Itaque
593 2153 847 2220 Audrsnodorus
872 2167 904 2220 et
925 2154 1100 2234 ³Insulom,
1128 2168 1161 2220 et
1184 2177 1301 2234 arcem,
1328 2168 1362 2221 et

131 2246 206 2292 (¹0¹¹ss
216 2250 266 2290 aa·
294 2241 370 2323 alis,
383 2263 457 2328 quae
471 2249 607 2326 poterat,
625 2251 760 2327 quaeque
774 2255 955 2326 opportuna
965 2255 1066 2323 erant,
1081 2242 1238 2344 praesidiis
1251 2242 1362 2306 finna-

130 2308 277 2424 ξξᾞᾶζζῗ,
293 2340 353 2394 rst
386 2326 569 2414 ‘Hexapylo
584 2326 772 2393 Theodotus
786 2349 824 2391 ac
841 2328 927 2392 Sosis
941 2342 1013 2413 post
1031 2329 1105 2392 solis
1119 2329 1270 2393 obcasum
1289 2330 1360 2415 jam

130 2445 182 2500 pn.
294 2417 430 2481 obscura
450 2413 522 2480 luce
542 2415 668 2490 invecti,
684 2433 782 2500 quum
797 2426 960 2479 cruentam
982 2416 1103 2500 regiam
1126 2429 1243 2481 vestem
1264 2427 1370 2502 utque,
1466 2429 1470 2436 '

268 2522 269 2529 ¹
293 2503 419 2589 insigne
440 2501 551 2587 capitis
572 2513 778 2580 ostentarent,
792 2501 925 2566 travecti
946 2523 1004 2587 per
1019 2501 1178 2590 Tycham,
1200 2501 1294 2566 simul
1316 2502 1360 2566 sd

292 2588 483 2665 libertatern,
499 2585 594 2652 simul
615 2586 657 2651 ad
678 2607 769 2652 arnse
787 2585 945 2665 vocantes,
961 2587 995 2652 in
1012 2587 1227 2654 Achradinam
1243 2608 1367 2658 conve.

293 2675 364 2740 nire
383 2675 509 2760 jubent.
555 2671 736 2738 Multitudo
760 2687 832 2758 pars
853 2675 1018 2824 procurrit
1041 2675 1075 2738 in
1097 2676 1172 2754 viss,
1186 2675 1284 2760 ⁴pars
1306 2674 1361 2740 iu·

293 2760 458 2827 vestibulis
479 2772 553 2841 stet,
574 2781 649 2844 pars
674 2781 714 2823 ex
738 2761 829 2825 tectis
866 2762 1060 2848 enestrisque
1084 2774 1300 2848 prospectant,
1315 2775 1360 2838 et,

293 2847 371 2936 quid
385 2847 432 2912 rei
447 2847 496 2923 sit,
513 2847 662 2934 rogitant.
709 2845 828 2912 Omnia
849 2846 1023 2914 luminibus
1045 2849 1223 2927 conlucent,
1243 2849 1359 2934 strepi·

293 2948 391 3021 tuque
405 2933 494 2998 vario
509 2932 720 3018 complentur.
741 2934 855 2998 armati
867 2933 946 2998 locis
961 2935 1141 3020 patentibus
1156 2929 1356 3023 congreges·

273 3043 280 3116 j
293 3035 356 3088 tur.
374 3020 524 3086 ,inermae
536 3041 578 3112 ex
601 3019 745 3109 Olympii
760 3020 850 3086 lovis
872 3021 993 3106 templo
1004 3023 1115 3107 spolia
1129 3021 1362 3090 Gallorumzlls

657 3177 669 3207 ⁶
678 3177 733 3224 add.
744 3174 829 3224 edium
838 3178 912 3228 Gran.
921 3178 992 3226 Cres.

297 3323 304 3332 ·
325 3311 381 3362 97*
390 3310 506 3374 Caurum]
520 3309 649 3358 Uausuhlc
660 3311 734 3359 estid
745 3311 810 3370 quod
842 3308 951 3373 duellas]
969 3305 1093 3356 Mssitundi
1109 3311 1155 3358 sub
1169 3307 1302 3370 potioribus
1314 3309 1361 3356 du·

293 3379 385 3428 ueniae
395 3376 500 3424 dicimus
505 3375 585 3438 porti.-
602 3377 810 3436 quemadmodum
842 3377 920 3429 cibus⁹
932 3387 1007 3435 quun
1017 3381 1088 3420 erant
1105 3375 1143 3423 illi
1162 3375 1260 3435 tyranni
1276 3387 1361 3420 assem

292 3458 358 3506 saepe
369 3443 452 3489 Cicero
466 3443 552 3489 eudem
563 3455 621 3488 voce
632 3441 710 3488 utitur
721 3441 752 3487 ud
768 3441 810 3485 ‹le-
843 3446 943 3498 tatores,
964 3439 1053 3500 quibus
1074 3439 1177 3500 imperis
1193 3438 1362 3500 Hieronymus

293 3508 423 3572 signandas
438 3512 519 3568 partes
535 3505 682 3553 caesarianas
699 3504 812 3564 Pompei·
843 3500 1013 3551 demahdabat.
1037 3504 1176 3551 Gronovius
1193 3507 1258 3548 recte
1274 3516 1360 3550 emen-

292 3587 390 3621 snasve.
424 3569 812 3632 SicproMarc.n.2.quumot'·
843 3567 1067 3628 davitmrls‘tloeque,
1080 3581 1124 3629 pro
1134 3567 1292 3628 mtlttiatque.
1324 3568 1361 3613 As

294 3639 372 3686 Mrem
386 3638 467 3684 virum
481 3637 559 3692 taleam
570 3637 611 3696 put
624 3638 650 3682 s'n
660 3633 739 3702 codun
756 3647 810 3680 ouu-
843 3633 908 3693 quod
925 3632 991 3680 idem
1004 3629 1079 3694 jussit
1095 3633 1144 3692 tegi
1156 3631 1265 3693 potioris,
1284 3633 1311 3680 in
1329 3645 1361 3678 co

294 3720 323 3752 so
332 3705 397 3755 carn,
408 3702 434 3748 in
445 3715 492 3762 qua
505 3713 547 3762 ego
555 3699 666 3762 fictum,
678 3711 724 3744 non
735 3701 761 3744 s'n
771 3712 810 3744 ca·
842 3699 878 3744 illi
886 3698 998 3744 assentiri
1005 3711 1054 3744 non
1065 3697 1198 3758 potuimus.

294 3767 347 3815 dem
363 3777 409 3813 esre
423 3765 532 3828 sonans.
564 3765 598 3812 Et
619 3777 703 3812 rursus
726 3777 750 3809 n.
769 3763 811 3811 31.
875 3761 961 3809 2¹Au
981 3763 1109 3810 emrotsam
1136 3758 1297 3821 obtimatum]
1326 3759 1361 3806 Ut

294 3831 335 3894 qui
346 3831 373 3876 ln
383 3831 432 3878 acic
442 3829 535 3890 recidit,
543 3831 585 3892 qut
595 3831 622 3876 ta
631 3841 700 3876 causa
707 3828 810 3874 animum
841 3827 1009 3874 exerciturum
1020 3831 1139 3887 potestate
1150 3827 1273 3874 haberent.

289 3893 425 3958 psufimdtt.
875 3889 1040 3953 wlnodum]
1064 3890 1123 3937 Pars
1145 3897 1182 3936 est
1204 3890 1361 3950 Syracusana

327 3957 577 4023 suffimentum}
600 3958 754 4020 Expisndam
773 3971 811 4004 re·
844 3956 919 4010 urbis,
938 3961 966 4004 ut
982 3955 1075 4016 Tycha,
1092 3955 1288 4014 Achradinaque,
1302 3968 1360 4014 quas

293 4026 458 4086 gismortem,
471 4023 559 4074 Manes
569 4025 633 4084 regis
643 4023 781 4083 placandos.
843 4021 908 4067 infra
925 4021 1089 4067 nominantur.
1134 4019 1251 4080 Neapolis
1272 4025 1361 4079 quarta

255 4116 261 4126 ·
327 4091 359 4138 99
375 4089 451 4136 Dulce
461 4087 544 4136 nudus
564 4087 658 4150 mm]
682 4087 749 4134 Olim
767 4101 810 4134 aa·
843 4081 1078 4146 luitparsejusdem
1094 4084 1175 4132 urbis:
1192 4084 1360 4144 atqueinbac

294 4155 378 4202 ditum.
395 4153 503 4200 Mutavit
514 4152 602 4200 merito
617 4153 767 4200 Gronoviusr
785 4159 810 4198 et
842 4156 910 4210 purte
920 4149 968 4195 fuit
981 4149 1145 4210 Hexapylum.

294 4215 427 4282 lianccjus
446 4215 611 4280 conjecturam
629 4218 709 4263 lirmat
725 4229 810 4276 margo
874 4213 972 4266 4Pars
990 4214 1015 4260 iu
1031 4213 1118 4259 tedium
1130 4212 1264 4275 beatitudis]
1283 4201 1358 4260 tlom-
1385 4265 1388 4270 ,

239 4313 241 4316 -
295 4284 500 4333 victoncodieis.
615 4309 617 4313 ·
843 4280 924 4339 plures
934 4279 1020 4339 scripti
1029 4277 1148 4328 omittunt
1158 4277 1250 4328 odiunt·

277 4397 280 4404 ,
327 4350 339 4397 l
367 4350 510 4412 Militiuyuc
532 4344 664 4410 jungendus
683 4345 810 4407 potioribus
