3036 4972
348 211 443 276 LIB.
467 215 588 276 XXIII.
616 213 720 274 CAP.
745 214 906 274 XXXVII.
1096 221 1153 276 -tst

101 401 133 442 se
151 377 372 457 inventurum3
395 381 526 444 citatum
550 400 663 466 agmen
710 393 804 442 meter
827 377 968 463 Capuam
990 377 1081 462 rapit,
1097 381 1191 444 obn.
1204 399 1297 449 nest

100 467 230 551 viosque
245 487 286 528 ex
300 465 374 552 fuga
389 466 624 549 Campanorum
639 399 751 529 ⁷⁵dato
771 465 920 549 prasidio
935 464 1078 550 Capuam
1091 463 1191 530 'du-3
1204 463 1305 513 ⁰³¹⁵·
1341 498 1347 514 κ

99 552 137 626 ci,
154 551 277 617 saucios
289 551 439 632 vehiculis
453 553 573 636 portari
584 551 686 637 jubet.
709 551 776 636 ipso
791 551 906 614 Hamis
921 573 1018 615 vacua
1029 553 1069 622 ab
1081 550 1152 614 bos·

98 637 182 701 tibus
208 651 322 720 castra,
336 661 394 704 uec
417 639 587 725 quidquam
614 649 731 722 praeter
750 638 884 701 recentis
899 637 1027 719 vestigia
1046 632 1150 718 caedis,

98 736 194 788 strata
217 745 257 788 ue
271 726 386 809 passim
401 747 534 810 coquora
554 725 708 787 sociorum
729 723 858 786 invenit.
894 724 1046 787 Auctores
1061 738 1152 789 erant

98 809 173 893 quid
194 847 195 851 =
229 854 239 887 ‚
257 823 292 874 ut
309 811 452 896 protinus
466 811 541 874 inde
556 809 673 874 Cumas
688 809 825 885 duceret,
840 807 1012 896 urbemque
1028 811 1150 899 obpug-

97 907 197 962 naret.
243 896 280 960 Id
294 919 485 983 quamquam
500 895 585 960 haud
605 893 728 959 modice
745 893 916 958 Hannibal·
931 893 1086 978 cupiebat,
1103 912 1149 976 ut,

98 983 173 1067 quin
199 981 372 1067 Neapolim
394 1005 459 1046 non
487 995 644 1066 potuerat,
669 980 786 1046 Cumas
814 978 933 1057 saltem,
960 982 1149 1046 maritimam

96 1067 221 1146 urbem,
242 1069 387 1144 haberet3
409 1080 524 1146 tamen,
539 1069 612 1154 quia
626 1080 742 1153 praeter
762 1087 850 1129 arma
870 1066 949 1130 nibil
970 1089 1073 1131 secum
1091 1069 1151 1131 mi·

95 1154 150 1231 les,
167 1154 283 1240 raptim
298 1167 369 1219 acto
383 1155 517 1242 agmine,
534 1154 699 1229 extulerat,
714 1168 800 1217 retro
813 1153 846 1214 in
861 1165 962 1216 castra
983 1174 1079 1238 supra
1092 1154 1150 1217 'Ii-

96 1238 159 1304 futa
177 1263 211 1304 se
235 1242 360 1326 recepit.
382 1241 467 1317 inde,
490 1240 637 1326 fatigatus
660 1240 895 1324 Campanorum
921 1239 1077 1324 precibus,
1101 1261 1148 1304 se-

97 1327 206 1412 quenti
229 1327 282 1391 die
305 1349 377 1391 cum
402 1326 489 1390 omni
503 1326 657 1412 adparatu
681 1325 904 1412 obpugnandae
920 1325 1005 1389 urbia
1031 1325 1148 1392 Cumas

42 1431 47 1438 ’
96 1411 195 1476 radit:
218 1413 491 1498 perpopulatoque
569 1435 589 1476 o
612 1413 767 1488 Cumano,
781 1410 867 1474 mille
887 1432 994 1495 passus
1013 1411 1054 1477 ab
1069 1413 1148 1476 urbe

98 1511 198 1564 castra
222 1499 326 1576 locat;
354 1435 684 1585 76(ιιιιιιιϋέἷιιιιοιιιιι
704 1497 803 1582 magis
825 1497 1012 1562 verecundia
1033 1498 1067 1561 in
1092 1497 1147 1562 tali

98 1585 279 1650 necessitate
299 1585 462 1650 deserendi
486 1585 595 1662 socios,
619 1583 810 1670 inplorantes
831 1582 927 1647 fidem
943 1605 1030 1648 suam
1046 1607 1148 1670 popu·

97 1669 183 1756 lique
209 1671 356 1749 Romani,
382 1671 570 1736 substitisset
578 1687 597 1746 ¹,
623 1691 718 1757 quarn
747 1669 821 1733 satis
856 1669 955 1733 fidens
984 1671 1146 1735 exercitui.
1155 1693 1270 1743 nersnun

98 1758 167 1822 Nec
182 1757 259 1822 alter
272 1757 384 1822 consul
398 1757 524 1834 Fabius,
539 1759 594 1843 qui
616 1756 656 1820 ad
677 1755 768 1820 Cales
789 1766 888 1819 castra
904 1755 1048 1834 habebat,
1067 1756 1244 1821 Vul-Cumst

72 1840 236 1912 'turnum'
249 1844 367 1908 flumen
397 1844 563 1910 traducere
590 1841 725 1920 audebat
748 1843 938 1917 exercitum3
976 1824 1284 1926 occupatus⁶¹⁸⁰⁰¹¹¹¹⁸

95 1930 203 2013 primo
216 1929 395 2015 ⁷7auspiciis
415 1927 602 2015 repetendis,
618 1928 691 1993 dein
707 1927 869 2014 prodigiis,
882 1949 954 2014 quae
977 1928 1038 1992 alia
1053 1951 1147 2015 super

95 2014 155 2078 alia
170 2018 412 2096 nunciabantur,
426 2015 626 2102 expiantique
646 2037 683 2079 ea
704 2014 788 2078 haud
808 2013 899 2078 facile
919 2013 1002 2079 litari
1025 2018 1147 2103 aruspi-

98 2123 146 2166 ces
161 2102 403 2186 respondebant.

138 2187 328 2254 XXXVII.
354 2189 416 2256 lta
431 2208 548 2252 caussae
562 2197 660 2274 quum
679 2187 811 2255 Fabium
826 2200 979 2264 tenerent,
997 2189 1146 2274 Sempro-

1 2277 2 2318 ῑ
94 2274 166 2338 nius
188 2275 222 2338 in
244 2275 408 2340 obsidione
422 2287 505 2351 erat3
527 2275 635 2360 etjam
650 2276 796 2359 operibus
813 2271 1067 2362 obpugnabatur.
1090 2275 1146 2340 ad·

1 2361 2 2456 }
93 2380 202 2426 versus
224 2361 361 2449 ligneam
384 2363 542 2450 ingentem
566 2361 725 2425 admotam
752 2360 834 2436 urbi,
850 2359 943 2424 aliam
965 2371 1084 2424 turrem
1108 2384 1147 2427 ex

94 2445 163 2530 ipso
188 2469 282 2513 muro
304 2448 452 2512 excitavi-t
476 2446 585 2512 consul
603 2447 775 2525 Romanus,
797 2445 959 2531 aliquanto
982 2446 1144 2513 altioremt

93 2533 167 2619 quia
180 2555 276 2613 muro
289 2533 362 2599 satis
377 2555 432 2618 per
446 2557 478 2598 se
492 2533 555 2597 alto
576 2532 722 2618 subjectis
735 2531 845 2596 validis
864 2532 992 2596 sublicis
1006 2555 1066 2618 pro
1080 2534 1148 2600 solo

92 2641 167 2685 usus
189 2632 268 2684 erat
294 2618 368 2684 inde
392 2621 527 2702 primum
550 2618 642 2702 saxis,
665 2617 865 2704 sudibusque,
888 2631 921 2683 et
942 2621 1051 2686 ceteris
1073 2622 1147 2686 mis·

92 2705 202 2770 silibus
216 2719 468 2793 propugnatores
484 2703 603 2770 moe'dia
616 2719 709 2790 atque
724 2703 834 2770 urbem
852 2704 1037 2770 tuebantur:
1063 2722 1147 2791 post·

91 2813 193 2869 remo,
208 2791 264 2856 ubi
277 2791 529 2877 '¹⁸promouendo
543 2793 721 2877 adjunctam
737 2812 830 2854 muro
849 2791 1002 2856 viderunt
1016 2805 1146 2872 turrem,

91 2876 213 2943 facibus
228 2877 409 2943 ardentibus
423 2879 596 2963 plurimum
617 2878 708 2942 simul
730 2877 835 2964 ignem
858 2879 1068 2962 conjecerunt.
1080 2901 1148 2966 quo

92 2963 243 3030 incendio
257 2964 380 3050 trepida
392 2977 583 3028 armatorum
607 2963 775 3028 multitudo
796 2984 892 3049 quum
909 2964 949 3027 de
963 2971 1067 3029 turre⁸
1080 2987 1147 3031 sese

91 3051 317 3138 praecipitaret,
332 3051 358 3094 ⁷⁹
367 3051 492 3133 eruptio
513 3071 553 3113 ex
568 3048 686 3136 oppido
700 3048 792 3113 simul
813 3049 935 3114 duabus
949 3052 1069 3134 portis·¹
1084 3064 1257 3128 sta-urupuo

92 3139 195 3203 tiones
217 3137 357 3202 hostium
375 3135 467 3216 fudit,
489 3136 671 3224 fugavitque
694 3136 726 3198 in
751 3148 868 3212 castra;
898 3151 933 3200 ut
955 3159 993 3200 eo
1014 3137 1066 3202 (lie
1088 3139 1145 3203 ob-
1153 3133 1265 3182 cracem.

92 3245 190 3300 seseq
230 3245 306 3288 uum
320 3222 486 3299 obsidenti,
502 3222 632 3286 similior
647 3237 725 3286 esset
740 3221 871 3286 Poenus.
915 3221 968 3286 Ad
984 3225 1069 3288 mille
1083 3237 1146 3289 tre-

92 3310 200 3376 centi¹
250 3308 529 3396 carthaginiensium
549 3307 631 3386 caesi,
654 3320 686 3372 ct
706 3307 954 3392 undesexaginta
968 3310 1028 3372 vixi
1044 3313 1145 3396 capti3

123 3452 215 3509 *quum
225 3446 301 3493 Itum
313 3437 386 3493 Gran.
547 3445 666 3492 'mbrtt'ta't
676 3445 735 3492 Eud.
894 3445 903 3478 ¹
915 3447 977 3493 turri
989 3447 1063 3494 Gran.
1075 3449 1145 3496 Creu.

92 3511 323 3575 affiffismgssaed.
454 3514 586 3558 Ursentini
597 3510 664 3558 Eoed·

123 3660 156 3709 ts
171 3657 364 3721 Moproertdto]
382 3657 549 3718 HocaLipsio
557 3663 601 3704 ast.
632 3671 771 3706 causacum
788 3657 894 3705 Romam
913 3660 1031 3718 pantenu
1048 3671 1145 3708 necesse

90 3722 358 3785 Scriptitaoproestdsa
390 3719 492 3784 vulgati
503 3735 548 3784 per
558 3721 602 3768 dac
633 3729 691 3834 gt.
725 3722 784 3768 Vid.
801 3736 874 3782 supra
884 3738 905 3770 c.
918 3723 957 3772 19.
968 3732 992 3770 et
1003 3727 1019 3771 1.
1032 3725 1106 3771 VIII.
1123 3739 1145 3772 c.

118 3789 209 3837 oeaidla.
666 3818 673 3832 .

85 3805 160 3902 prw
174 3852 253 3908 Qum
268 3851 402 3900 Gramma.
413 3881 438 3897 ..
454 3849 601 3912 autumn]
667 3851 698 3898 ta
714 3849 872 3898 Promuoendo
888 3851 1031 3918 adjunctam]
1051 3855 1146 3900 Gerun-
1229 3873 1232 3880 ¹

90 3919 153 3966 Haec
168 3914 206 3964 es't
218 3919 273 3964 Put.
283 3923 308 3963 et
319 3915 385 3965 via,
401 3915 512 3962 codicum
528 3915 602 3974 serip-
634 3917 701 3964 dium
718 3915 758 3962 hic
774 3917 867 3976 passive
879 3918 997 3964 sumitura
1016 3925 1043 3964 ut
1054 3921 1072 3967 1.
1083 3920 1111 3965 V.
1123 3934 1145 3968 c.

88 3987 158 4031 turus
179 3996 255 4043 quam
272 3986 399 4028 mutarunt
420 3980 530 4036 editores,
549 3975 603 4040 jus·
636 3979 674 4028 26.
685 3979 807 4038 almerado
816 3979 1013 4042 &laustangas
1022 3997 1068 4032 rea.
1125 4031 1134 4042 ,

88 4053 221 4107 teruntque
237 4045 286 4106 legi
300 4044 361 4092 Tum
378 4043 603 4092 Graccnaa...sat-
667 4043 698 4090 79
714 4043 829 4103 urana.
839 4045 951 4090 ...amul
969 4047 1056 4094 duabus
1069 4051 1146 4110 portia

86 4112 157 4167 auru,
175 4113 233 4172 quia
251 4110 343 4156 scilieet
361 4123 410 4155 uon
431 4109 601 4154 intellexerunt
625 4106 705 4172 sacta]
736 4107 827 4154 Omnes
851 4109 934 4169 scripti
959 4112 1043 4166 nostri,
1065 4122 1094 4160 ut
1119 4122 1146 4163 et

1 4195 2 4222 ι
87 4175 127 4221 bic
149 4189 197 4222 non
219 4175 327 4234 incipere
349 4186 437 4220 novum
464 4173 600 4232 periodum,
633 4172 790 4230 Gronoviani,
817 4173 930 4232 Ignorant
959 4189 1042 4222 vocam
1065 4179 1143 4242 foeta.

88 4241 131 4285 sed
141 4241 186 4288 hoc
196 4253 249 4286 esse
263 4238 403 4285 membrum
414 4237 528 4282 credonis
544 4249 601 4284 cum
634 4237 676 4291 Et,
693 4237 750 4282 lieet
763 4249 813 4304 non
831 4249 952 4297 expressa,
967 4240 1038 4288 tacita
1055 4244 1145 4289 intelli-

345 4477 352 4484 ·
412 4433 414 4438 ’
676 4437 737 4495 ut
