3136 4970
459 137 554 199 LIB.
575 135 724 198 xxvttt
752 137 857 204 CAP.
877 135 989 196 XLVI.
1184 143 1243 209 498

177 304 212 369 in
223 301 425 370 fabricandos
433 323 537 379 naum,
545 299 739 368 etirumsnti
752 321 905 390 maguum
917 321 1098 368 numerum.
1111 300 1246 368 ⁵⁶sbiete
1252 323 1283 372 u.
1292 323 1322 372 e.
1334 323 1391 375 etr.

176 411 220 456 ex
233 390 369 493 publicis
390 389 543 490 ’liiii‘
557 410 641 462 usus.
665 388 834 490 ‚uniblioe
854 387 978 491 populi,
994 401 1025 454 et
1046 401 1165 474 prietes
1185 388 1391 502 hosp-&2⁵-

178 475 1266 648 {irretit-5⁰”iti”litffii’ititi‘itttssiiitt0
1315 519 1322 532 '

179 651 309 714 luntarii
334 649 465 714 nomina
489 649 523 711 in
548 648 680 713 classem
726 647 869 714 ederunt.
912 643 1117 728 “Camertes
1144 671 1245 736 quum

178 757 274 823 atquo
288 736 409 801 foedere
430 757 503 800 cum
520 735 675 800 Romanis
696 746 808 811 essem,
824 734 988 800 cohortem
1003 749 1159 802 armatam
1172 759 1246 802 sex·

177 837 343 888 centorum
373 823 542 886 hominum
570 823 734 886 miserunt.
779 820 928 922 Triginta
956 822 1084 886 narium
1114 823 1243 901 carinoe,

177 909 292 998 viginti
321 909 572 998 quinqueremes,
603 907 712 974 decem
742 906 969 994 quadnrernes‚
1005 930 1105 994 quum
1142 921 1246 973 essent

177 997 304 1083 posita,
321 998 388 1083 ipse
410 999 454 1060 ita
475 994 590 1059 institit
612 995 712 1078 operi,
736 1008 772 1059 ut
791 994 844 1058 die
860 992 1105 1084 quadragesimo
1119 996 1242 1080 quinto,

177 1103 275 1170 quam
290 1105 333 1148 ex
347 1082 432 1147 silvis
446 1082 590 1148 detracta
603 1083 737 1146 materia
758 1094 836 1160 erat,
852 1103 948 1147 naves
964 1081 1126 1148 instructae
1140 1103 1245 1147 arma·

175 1185 283 1254 traque
298 1170 363 1234 ins
386 1189 458 1234 uam
474 1169 619 1234 deduetae
631 1170 704 1232 siut.

221 1255 346 1322 XLVI.
398 1255 536 1320 rofectus
557 1256 590 1320 in
608 1255 746 1320 Siciliam
769 1266 816 1319 est
835 1254 968 1342 triginta
987 1254 1122 1320 navibus
1140 1255 1193 1320 lon
1220 1256 1412 1324 'semideus-

178 1343 433 1408 voluntariorum
448 1360 567 1428 septem
581 1341 680 1407 ferme
693 1341 834 1406 millibus
846 1341 879 1405 in
894 1363 991 1406 naves
1006 1341 1160 1426 inpositis.
1231 1349 1292 1408 ttur
1306 1343 1374 1390 ⁰⁰⁸⁸·

180 1430 220 1494 P.
238 1430 380 1494 Licinius
398 1429 431 1492 in
447 1429 590 1494 Bruttios
612 1427 653 1492 ad
674 1427 756 1492 duos
777 1429 933 1492 exercitus
954 1428 1135 1493 consulares
1147 1430 1243 1494 venit.

178 1517 280 1581 exeis
302 1537 375 1581 eum
398 1516 457 1581 sibi
480 1516 602 1592 sumsit,
618 1535 712 1601 quern
729 1514 769 1578 L.
782 1513 934 1580 Veturius
949 1517 1060 1580 consul
1077 1514 1244 1581 habuerat.

175 1604 204 1648 ⁵⁷
210 1602 355 1684 Metello,
370 1615 415 1678 ut,
431 1602 547 1688 quibus
560 1601 737 1688 praefuisset
749 1599 937 1685 legionibus,
952 1600 990 1664 iis
1005 1614 1164 1687 proeesset,
1183 1605 1244 1681 (ia-

178 1689 270 1755 cilius
284 1711 357 1754 cunr
381 1689 521 1754 adsuetis
544 1687 678 1774 imperio
698 1708 766 1751 rem
787 1701 952 1774 gesturum
974 1689 1077 1769 ratus)
1090 1689 1243 1774 permisit.

180 1777 226 1843 Et
237 1789 392 1860 pretores
406 1775 521 1840 diversi
532 1775 564 1838 in
581 1774 759 1860 provincias
769 1773 912 1860 proiecti.
958 1772 1012 1854 Et,
1023 1775 1098 1860 quia
1108 1778 1245 1862 pecunia

122 1901 126 1910 ·
176 1863 218 1930 aii
237 1863 352 1928 bellum
367 1859 486 1940 deerat,
560 1861 570 1923 i
587 1860 743 1946 Campani
757 1860 930 1948 regionem,
943 1882 963 1924 u
976 1858 1060 1926 fossa
1071 1861 1188 1926 Graeca
1203 1862 1244 1927 ud

177 1971 267 2015 mare
291 1969 423 2026 versem,
449 1969 585 2012 venere
610 1961 784 2034 quaestores
802 1946 903 2048 jussi3
936 1945 963 1986 ⁶⁸
971 1945 1092 2012 indicio
1117 1965 1245 2034 qnoque

176 2036 343 2124 permisso,
367 2035 422 2122 qui
451 2056 529 2123 ager
557 2034 633 2099 civis
654 2033 811 2118 Carnpanr
839 2031 958 2111 fuisset,
974 2044 1011 2097 ut
1039 2034 1067 2097 is
1095 2034 1244 2120 publicus

176 2121 290 2210 populi
307 2123 444 2187 Romani
461 2133 551 2186 esset.
573 2118 669 2186 indici
691 2119 858 2205 praemium
881 2118 1101 2198 constitutum,
1118 2137 1246 2206 quantae

176 2209 324 2296 pecuniae
339 2231 415 2296 ager
430 2207 587 2274 indicatus
601 2219 689 2284 meet,
705 2227 779 2292 pars
793 2205 927 2272 decime.
972 2206 1017 2272 Et
1033 2207 1095 2271 Cn.
1111 2207 1246 2272 Servilio

176 2296 309 2383 praetori
325 2295 414 2360 urbis
424 2295 585 2383 negotium
600 2293 723 2368 datum,
736 2307 771 2358 ut
784 2291 943 2378 Campani
953 2293 1048 2374 cives,
1062 2294 1116 2357 ubi
1130 2295 1246 2380 cuique

177 2405 218 2448 ex
232 2381 505 2452 senatusconsulto
518 2381 627 2446 liceret
647 2377 802 2458 babitare,
819 2379 863 2443 ibi
879 2378 1077 2458 habitarent3
1100 2381 1246 2448 animad·
1296 2420 1299 2428 ‹

177 2482 378 2620 verteretppe
403 2470 437 2533 in
467 2491 532 2552 eos,
561 2466 616 2568 qui
643 2465 721 2532 alibi
748 2465 939 2532 habitarent.
984 2467 1107 2534 Eadem
1138 2481 1247 2533 aestate

178 2556 293 2645 Mago,
353 2555 510 2621 amilcaris
530 2554 624 2633 filrus,
647 2576 689 2618 ex
709 2553 833 2618 minore
855 2551 1031 2618 Baliarium
1053 2553 1167 2632 insula,
1189 2555 1367 2635 ubiMsgotn

176 2643 372 2721 hibernarat,
388 2643 556 2729 juventute
577 2641 660 2706 lecto
681 2639 714 2704 in
736 2639 865 2705 classem
891 2641 1038 2726 inposite,
1061 2642 1094 2706 in
1118 2639 1381 2716 ltaliamffirurpm

177 2731 311 2816 triginta
325 2729 423 2794 ferme
437 2727 578 2794 rostratis
592 2727 725 2793 navibus
737 2740 769 2792 et
779 2726 886 2792 multis
901 2730 1064 2806 onerariis,
1076 2728 1245 2796 duodecim
1254 2705 1362 2766 ’ΨΜ

178 2817 279 2882 millia
300 2816 456 2901 peditum,
478 2815 544 2879 duo
565 2813 664 2878 ferme
685 2814 828 2900 equiturn
854 2815 993 2900 trajecit:
1020 2815 1246 2902 Genuamque,

178 2903 274 2974 nullis
295 2901 450 2988 praesidiis
472 2901 662 2966 maritimam
684 2921 771 2964 oram
795 2900 980 2978 tutantibus,
1002 2902 1169 2988 repentino
1190 2903 1248 2968 ed·

176 3003 275 3055 ventu
290 2990 385 3074 cepit.
407 2987 543 3053 indeed
557 3009 647 3054 oram
670 2985 709 3051 Li
757 3008 827 3051 rurn
844 2986 1048 3074 Alpinorum,
1064 2989 1185 3078 siquos
1203 2990 1248 3056 ibi

179 3074 402 3142 motusfacere
474 3087 531 3149 set,
547 3073 677 3139 classem
734 3072 827 3159 pulit.
873 3073 1010 3164 ingauni
1024 3077 1077 3160 (Li
1123 3099 1195 3141 rum
1211 3101 1249 3143 ea

175 3187 256 3252 gens
280 3163 339 3244 est)
364 3163 403 3226 be
426 3183 481 3226 uru
506 3183 544 3226 ea
572 3171 758 3246 tempestate
781 3160 937 3248 gerebant
965 3183 1039 3226 curn
1066 3100 1249 3250 {plantoriis

213 3319 245 3364 56
262 3315 345 3364 Atreu
371 3331 400 3364 ce
427 3317 529 3378 publicis
547 3316 631 3377 'sylvis
663 3319 696 3362 est
730 3316 881 3364 Gronoviuss
899 3306 1248 3380 Mremquttssproesutsssrg

178 3383 247 3446 usas]
264 3382 378 3430 Abietetn
394 3396 410 3428 s
423 3379 546 3428 Perusinis
561 3395 611 3427 non
628 3395 696 3428 acce·
720 3381 822 3444 facilius
839 3395 891 3427 rum
907 3381 1005 3426 msuells
1021 3381 1119 3441 inumb
1130 3397 1179 3428 rem
1192 3396 1248 3442 ges·

178 3450 226 3510 ptr,
243 3449 285 3494 sed
304 3461 318 3494 e
337 3447 412 3508 sylvis
428 3447 530 3506 publicis
549 3447 632 3506 populi
649 3443 698 3492 lio·
729 3449 810 3491 lurum
836 3449 911 3499 ratus,
934 3445 1051 3505 permisit.
1087 3447 1198 3494 Permisit
1224 3448 1248 3494 ei

178 3513 248 3561 mani
258 3512 340 3559 excise
349 3518 386 3558 ert
397 3525 464 3558 usus.
729 3509 820 3556 milites
831 3511 919 3570 quibus
930 3509 1072 3572 prefuisset.

213 3577 245 3624 56
263 3577 381 3626 Carnutes
408 3589 480 3638 quum
506 3589 569 3635 equo
593 3575 695 3638 sedere]
761 3573 1075 3639 581rrdiclo..psmrisso]
1099 3573 1247 3622 Memorevit

179 3641 302 3702 suspicari
320 3641 396 3702 possis
416 3641 551 3697 camertes,
568 3653 645 3700 quum
663 3653 697 3686 re·
729 3637 815 3685 Livius
825 3640 842 3685 1.
854 3637 951 3687 xxvi
963 3655 984 3687 e.
999 3640 1036 3687 16.
1048 3653 1136 3701 agrurn
1147 3652 1247 3686 omnem

176 3720 228 3769 quo
238 3703 295 3768 jure
311 3719 339 3752 ac
356 3706 444 3752 findere
460 3704 485 3750 iu
502 3705 635 3752 amicitiam
647 3705 697 3751 Ro-
729 3703 883 3764 Campanum
900 3706 1026 3767 publicum
1042 3704 1126 3766 populi
1142 3705 1248 3752 nomm

177 3783 308 3822 munorum
325 3771 456 3823 venissent,
473 3782 521 3815 nou
539 3782 636 3815 necesse
652 3771 695 3816 ha·
728 3768 822 3816 factum
834 3783 896 3816 esse.
931 3771 980 3818 Hic
995 3771 1071 3832 igitur
1087 3783 1178 3830 nequa
1192 3781 1247 3830 pars

177 3837 268 3890 musso,
280 3843 323 3882 aut
336 3835 410 3881 etism
427 3833 509 3880 soiitos
520 3834 596 3880 fuisse
606 3834 697 3881 Roma-
729 3829 782 3894 ejus
801 3835 853 3896 agri
866 3835 961 3882 tolleret
978 3837 1024 3882 sub
1039 3835 1119 3882 alieno
1138 3835 1247 3894 nomine,

177 3902 217 3948 nis
231 3899 339 3960 praebere
355 3899 451 3944 milites.
484 3896 567 3958 Atque
582 3898 638 3946 ideo
654 3901 696 3945 ob·
729 3897 754 3943 id
765 3901 831 3958 quod
847 3901 882 3953 fit,
895 3901 1030 3948 etiamnum
1047 3899 1079 3946 ab
1096 3899 1177 3959 sliquo
1193 3899 1246 3947 eive

176 3966 310 4012 servaverit
322 3963 407 4010 Livius
418 3977 458 4010 eos
470 3962 495 4008 id
507 3963 593 4009 fecisse
605 3964 630 4009 in
641 3977 697 4024 gra.
731 3961 858 4020 Campano
874 3977 992 4023 possesse.
1004 3964 1155 4024 permittitur
1170 3965 1193 4010 ei
1204 3966 1247 4024 qui

175 4031 237 4076 tisrn
258 4029 386 4088 Scipionis.
406 4029 471 4088 quod
490 4041 569 4087 neque
584 4029 634 4082 lex.
654 4042 697 4076 ne·
728 4027 784 4073 talin
806 4028 900 4074 fraudis
918 4029 1024 4089 aliquam
1043 4028 1156 4074 notitiam
1175 4028 1249 4076 hube-

175 4108 230 4156 qus.
235 4107 290 4139 mos
297 4089 402 4155 juberet.
728 4098 774 4145 ret,
787 4105 842 4138 eam
854 4092 969 4146 indicare.
981 4093 1031 4138 imo
1042 4099 1067 4138 et
1082 4093 1112 4138 ad
1130 4092 1247 4139 indicium

211 4158 243 4205 bl
260 4156 357 4204 Metello
377 4161 403 4202 ut
419 4157 501 4217 quem
513 4155 648 4218 prefuisset
663 4158 695 4204 le·
729 4156 830 4216 premio
846 4156 969 4216 proposito
982 4158 1096 4212 allicitur,
1109 4163 1138 4204 ut
1153 4159 1175 4203 is
1192 4171 1249 4217 ager

172 4223 294 4284 gionlbus,
306 4223 336 4267 iis
343 4221 465 4284 preesset]
483 4221 571 4280 scripti
583 4223 632 4268 lere
644 4236 697 4272 om·
729 4223 771 4268 liat
786 4222 898 4280 publicus
915 4222 998 4282 populi
1014 4221 1128 4277 Romani,
1141 4237 1187 4270 nec
1206 4235 1250 4281 per

176 4300 220 4334 nes
232 4293 281 4334 tres
292 4287 392 4334 ultimas
404 4301 475 4336 voces
489 4287 613 4344 retegantz
631 4287 696 4334 unde
729 4286 797 4331 illam
817 4285 930 4331 steudem
949 4299 978 4333 eo
997 4289 1105 4347 populus,
1122 4287 1249 4336 Romanus

175 4352 252 4399 reciso
273 4353 346 4398 etium
364 4353 397 4412 sil
413 4357 448 4409 ut,
472 4350 602 4414 legendum
626 4357 696 4412 putot
729 4350 845 4410 privetur.
