3060 4960
294 67 303 115 i
350 226 353 236 .
439 142 532 202 LIB.
555 143 654 200 XXX.
682 143 785 202 CAP.
812 141 942 202 XXXV.
1167 151 1220 206 581

159 299 361 372 hastatorum»
372 303 454 372 acies
469 319 559 372 esset.
604 306 656 370 Ita
670 327 789 372 novum
803 305 843 376 de
858 306 992 392 integro.
1003 305 1222 390 proeliumor·
1233 323 1263 368 u.
1274 321 1300 368 e.
1311 328 1367 370 seo.

158 399 309 458 tumeat:
333 393 451 478 quippe
465 393 505 458 ad
521 413 611 458 veros
632 392 737 461 hostes
763 406 949 476 perventum
972 405 1099 476 erat,·et
1117 413 1222 456 armo-
1231 388 1263 436 A.
1273 388 1300 434 ⁰·
1312 395 1368 435 ²⁰²·-

161 495 232 538 rum
262 499 388 563 genere,
408 491 439 542 et
462 502 520 543 usu
548 477 679 558 militiae,
701 493 733 543 et
755 479 838 543 fama
864 501 970 543 rerum
995 492 1166 567 gestarum,
1191 493 1223 544 et

159 563 381 646 magnitudine
404 565 452 628 vel
470 565 537 650 spei
552 565 610 634 ‚vel
634 565 766 650 periculi
793 587 897 650 pares.
944 567 1007 632 Sed
1031 579 1063 632 et
1088 588 1223 631 numero

161 647 328 716 Romanus
349 653 493 733 superior
514 665 591 728 erat,
618 666 650 716 et
671 653 800 720 animet.
820 652 907 736 quod
923 653 990 738 jam
1006 653 1136 740 equites,
1154 653 1221 737 jam

161 733 347 886 elephalqtos
375 737 515 806 fuderat:
542 739 619 823 jam,
647 738 750 822 prima
775 741 841 806 acie
866 737 967 823 pulsa,
991 740 1023 804 in
1036 740 1221 806 :secundam

187 844 206 884 u
231 844 270 886 na
294 838 337 888 at.
467 876 469 892 .
1067 885 1071 894 .
1161 857 1180 888 ·.

162 841 184 904 p
244 908 353 980 XXV.
377 911 414 976 In
432 925 576 998 tempore
591 912 711 978 Laelius
725 935 762 978 ac
775 913 956 987 Masinissa,
968 913 1080 998 pulsos
1095 935 1154 999 per
1164 913 1221 980 ali-

161 1011 317 1076 quantum
341 999 434 1082 spatii
455 1000 553 1064 secuti
573 1000 703 1085 equites,
720 1011 914 1072 revertentes,
930 1001 963 1064 in
985 1021 1124 1066 aversam
1147 1000 1221 1064 hos·
1310 1015 1313 1028 ·

161 1081 242 1144 tium
269 1085 367 1148 aciem
397 1087 569 1150 incurrere.
614 1086 646 1149 Is
671 1086 799 1152 demum
821 1087 962 1170 equiturn
981 1086 1223 1168 ‚inpetusfutlit
1263 1146 1268 1156 .

161 1166 297 1235 hostem.
318 1171 409 1236 multi
432 1173 637 1236 circumventi
655 1173 687 1236 iu
710 1172 777 1238 acie
797 1177 888 1238 caesi:
919 1172 1013 1236 multi
1032 1179 1090 1257 pe'r
1111 1185 1222 1257 paten-

164 1266 227 1318 tem
244 1255 327 1320 circa
341 1279 488 1342 campum
503 1257 578 1345 fuga
593 1259 703 1343 sparsi,
719 1272 846 1332 tenente
863 1259 973 1324 omnia⁴
982 1261 1134 1345 equitatu,
1150 1281 1222 1344 pas-

162 1340 221 1404 sim
246 1343 442 1410 interierunt.
488 1343 803 1430 Karthaginiensium
834 1347 1054 1432 sociorumque
1079 1367 1160 1412 caesa
1183 1352 1339 1410 eovtnc'uot
1372 1381 1379 1398 .

163 1427 216 1492 die
230 1451 325 1513 supra
339 1431 437 1494 millia
453 1431 584 1516 viginti:
609 1454 666 1515 par
681 1431 779 1496 ferme
792 1453 942 1497 numerus
953 1447 1064 1516 captus
1078 1447 1134 1509 est,
1147 1453 1220 1496 cum
1230 1428 1338 1476 nonant

161 1514 260 1601 signis
282 1516 469 1581 militaribus
491 1531 619 1582 centum
641 1517 772 1601 triginta
794 1517 905 1593 tribus,
925 1517 1100 1600 elephantis
1122 1517 1221 1584 unde·
1294 1519 1300 1538 ⁸

160 1603 237 1664 cim.
284 1602 426 1667 Victores
441 1601 467 1641 ⁴⁵
477 1603 517 1667 ad
539 1604 604 1669 duo
627 1603 727 1668 millia
749 1603 901 1668 cecidere.
948 1604 1124 1680 Hannibal,
1148 1627 1220 1668 curn

161 1687 272 1769 ,paucis
294 1690 451 1774 equitibus
472 1690 556 1755 inter
577 1689 748 1754 tumultum
771 1690 905 1773 elapsus,
923 1691 1134 1760 Adrumetum
1150 1713 1222 1776 per·

162 1771 261 1858 fugit:
284 1777 390 1840 omnia
411 1790 444 1840 et
465 1775 497 1840 in
521 1776 645 1861 proelio,
661 1789 692 1842 et
714 1777 912 1853 anteactam,
928 1778 1222 1863 priusquamexce·

157 1859 254 1926 deret
267 1883 385 1948 pugna,
402 1877 568 1947 expertum
591 1876 623 1928 et
637 1861 949 1930 confessione-etiam
967 1864 1140 1946 Scipionis,
1154 1884 1224 1930 otu·

161 1949 317 2032 niumque
330 1951 504 2034 peritorum
523 1951 655 2028 militiae,
669 1949 756 2014 illam
770 1949 897 2014 laudem
912 1950 1055 2036 adeptus,
1071 1949 1224 2036 singulari

164 2045 233 2104 arte
247 2036 347 2098 aciem
361 2057 399 2100 eo
414 2037 466 2101 die
479 2037 672 2101 instruxisse.
717 2035 913 2120 Elephantos
927 2035 960 2104 iu
975 2041 1079 2120 prima
1101 2035 1225 2104 fronte:

158 2141 300 2206 quorum
314 2120 461 2194 fortuitus
474 2122 601 2207 inpetus
616 2136 710 2208 atque
723 2121 932 2188 intolerabilis
947 2122 1003 2200 vis,
1019 2122 1110 2211 signa
1124 2123 1223 2208 sequi,

160 2219 197 2272 ‚et
210 2227 333 2272 servare
347 2209 484 2285 ordines,
501 2210 547 2292 (in
583 2232 626 2274 uo
640 2209 814 2293 plurimum
834 2209 901 2292 spei
920 2211 1088 2293 ponerent)
1106 2211 1224 2274 Roma·

158 2315 223 2356 nos
244 2293 437 2378 prohiberet.
482 2232 611 2360 Deinde
632 2294 801 2360 auxiliares
821 2309 894 2360 ante
910 2295 1223 2382 Karthaginiensium

165 2379 277 2456 aciem,
294 2403 334 2444 ne
348 2380 492 2445 homines
509 2379 601 2447 mixti
616 2392 675 2446 exv
690 2382 879 2449 conluvione
902 2383 1045 2455 omnium
1068 2384 1223 2470 gentium,

166 2489 245 2552 quos
260 2489 325 2532 non
340 2467 419 2532 fides
433 2479 562 2544 teneret,
580 2467 634 2534 sed
652 2489 782 2548 merces,
797 2468 932 2537 liberum
955 2483 1116 2552 receptum
1140 2469 1225 2557 fugae
1314 2499 1318 2512 ·

158 2553 331 2618 haberent.
353 2553 446 2618 simul
466 2555 605 2638 primurn
631 2553 775 2618 ardorem
802 2569 897 2640 atque
921 2556 1063 2640 inpetum
1087 2555 1224 2622 hostium

167 2637 192 2676 ⁴⁶
202 2641 393 2724 excipientes
417 2639 471 2703 fati
496 2654 607 2717 arent;
629 2662 678 2718 ac,
695 2639 720 2702 si
741 2639 820 2704 nihil
843 2641 940 2719 aliud,
956 2642 1139 2706 vulneribus
1162 2650 1226 2708 suis

166 2725 284 2790 ferrum
301 2726 416 2790 hostile
437 2665 630 2792 hebetarent.
675 2725 772 2804 Tum,
790 2727 842 2792 ubi
858 2729 961 2792 omnis
976 2751 1045 2812 spes
1060 2743 1150 2804 esset,
1168 2731 1224 2792 mi·

166 2811 236 2876 lites
266 2811 548 2898 Karthaginienses
574 2811 748 2898 Afrosque:
788 2829 832 2890 ut,
858 2815 1006 2879 omnibus
1036 2815 1128 2880 rebus
1157 2814 1225 2880 aliis

166 2921 268 2983 pares,
284 2923 333 2978 eo,
348 2899 434 2987 quod
457 2901 523 2964 inte
547 2899 574 2964 ri
589 2921 662 2966 cum
676 2899 761 2964 fessis
781 2915 822 2964 aa·
840 2900 954 2964 sauciis
967 2915 1158 2985 pugnarent,
1174 2925 1226 2968 su-

165 2985 306 3070 periores
330 3001 453 3051 essent:
478 2923 616 3062 Italicos,
643 2985 808 3050 intervallo
837 3009 965 3071 quoque
989 2988 1150 3066 diremtos,
1177 2990 1226 3054 in·

163 3084 271 3152 ‚certos
301 3074 378 3138 socii
403 3095 443 3136 an
470 3072 576 3137 hostes
603 3087 715 3146 esseut,
738 3072 770 3136 in
798 3085 991 3156 postremam
1021 3077 1119 3140 aciem
1152 3077 1226 3139 sub-

170 3173 284 3224 motos.
331 3160 407 3224 Hoc
428 3159 513 3224 edito
536 3159 620 3224 velut
642 3159 755 3224 ultimo
777 3161 901 3234 virtutis
923 3181 1029 3244 opere,
1050 3162 1227 3235 Hannibal,

169 3268 267 3328 quum
283 3247 494 3310 Adrumetum
514 3243 690 3332 refugisset,
706 3244 891 3331 adcitusque
905 3247 979 3310 inde
995 3247 1237 3332 Karthaginem·

169 3331 291 3398 ttsexto
306 3355 343 3398 ac
362 3333 524 3419 trigesimo
545 3344 616 3415 post
637 3353 733 3408 anno,
749 3353 845 3416 quam
870 3353 948 3416 puer
972 3332 1046 3398 inde
1068 3333 1229 3418 profectus

572 3509 620 3552 Ver
632 3505 677 3552 del.
687 3505 761 3550 Gran.
774 3504 841 3550 Crer.

168 3681 174 3689 '
204 3680 235 3720 45
252 3675 344 3721 Adduo
355 3668 446 3736 millia]
461 3672 607 3719 Emendatio
615 3671 683 3732 Sige-
718 3675 798 3719 note:
822 3674 870 3716 stat
888 3670 1008 3730 Polybius,
1024 3682 1094 3729 quem
1109 3669 1152 3716 'bic
1171 3681 1230 3728 pene

171 3738 526 3800 nii‚nixaauatore1’olybio.
560 3738 634 3796 Libri,
654 3737 688 3782 ad
718 3738 747 3782 ad
773 3735 870 3782 verbum
901 3735 1012 3782 exscribit
1034 3740 1121 3780 noster.
1154 3735 1230 3780 Greci

171 3808 247 3853 decem
257 3806 343 3852 satura.
718 3803 821 3848 auctoris
838 3799 1144 3856 haeosuntrerba,l.XV.
1155 3812 1180 3844 n.
1193 3803 1230 3846 rt.

204 3875 236 3916 ⁴6
252 3871 409 3931 Eadpteates
431 3870 582 3931 solimani,
600 3883 638 3921 ae,
665 3867 687 3911 si
717 3865 780 3914 irrita
801 3865 841 3912 rui
861 3863 996 3931 certatim
1012 3864 1051 3924 μὶν
1067 3865 1103 3924 τᾷ
1119 3861 1232 3924 street

171 3935 234 3984 nihil
251 3936 327 3992 aliud,
345 3935 478 3982 ramathas
497 3928 559 3996 suis]
580 3933 687 3991 Plerique
719 3929 817 3992 uipera
833 3930 876 3976 eir
892 3927 1016 3990 sarphu,
1027 3927 1148 3992 singulm
1158 3925 1180 3976 ll
1190 3929 1232 3980 τὰς

172 4001 254 4061 scripti
265 4015 315 4046 noa
326 4007 460 4060 agnoscunt
469 3999 501 4047 eir
508 3999 648 4060 fatigarent
659 4012 688 4042 ae
719 3996 797 4055 ἀκμὰς
805 3991 1104 4045 ‹brithdredum-idea
1112 3995 1155 4040 reis
1163 4003 1233 4054 panv-

171 4067 194 4110 ai
210 4065 274 4110 atttt
288 4066 370 4111 uliud:
389 4073 413 4111 et
430 4066 482 4112 loco
499 4067 582 4110 harum
604 4077 688 4109 vocum
720 4059 805 4120 spiens.
837 4061 909 4106 Vides
926 4061 1015 4107 nuttam
1033 4059 1069 4106 ibi
1088 4059 1234 4108 mentionem

171 4129 325 4176 substituunt
347 4130 547 4186 adrumetum,
571 4129 623 4174 attt.
661 4127 690 4172 ld
721 4125 914 4178 esaernissilium.
970 4151 975 4170 ‹.

160 4195 215 4253 tqui
236 4195 327 4254 placere
341 4195 457 4253 potuerit·
469 4194 601 4249 Grouoric,
619 4192 690 4238 mira·
755 4197 785 4238 47
803 4191 876 4236 Serto
899 4206 929 4236 ae
940 4189 1073 4245 tricesimo
1090 4191 1144 4250 post
1164 4202 1235 4240 aare,

157 4271 235 4307 -mun
273 4259 382 4304 Ceterum
406 4272 448 4318 pro
470 4260 565 4315 vulgata
586 4257 687 4304 lectione
719 4254 871 4320 quampuer]
889 4253 1237 4314 Vidtrrot.t›7.adc.87.iu·

174 4333 221 4370 stat
242 4323 319 4385 regius
339 4324 420 4380 codex,
437 4324 516 4382 proba
535 4324 574 4370 ille
593 4322 687 4383 quidem
704 4325 762 4368 .·rra.

761 4394 847 4468 1‘p3
945 4354 951 4386 ³
