3122 4962
354 179 412 232 no
494 139 500 148 ”
610 135 615 146 ’
679 177 683 188 ’
737 153 1018 236 rininrvrr

195 349 224 397 n.
235 350 262 398 c.
274 349 329 398 stt.
354 336 455 402 lesere
469 336 642 404 serviliano
654 337 740 422 plebs
749 351 909 425 poterent
920 355 976 404 eut
988 335 1307 416 mittmeuunoiossd
1319 331 1412 400 Han·

194 416 224 461 Α·
236 415 263 462 ⁰·
274 413 332 464 ²¹¹·
355 422 491 490 nibslem
506 445 564 508 per
574 423 732 506 custodies
746 438 813 490 tsrn
823 436 917 490 unes.
962 423 1113 490 Inventus
1123 435 1170 488 est
1180 421 1335 499 Nunnius,
1345 421 1411 507 qui,

355 509 494 593 acceptis
515 509 624 589 literis,
638 530 804 576 everumm
820 531 853 574 re
866 509 1034 595 professus,
1058 521 1094 574 ιιι
1117 509 1308 595 promissum
1330 524 1415 591 prer-

356 607 462 673 stsret,
478 617 535 680 per
545 595 650 660 medis
664 597 1026 662 Romsrrsoustrsnoote
1036 615 1187 682 egressm
1203 614 1415 680 spernnooen·

357 681 406 750 dit
418 680 604 766 Componis,
618 681 695 746 dum
710 684 752 746 sii
777 681 831 746 uid
845 682 959 748 virium
974 703 1012 746 su
1052 694 1159 758 resset,
1174 679 1315 746 abosuni
1325 691 1417 765 perte

194 783 323 848 squeire
358 766 556 852 eruptionem
565 767 721 834 tentandi.
802 781 905 834 terum
915 769 991 832 inm
1024 767 1418 851 uscertsminibuseqnes·

195 849 278 910 pratia
289 863 344 908 ΡΝ·
358 853 421 921 tria
440 853 556 938 proelis
569 851 667 918 ferme
679 875 833 940 prospers
846 853 1019 920 fsoiebsntr
1040 853 1161 940 pedites
1174 852 1419 940 superabantur.-

194 913 414 1039 fficm'srd
432 960 629 1026 nequaquem
656 953 721 1006 tem
744 941 853 1006 larum
868 940 1003 1015 vincere,
1025 961 1121 1027 quern
1142 938 1328 1006 tristerinei
1351 937 1418 1002 ulls

358 1036 450 1110 perte
463 1039 533 1092 erat
546 1025 587 1092 sb
600 1025 730 1092 obsesso
742 1039 776 1092 et
788 1047 890 1112 prope
906 1037 1089 1112 expugnato
1098 1025 1202 1092 hoste.
1245 1024 1333 1090 Inita
1347 1037 1419 1088 tsn-

333 1167 335 1172 .
358 1111 432 1182 dem
447 1112 529 1178 ratio
542 1125 599 1188 est,
615 1125 661 1188 ut,
677 1112 764 1198 quod
779 1112 898 1178 viribus
920 1111 1040 1190 deerst,
1066 1124 1134 1178 arte
1157 1122 1351 1198 sequeretur.
1376 1131 1419 1176 ex

358 1196 506 1266 omnibus
528 1196 705 1284 legionibus
726 1197 817 1264 electi
836 1211 913 1264 suot
929 1199 1073 1285 juvenes,
1095 1198 1235 1264 menime
1247 1197 1360 1285 vigore
1380 1218 1421 1260 no

357 1283 484 1350 levitate
498 1303 668 1368 corporum
679 1283 818 1350 volones:
835 1284 879 1352 eis
892 1305 1013 1368 permse
1025 1286 1190 1364 breviores,
1200 1305 1297 1370 quern
1308 1305 1420 1370 eques·

358 1381 432 1447 tres,
446 1379 478 1434 et
493 1382 622 1454 septeno
637 1369 744 1454 janula
764 1383 935 1456 qusternos
955 1370 1050 1460 longe
1072 1369 1168 1457 pedes
1186 1369 1270 1447 date,
1285 1367 1420 1454 praeiisse

359 1454 488 1534 18ΐοιιὌ,
503 1454 597 1541 quale
610 1454 706 1522 hastis
721 1454 904 1522 velitaribus
918 1456 1008 1524 inest.
1022 1479 1077 1522 eos
1099 1455 1239 1544 singulos
1263 1456 1298 1520 in
1319 1477 1421 1540 equos

358 1563 431 1606 suos
440 1541 628 1624 accipientes
636 1543 757 1628 equites
766 1541 1015 1623 adsueseoerunt,
1026 1557 1058 1608 et
1068 1541 1139 1608 vehi
1149 1554 1224 1627 post
1232 1557 1308 1618 sese,
1320 1556 1353 1606 et
1361 1539 1420 1605 de-

359 1626 445 1692 silire
458 1627 641 1711 perniciter,
656 1627 710 1694 ubi
725 1630 849 1715 signum
865 1629 976 1696 dutum
991 1644 1079 1694 esset.
1124 1628 1297 1714 Postqusm
1307 1627 1423 1692 edem

359 1712 470 1780 tudine
507 1713 671 1780 uotidisns
684 1716 759 1780 setis
772 1715 931 1801 intrepide
945 1716 1045 1782 visum
1057 1727 1104 1782 est
1117 1715 1197 1794 lieri,
1211 1715 1243 1778 in
1256 1735 1420 1799 eampum,

383 1799 414 1864 ni
430 1821 460 1862 m
502 1821 551 1866 rus
565 1800 649 1865 inter
670 1815 772 1867 cestre
786 1823 977 1888 murumque
991 1814 1069 1880 erat,
1085 1799 1235 1866 adversus
1248 1800 1423 1866 instructos

346 1823 599 1971 'inoperosum
609 1888 729 1972 equites
739 1899 967 1973 processerunt
978 1899 1011 1952 et
1018 1901 1040 1966 ⁶,
1056 1887 1113 1954 nbi
1123 1885 1165 1952 ad
1175 1887 1354 1972 conjectum
1365 1885 1422 1950 teli

359 1983 488 2036 ventum
497 1986 556 2050 est,
565 1973 657 2061 signo
665 1973 742 2040 dato
751 1975 858 2040 velites
869 1973 1025 2040 desiliunt.
1039 1973 1190 2059 pedestris
1200 1972 1275 2040 inde
1284 1973 1368 2040 enies
1378 1991 1423 2036 ex

359 2059 501 2146 equitatu
516 2073 646 2144 repente
659 2061 691 2128 in
707 2059 846 2129 hostium
862 2060 984 2148 equites
995 2061 1144 2125 incurrit:
1162 2058 1331 2146 jsouleqne
1345 2077 1422 2123 enm

359 2145 469 2230 inpetu
484 2144 546 2209 alia
559 2167 654 2231 super
676 2145 738 2211 elia
760 2147 921 2212 emittunt.
958 2147 1083 2223 Quibus
1104 2145 1248 2231 plurimis
1270 2146 1303 2209 in
1323 2164 1424 2230 equos

360 2232 506 2317 virosque
520 2233 635 2316 passim
651 2234 801 2320 conjectis
822 2233 996 2319 permultos
1010 2235 1267 2298 vulnersverunt:
1291 2232 1424 2316 pavoris

360 2332 466 2386 tumen
479 2316 552 2403 plus
562 2339 601 2382 ex
611 2339 646 2382 re
657 2341 739 2384 nova
749 2331 845 2405 atque
855 2319 1020 2404 inopinata
1030 2320 1178 2406 injectum
1190 2329 1247 2396 est,
1260 2328 1293 2382 et
1304 2317 1337 2382 in
1349 2338 1425 2402 per·

362 2403 485 2470 enisum
500 2402 623 2469 hostem
636 2405 756 2491 equites
770 2405 894 2482 inventi,
910 2405 1017 2493 fugem
1033 2417 1231 2491 stragemque
1245 2425 1356 2468 eornm
1371 2425 1427 2468 us·

363 2489 756 2576 queadportasfecerunt.
788 2491 868 2556 Inde
878 2494 1018 2578 equitatu
1031 2513 1157 2578 quoqne
1165 2490 1310 2575 superior
1319 2489 1346 2530 ¹⁹
1354 2489 1425 2556 Ro-

200 2589 331 2640 Veliterni
363 2596 458 2641 mnne
472 2577 542 2637 res‘¹
556 2576 624 2640 fuit.
668 2577 694 2616 ²⁰
704 2577 898 2654 institutum,
912 2591 947 2643 ut
957 2579 1064 2643 velites
1076 2579 1107 2641 in
1120 2576 1296 2662 legionibus
1304 2588 1425 2642 meent

199 2655 342 2720 Ιοιιῑῡῦῑῧῑῑεἱ
366 2662 539 2724 Auctorem
560 2661 702 2746 peditum
725 2665 822 2750 equiti
843 2664 1109 2730 inmiscendorum
1131 2663 1352 2728 centurionem
1377 2661 1424 2740 Q.

364 2746 501 2811 Navium
516 2743 632 2824 ferunt,
648 2747 826 2836 honorique
840 2750 872 2815 id
887 2751 915 2813 ei
930 2752 1013 2834 spud
1027 2751 1250 2835 imperatorem
1264 2747 1370 2812 fuisse.

202 2833 341 2958 3⁸33}-
407 2832 448 2897 V.
472 2831 582 2910 Quum
594 2833 628 2898 in
638 2833 700 2898 hoc
711 2848 794 2900 statu
805 2835 847 2900 ad
859 2835 1003 2922 Capuam
1015 2859 1064 2902 res
1074 2847 1188 2912 essent,
1202 2833 1424 2904 Hannibalern

202 2963 269 3010 niem
279 2963 350 3009 redit.
605 2961 654 3005 ‘ol
667 2959 882 3007 detorqueres.
1011 2958 1099 3007 daem
1110 2959 1181 3006 Ereti.

398 3053 429 3102 ts
450 3053 535 3112 Ferro,
557 3055 622 3113 quale
648 3055 720 3102 Molis
743 3059 878 3105 velitaribus
910 3059 951 3104 lus
968 3057 1053 3120 errem]
1070 3059 1150 3104 Antea
1162 3053 1217 3120 jem
1234 3055 1262 3102 ln
1279 3056 1427 3105 undenae

364 3116 436 3180 taen]
462 3118 500 3164 De
528 3119 629 3167 velitum
657 3121 809 3169 institutione
838 3123 878 3168 bie
909 3123 1097 3170 llomsuislsris
1107 3129 1238 3170 armatum
1248 3121 1426 3170 militamur.

364 3183 453 3244 egitur·
477 3183 550 3238 ,Quid
562 3197 619 3242 ergo
636 3199 697 3245 opus
714 3193 751 3232 est
767 3188 878 3233 observe-
910 3187 958 3234 Sed
976 3188 1036 3234 levis
1054 3192 1178 3234 armature
1188 3197 1318 3233 commune
1334 3199 1426 3234 nomen

365 3262 392 3295 re
403 3245 487 3296 velites
505 3254 611 3294 armatos
624 3256 677 3296 esse
688 3251 764 3297 hastis
775 3252 880 3297 velitari-
911 3257 957 3310 est,
968 3249 1037 3313 eujus
1048 3251 1118 3313 plura
1129 3257 1187 3298 sum
1197 3263 1286 3311 genna
1302 3250 1353 3296 sire
1369 3262 1427 3310 per·

365 3312 430 3360 bus?
447 3311 572 3359 Nimirum
591 3314 661 3360 bustu
679 3315 785 3361 velitaris
804 3315 880 3362 sumi·
912 3322 958 3372 tes,
970 3323 999 3362 ut
1015 3315 1264 3372 roraril,soeensi,de
1275 3312 1363 3374 quibus
1381 3313 1424 3360 lsi-

365 3383 407 3424 rur
425 3377 536 3428 universe
555 3389 599 3436 pro
620 3379 690 3426 nesta
708 3379 809 3426 missilis
826 3393 881 3439 qne
912 3380 967 3428 rius
984 3378 1261 3440 rginLVllLeAEaet
1280 3378 1358 3437 liqui
1376 3378 1424 3425 boe

366 3441 466 3502 quidem
485 3441 511 3486 in
529 3455 575 3490 usu
591 3442 740 3490 tuirstsute
757 3444 881 3490 institutos
913 3444 1090 3492 loeodiemtur
1101 3443 1192 3492 velites.
1226 3442 1305 3490 Vetm
1320 3455 1378 3502 ergo
1396 3443 1428 3490 il·

367 3506 829 3563 velites,uteonrtntexl.XX1V.o.
840 3508 881 3556 st.
912 3509 937 3555 ls
954 3509 1015 3556 levis
1032 3515 1156 3556 armetur-s
1172 3507 1257 3556 bennit
1277 3507 1425 3568 ιιςίιιιιιίοι,

366 3575 457 3630 etpost
471 3571 610 3616 exstinctor.
644 3570 808 3618 Nullosenim
822 3573 883 3620 iuis·
914 3573 1056 3630 funditores,
1075 3560 1231 3635 jaculatores,
1252 3571 1296 3631 qui
1313 3571 1427 3620 videntur

318 3659 321 3668 .
367 3647 393 3680 se
410 3633 512 3682 Censoris
529 3648 581 3682 evo
598 3635 693 3695 proprie
710 3636 787 3682 dictos
798 3637 883 3684 velites
914 3639 1081 3698 comprehensi
1107 3637 1182 3684 tuisse
1208 3635 1298 3696 duplici
1327 3637 1427 3684 nemim

367 3693 466 3760 eonjioit
489 3698 587 3759 Lipsius
610 3712 658 3746 non
685 3699 883 3759 improbabilibus
914 3703 1060 3750 rmsriorum
1078 3708 1104 3750 et
1127 3712 1299 3756 eoeensornmr
1327 3705 1353 3746 ιι
1378 3713 1426 3748 uon

368 3761 492 3809 rationum
512 3764 658 3810 momentisr
678 3769 703 3808 et
725 3770 807 3810 temen
828 3763 891 3824 post
915 3767 999 3814 velites
1015 3767 1110 3828 proprie
1120 3766 1205 3814 dictos.
1239 3765 1372 3825 Siquando
1382 3763 1427 3825 ipi-

352 3822 474 3874 'ceren
490 3832 586 3887 tempus
603 3827 696 3876 mentio
707 3827 734 3874 tit
746 3828 882 3876 velitarium
914 3831 1057 3878 turmentio
1072 3832 1099 3878 nr
1110 3831 1212 3878 velitum
1230 3829 1350 3890 prioribus
1364 3835 1425 3878 tem·

288 3891 296 3904 ’
369 3890 495 3936 bestsrum
521 3892 552 3937 nb
581 3891 687 3950 antiquis
718 3893 882 3952 scriptoribus.
914 3895 1021 3954 poribus.
1036 3902 1066 3943 ut
1078 3893 1209 3942 LXXIV.
1226 3908 1249 3942 o.
1262 3892 1303 3941 34·
1319 3893 1427 3952 intellige

370 3949 429 3998 Vid.
441 3952 509 4012 Ltps.
519 3955 536 4000 1.
546 3953 594 4001 111.
605 3957 636 4002 de
648 3955 721 4004 Milit.
733 3956 807 4004 Boni.
818 3957 897 4007 Diei.¹
915 3961 1035 4007 veteribus
1053 3959 1102 4006 illis
1118 3959 1179 4006 levis
1195 3964 1325 4006 tnnsture
1342 3955 1427 4006 miiiti-

372 4014 395 4064 1.
408 4014 446 4062 De
456 4017 520 4062 ferro
532 4019 636 4066 velitaris
653 4021 730 4072 bestse
747 4021 841 4080 egimus
857 4024 882 4068 in
916 4025 961 4070 bus
972 4024 1244 4072 scoommodslumerre
1254 4023 1315 4070 illud
1325 4033 1426 4080 nomen,

372 4084 430 4132 pots
441 4079 479 4126 ts
491 4082 523 4127 nd
534 4083 550 4128 1.
563 4083 744 4132 Xle.e.84s
915 4090 980 4147 quod
1007 4095 1089 4136 temen
1110 4087 1141 4135 iis
1162 4087 1259 4149 proprio
1279 4098 1352 4134 sensu
1377 4097 1427 4134 nort

406 4143 437 4189 19
453 4142 559 4190 Horreum
578 4147 649 4210 aries]
666 4147 757 4196 Melius
780 4149 836 4196 Pur.
858 4159 883 4198 et
914 4154 1074 4213 competebat·
1118 4152 1180 4202 nee
1206 4151 1286 4198 fusim
1307 4151 1427 4210 exsilium

372 4207 434 4258 silus
445 4220 541 4268 quoque
559 4211 640 4269 probe
653 4215 884 4264 retemtas-„Ro-
914 4218 989 4266 bsbes
1008 4219 1073 4277 epod
1091 4216 1214 4279 Liparum,
1226 4217 1242 4264 l·
1254 4213 1303 4264 111„
1322 4215 1353 4266 tis
1370 4213 1427 4262 Mil.

371 4284 497 4322 sonores,
701 4321 703 4328 ,
916 4281 987 4332 llorn·
999 4280 1095 4332 Diu-l.

405 4334 436 4386 20
451 4337 600 4400 martrinum,
612 4343 638 4390 ul
650 4340 727 4392 veltro
744 4343 768 4389 in
786 4343 882 4404 legioni·
