3064 4976
411 803 417 808 ,,
453 624 783 870 -nnivu
832 641 1252 870 Passurus

408 859 417 872 ⁸
478 981 482 998 ·
527 867 534 876 .
646 865 851 1044 crana
888 867 1076 1087 rixi„=
1240 873 1243 878 λ

730 1192 924 1236 -Q-a

300 1357 360 1444 IN
374 1389 466 1464 parte
480 1377 584 1462 operis
599 1379 661 1442 mei
683 1373 757 1442 licet
778 1377 857 1448 mihi
879 1378 1017 1464 praefari,
1033 1379 1120 1467 quod
1145 1378 1178 1442 in
1202 1379 1360 1464 principio

299 1487 433 1530 summae
458 1465 555 1530 totius
581 1463 711 1550 professi
734 1459 878 1552 plerique
893 1481 966 1532 sunt
981 1489 1086 1531 rerum
1101 1467 1279 1551 scriptores,
1295 1465 1360 1551 bel-

139 1552 366 1618 nutteunierlum
394 1553 532 1616 maxime
557 1551 724 1616 omnium¹.
750 1552 970 1632 memorabile.
993 1576 1066 1640 quae
1092 1575 1241 1641 umquam
1271 1567 1360 1642 gesta

138 1633 238 1708 muner
299 1641 372 1717 sint,
389 1659 440 1703 me
451 1638 661 1723 scripturum3
686 1639 783 1725 quod,
801 1637 988 1704 Hannibale
1002 1641 1093 1718 duce,
1111 1639 1360 1742 Karthaginien·
1404 1712 1407 1729 .

138 1698 346 1797 magmtutlo'ses
370 1743 448 1790 cum·
470 1724 592 1810 popule
620 1725 773 1809 Romano*
791 1747 925 1811 gessere.
971 1727 1054 1790 Nam
1077 1749 1180 1815 neque
1194 1726 1359 1792 validiores

296 1811 413 1898 opibus
436 1811 510 1890 ullae
533 1812 616 1876 inter
630 1835 663 1876 se
677 1812 818 1876 civitates
844 1826 1017 1899 gentesque
1040 1816 1242 1878 contulerunt
1261 1835 1358 1889 arma,

297 1921 403 1984 neque
418 1898 466 1976 his
480 1899 555 1981 ipsis
569 1910 695 1972 tanturn
709 1921 859 1984 umquam
873 1899 987 1963 virium
1000 1911 1064 1982 „aut
1085 1899 1209 1964 roboris
1229 1899 1304 1980 fuit:
1328 1913 1360 1964 et

221 2036 223 2038 -
298 1985 384 2060 haud
401 1985 524 2071 ignotas
544 1984 620 2050 belli
635 1999 716 2049 artes
732 1987 813 2048 inter
828 2008 870 2061 se,
887 1987 939 2050 sed
956 1999 1102 2070 expertas
1118 1988 1221 2069 primo
1235 1985 1359 2050 Punico

243 2129 245 2135 .
299 2071 505 2139 conserebant
530 2071 624 2136 bello.
647 2083 679 2136 et
701 2071 782 2154 adeo
807 2069 996 2150 variabelli
1026 2073 1154 2136 fortuna
1179 2095 1359 2157 ancepsque

297 2157 391 2228 Mars
417 2157 486 2236 fuit,
510 2157 569 2223 1ut
591 2158 726 2242 propius
750 2157 955 2242 periculuml’⁴
973 2157 1099 2236 fuerint,
1126 2159 1181 2244 qui
1203 2161 1368 2224 vicerunt..

300 2244 393 2311 Odiis
411 2246 505 2310 etiam
521 2263 626 2330 'prope
647 2244 819 2330 majoribus
834 2257 1004 2322 certarunt,
1020 2267 1114 2330 quern
1130 2241 1264 2329 viribus:
1290 2237 1358 2310 R&-

294 2330 668 2418 -manisindignautibus,
684 2330 770 2416 quod
785 2331 956 2395 victoribus
979 2331 1053 2395 victi
1076 2332 1183 2397 'ultro
1206 2329 1359 2406 inferrent

297 2441 404 2496 arma3
421 2418 548 2494 Poenis
565 2419 649 2503 quod
670 2417 829 2503 ³superbe
849 2441 1004 2504 avareque
1018 2413 1181 2482 crederent
1195 2417 1357 2504 imperita·¹

138 2512 262 2590 nannius
298 2519 366 2572 turn
389 2505 481 2570 victis
506 2527 581 2568 esse.
628 2505 727 2568 Fama
752 2504 846 2570 etiam
872 2519 928 2582 est,
957 2505 1174 2570 Hannibalem
1200 2527 1357 2568 annorum

136 2579 398 2689 tfflgffJffliterme
422 2612 546 2668 novem,
571 2589 733 2672 pueriliter
753 2591 969 2656 blandientem
996 2593 1080 2678 patri
1107 2587 1296 2674 Hamilcari,
1322 2605 1358 2658 ut

136 2655 188 2754 iios
211 2655 263 2690 ω’
298 2679 468 2754 duceretur
491 2677 524 2740 in
541 2677 745 2760 Hispaniam,
762 2699 871 2761 quum,
887 2677 1026 2764 perlecto
1041 2679 1053 2716 ⁴
1067 2679 1177 2746 Africo
1193 2677 1286 2756 bello,
1302 2701 1357 2743 ex-

233 2845 235 2850 p
293 2765 431 2842 ercitum
447 2787 485 2828 eo
499 2764 688 2849 trajecturus
699 2763 900 2842 sacrificaret,
912 2763 1064 2830 altaribus
1078 2768 1251 2843 admotum,
1267 2765 1358 2830 tactis

295 2854 394 2934 ‚sacris
411 2849 618 2936 jurejurando
642 2849 799 2928 adactum,
816 2874 860 2931 se,
875 2875 974 2939 quum
997 2852 1136 2936 primum
1154 2867 1269 2938 posset,
1285 2852 1358 2914 lros-

298 2951 363 3003 tem
386 2938 454 3016 fore
475 2961 518 3022 po
542 2937 596 3022 ulo
621 2936 779 3001 Romano.
823 2939 997 3027 Angebsnt
1020 2939 1156 3026 ingentis
1170 2933 1297 3023 spiritus
1312 2937 1357 3000 vi-

136 3044 265 3156 peplmnaalp
298 3025 370 3090 runi
388 3023 496 3091 Sicilia
512 2959 720 3110 §ordinisque
734 3024 874 3104 amissae:
890 3047 964 3092 narn
979 3040 1012 3091 et
1025 3025 1039 3063 ⁵
1052 3026 1190 3091 Siciliam
1202 3025 1296 3089 nimis
1307 3047 1357 3089 ce-

186 3123 228 3157 um
264 3125 291 3158 0·
391 3157 396 3172 ¹

134 3187 292 3287 ffifflgm‘·
428 3199 441 3228 ²
456 3197 600 3244 memorabile
609 3197 712 3245 orantem
724 3199 799 3244 Gran.
811 3196 880 3245 Crev.
1019 3195 1033 3234 b
1044 3199 1148 3260 periculo
1160 3199 1227 3247 lloed·

330 3340 413 3390 l'Ut
430 3343 542 3404 proprius
559 3345 692 3406 perieulum
705 3343 812 3407 facerint,
843 3347 895 3395 lon.
928 3347 971 3410 IV·
984 3345 1023 3394 lt.
1046 3345 1150 3406 Propius
1165 3343 1290 3405 eatfidem.
1324 3343 1358 3390 Et

295 3409 336 3468 qui
356 3406 473 3483 eicerent]
500 3409 532 3454 Ut
552 3411 641 3460 melius
662 3410 812 3472 intelligatur
843 3411 1007 3471 elibisoepius.
1040 3411 1134 3456 Tamen
1153 3411 1199 3456 hoc
1215 3411 1268 3454 loco
1279 3409 1359 3468 potuit

294 3473 353 3520 haec
367 3478 497 3531 sarrienda,
507 3474 560 3534 lege
579 3489 608 3522 ea
626 3489 682 3535 ques
700 3475 730 3521 de
749 3477 811 3522 Can-
843 3475 957 3522 maluisse
965 3474 1077 3534 periculo,
1088 3477 1116 3520 ut
1126 3475 1226 3521 serviret
1236 3473 1346 3519 claritati.

294 3537 365 3584 nensi
398 3539 466 3584 clade
499 3539 595 3586 disserit
629 3547 719 3597 noster,
748 3539 812 3585 infra
876 3538 915 3586 2*
928 3539 1009 3602 Ultro]
1026 3537 1085 3585 vid.
1097 3539 1198 3600 notwss9.
1210 3540 1241 3584 ad
1253 3538 1274 3584 1.
1285 3535 1309 3584 5.

295 3601 385 3660 xxn.
404 3601 446 3650 54.
476 3603 604 3666 l³ropiores
618 3605 726 3668 periculo
744 3603 812 3668 inere
876 3595 1023 3663 S'd‘uperbe
1043 3602 1167 3666 avareque]
1202 3603 1269 3658 Haec
1290 3615 1358 3662 spec·

293 3673 350 3727 post
381 3667 533 3714 Cannensem
567 3671 661 3716 cladem
696 3667 810 3722 Romani,
844 3674 898 3726 tent
914 3667 1033 3730 precipue
1050 3669 1081 3714 ad
1099 3667 1243 3720 Sardiniam,
1256 3673 1284 3712 ut
1299 3679 1358 3714 mox

294 3745 379 3843 rit-2¹2
395 3735 563 3844 ἓῒᾏῃὶῗὲὲι
576 3739 812 3862 {tistitus
844 3733 1358 3860 titretattttstrsissm

294 3874 386 3907 cessere
420 3861 639 3924 Carthaginienses,
673 3877 722 3909 non
754 3862 812 3920 quia
844 3861 1052 3922 Carthaginienses
1071 3876 1132 3920 cum*
1143 3861 1297 3907 mercenarii
1314 3863 1359 3910 mi-

202 3985 204 3989 ·
294 3923 375 3988 majus
393 3927 528 3985 periculum
547 3933 607 3980 erat,
627 3927 670 3974 sed
688 3926 746 3987 quia
765 3925 813 3985 ipsi
843 3926 928 3974 litibus
937 3928 963 3972 in
974 3923 1057 3972 Africa
1067 3932 1200 3988 gesserunt.
1235 3923 1290 3972 Hoc
1306 3927 1358 3971 bel·

293 3991 400 4036 minores
411 3991 506 4037 animos
516 4003 618 4052 gessere·
636 3991 777 4052 †Muretus
787 3995 813 4035 et
844 3992 897 4038 lum
917 3991 1031 4052 Polybius
1050 3992 1163 4038 describit
1179 3993 1196 4036 l.
1214 3991 1234 4038 1.
1251 4005 1297 4038 ac.
1316 3989 1358 4037 66.

295 4055 432 4102 Gronovius
449 4069 480 4102 ex
499 4056 645 4115 quibusdem
662 4056 757 4115 scriptia
775 4069 812 4101 re-
844 4057 876 4102 ad
888 4057 960 4102 finem
971 4055 1034 4102 libri.

294 4127 390 4180 ponunt
403 4120 504 4180 propior
521 4119 661 4179 moduni.
695 4119 758 4166 Sane
776 4120 810 4166 sie
875 4120 1015 4166 5Sieiltam
1034 4152 1040 4167 .
1058 4129 1066 4169 ¹.
1081 4120 1219 4184 comessum]
1245 4119 1308 4166 Pace
1326 4121 1358 4166 ad

294 4185 361 4245 loqui
371 4185 460 4246 gaudet
472 4183 565 4231 Livius.
573 4184 627 4230 Lib.
639 4183 728 4230 XXII.
740 4183 810 4231 uid.
844 4183 941 4244 AEgates
959 4185 1057 4232 insulas.
1075 4183 1181 4232 *Nimis
1199 4185 1266 4232 celeri
1282 4185 1358 4244 despr-

294 4254 321 4296 ot
332 4263 390 4297 aeuo
407 4249 498 4296 minora
512 4253 584 4298 essem
596 4249 695 4312 propius
705 4247 811 4297 Anniba·
843 4251 932 4298 ratione
952 4260 1038 4297 rerem.
1072 4251 1184 4298 Nimium
1198 4251 1253 4298 cito
1275 4250 1359 4308 despe-
