3140 4972
470 163 566 223 nra.
587 159 684 234 xxv.
711 161 816 225 car.
837 163 903 240 xv.
1158 174 1215 236 sn

155 323 270 412 ltaque
283 323 500 413 Metapontini
523 324 699 412 extemplo,
720 336 819 406 metu,
838 349 904 414 quo
925 325 1125 411 tenebantur,
1138 327 1256 402 libs-u.
1268 351 1364 404 oum

152 411 518 492 ostemationem
531 411 687 480 defecere.
731 413 809 480 Hoc
828 413 911 479 idem
925 415 1035 490 ¹eadem
1051 417 1363 496 bremwal-0²¹²:
1446 414 1450 422 ’

152 511 186 578 et
208 498 349 566 Thurini
374 499 524 566 fecerunt.
545 502 646 566 morit
673 523 726 566 eos
755 521 820 566 non
843 500 1092 569 Tarentinorum
1118 504 1218 590 magis
1226 482 1376 594 fflffiffif

39 602 42 610 '
150 585 291 656 detectio
311 585 681 672 Metapontinorumque,
698 587 822 672 quibus,
837 587 1014 654 86indidem
1036 612 1077 656 ex
1096 589 1315 670 Achaiaqueeu

152 673 294 751 oriundi,
308 673 404 738 etiam
427 673 615 762 cognatione
629 673 733 760 juncti
755 687 855 751 erant,
871 697 967 761 quam
985 675 1033 740 ira
1046 676 1079 740 in
1097 676 1219 742 Romass
1226 675 1353 722 aranma-

151 781 212 826 uos
233 772 365 846 propter
386 759 512 825 obsides
532 781 635 845 nuper
656 761 846 826 interiectos.
889 762 1012 827 Eorum
1034 763 1127 828 amici
1142 786 1218 848 ceg-
1225 739 1343 852 10Ϋῂ

152 846 286 932 natique
313 846 420 912 literas
449 868 486 911 ac
513 846 648 911 nuncios
672 845 714 911 ad
744 846 942 913 Hannonem
969 849 1217 936 Magonemque,
1296 837 1304 854 ⁸

151 932 209 1019 qui
223 932 258 996 in
272 932 455 1018 propinquo
470 933 502 996 in
520 931 653 998 Bruttiis
668 945 769 1009 erant,
781 933 946 1010 miserunt,
956 937 988 1000 si·
998 939 1161 1002 scaritum
1175 940 1221 1001 od

151 1022 267 1087 mia
280 1021 492 1096 summissas,
507 1042 540 1083 se
556 1020 591 1082 irs
607 1029 789 1102 potestatem
803 1041 904 1084 comm
925 1020 1027 1084 urbem
1047 1025 1219 1088 tradituros

152 1128 225 1171 esse.
273 1105 322 1170 M.
339 1105 468 1170 Atinius
491 1104 622 1170 Thuriis
648 1127 720 1170 cum
746 1106 872 1170 modico
896 1106 1046 1192 praesidio
1071 1123 1217 1192 praeerat.

152 1213 248 1278 quem
269 1190 361 1256 facile
383 1191 453 1256 elici
476 1191 517 1256 ud
540 1205 702 1258 certamen
723 1205 842 1258 temere
863 1192 1040 1268 ineundum
1064 1193 1218 1262 rebantur

151 1299 262 1364 pusse3
299 1299 365 1342 uon
401 1278 550 1357 militum,
584 1300 663 1364 quos
695 1299 871 1365 perpaucos
907 1278 1051 1356 habebat,
1066 1347 1069 1357 ,
1087 1280 1215 1366 fiducia,
1314 1349 1320 1354 ,

152 1385 248 1452 quam
266 1365 443 1450 juventutis
464 1363 634 1430 Thurinae.
650 1387 725 1430 eam
745 1387 787 1432 ex
807 1365 963 1431 industria
984 1367 1218 1434 centuriaverat
1297 1431 1300 1436 ,

151 1465 391 1538 armaveratque
405 1451 445 1516 ad
460 1450 537 1516 tales
555 1473 655 1516 casus.
699 1451 818 1518 Divisis
839 1452 940 1538 copiis
960 1453 1043 1520 inter
1061 1473 1105 1534 se,
1120 1453 1217 1520 duces

153 1535 246 1602 Poeni
265 1559 363 1624 quum
384 1559 496 1624 agrum
513 1537 695 1604 Thurinum
718 1538 852 1622 ingressi
873 1555 986 1617 essent,
1004 1539 1127 1610 Hanno
1141 1563 1215 1607 cum

151 1623 297 1708 peditum
312 1623 439 1712 agmine
454 1622 572 1690 infestis
586 1623 683 1708 signis
700 1624 747 1689 ire
760 1625 802 1690 ad
824 1627 934 1690 urbem
955 1627 1071 1726 pergit.
1115 1628 1216 1715 Mago

151 1731 226 1776 cum
248 1710 400 1797 equitatu,
416 1723 515 1778 tectus
538 1709 681 1790 collibus,
696 1710 773 1777 ⁸⁷ud
793 1712 944 1800 tegendas
965 1713 1096 1779 insidias
1114 1713 1216 1800 obpo-

151 1796 229 1876 sitis,
252 1795 402 1864 subsistit.
447 1797 587 1874 Atinius,
610 1798 752 1882 peditum
778 1809 899 1864 tantum
924 1801 1053 1887 agmine
1076 1823 1135 1886 per
1160 1823 1215 1872 ex·

150 1881 327 1986 ploratores
352 1894 526 1969 comperto,
548 1884 581 1948 in
608 1885 705 1949 aciem
731 1885 839 1970 copias
863 1886 979 1966 educit,
1004 1885 1071 1954 ⁸.⁸et
1094 1885 1215 1952 fraudis

151 1969 327 2046 intestina,
338 1979 369 2034 et
382 1968 522 2050 hostium
535 1969 720 2036 insidiarum
734 1972 875 2072 ignarus.
900 1972 1051 2038 Pedestre
1064 1973 1215 2058 proelium

150 2053 211 2124 fuit
229 2077 392 2144 persegne,
408 2057 516 2143 paucis
537 2058 569 2122 in
591 2057 695 2143 prima
716 2081 783 2124 acre
804 2057 1022 2145 pugnantibus
1039 2059 1214 2137 Romanis3

149 2141 306 2209 Thurinis
331 2143 585 2228 exspectantibus
610 2143 723 2231 magis,
747 2165 842 2231 quarn
865 2143 1097 2230 adjuvantibus,
1120 2168 1215 2216 ereu-

147 2241 235 2295 tum:
259 2244 291 2296 et
307 2227 621 2317 Karthaginiensium
636 2232 718 2296 acies
732 2229 773 2296 de
791 2229 947 2296 industria
968 2231 1082 2316 pedem
1098 2230 1214 2299 refere-
1279 2251 1282 2258 ’

148 2315 215 2394 but,
231 2328 269 2382 ut
286 2316 326 2381 ad
349 2328 437 2405 terga
458 2315 548 2382 collis
562 2317 602 2381 ab
623 2318 728 2404 equits
749 2313 807 2382 suo
828 2318 939 2382 insessi
959 2317 1081 2384 hostem
1105 2319 1214 2386 incau-

147 2415 217 2468 tum
231 2401 440 2489 pertraheret.
484 2402 562 2480 Quo
580 2401 636 2469 ubi
651 2420 780 2468 ventum
795 2417 854 2482 est,
868 2404 972 2470 coorti
986 2425 1059 2470 cum
1074 2403 1214 2471 clamore

146 2489 281 2576 equites,
295 2490 467 2575 ⁸⁹propere
485 2489 680 2555 inconditam
696 2489 917 2556 Thurinorum
940 2490 1077 2570 turbam,
1090 2513 1150 2557 nec
1163 2515 1213 2559 sa·

16 2643 17 2652 ,
127 2635 130 2640 ,
146 2577 187 2642 tis
202 2575 268 2647 fido
282 2576 401 2652 animo,
417 2575 502 2642 unde
522 2576 695 2664 pugnabat,
709 2588 857 2654 stantem,
872 2577 1033 2662 extemplo
1047 2578 1082 2646 in
1103 2577 1213 2666 fugam

145 2675 338 2728 averterunt.
385 2664 534 2741 Romani,
551 2685 743 2750 quamquam
760 2664 991 2729 circumventos
1011 2664 1087 2730 hinc
1104 2667 1211 2750 pedes,

146 2747 223 2814 hinc
248 2771 343 2836 eques
368 2747 535 2836 urguebat,
557 2762 662 2816 tamen
687 2749 881 2838 aliquamdiu
906 2773 1050 2840 pugnam
1076 2764 1213 2818 traxere.

145 2847 309 2922 postremo
324 2835 431 2921 stipsi
445 2847 535 2924 terga
548 2847 685 2914 vertum,
702 2848 794 2924 atque
808 2836 849 2902 ab
863 2838 975 2902 urbem
990 2838 1129 2926 fugiunt.
1160 2839 1211 2904 Ibi

145 2922 327 3008 proditores
342 2920 536 3010 conglobati,
552 2944 650 3008 quum
674 2924 879 3009 popularium
894 2946 1010 3012 agmen
1032 2925 1214 3010 patentibus

145 3008 248 3094 portis
262 3008 466 3158 accepissent,
482 3009 537 3074 uhi
554 3009 718 3074 Romanos
731 3009 818 3075 fusos
840 3011 879 3074 ad
902 3011 1014 3076 urbem
1035 3009 1111 3076 ferri
1126 3011 1213 3078 vidc-
1424 3096 1429 3102 υ

144 3105 232 3174 runt,
253 3116 333 3161 conc
346 3107 464 3172 amant,
488 3098 606 3161 instare
624 3099 764 3174 Panum,
785 3097 812 3138 ⁹⁰
813 3099 1043 3184 permixtosque
1063 3108 1094 3164 et
1116 3099 1214 3166 hostes
1315 3129 1318 3134 ¹

144 3183 247 3248 urbem
270 3184 438 3262 iuuencos,
454 3185 490 3248 ni
508 3203 644 3267 propere
661 3194 775 3268 portas
795 3185 952 3250 claudant.
998 3184 1050 3250 lta
1068 3183 1214 3251 exclusos

175 3446 208 3495 86
223 3445 333 3494 Indidem
350 3459 380 3494 rs
396 3443 499 3524 Arhoiq]
521 3447 561 3494 Ex
576 3447 662 3494 eadem
695 3446 847 3511 testdterum]
876 3445 988 3494 smerde
1009 3459 1067 3506 cum
1089 3446 1213 3493 Gronovio

142 3523 251 3624 affigi·
265 3524 351 3622 Ἤρ
367 3525 397 3622 dd
411 3509 662 3622 AndddddVlddddnbb
693 3511 1018 3638 hodllulllbpetneonditcm]
1042 3573 1100 3622 Non
1111 3575 1213 3622 omnino
1303 3582 1308 3590 '

141 3654 186 3702 pro
202 3637 305 3686 tadtdrm
322 3640 412 3686 hebent
429 3639 519 3698 ttidrnn
531 3641 596 3701 quod
612 3640 661 3687 for·
693 3641 843 3690 inconditam
861 3641 969 3702 quidem,
985 3640 1075 3701 quippe
1090 3640 1212 3688 centuria·

140 3712 206 3752 rane
221 3709 294 3751 erunt
309 3705 353 3764 qui
371 3704 467 3751 malint.
502 3704 615 3752 Ceterum
630 3707 661 3752 de
692 3713 744 3754 tam
768 3713 947 3782 armapamquc,
968 3712 996 3753 ut
1021 3717 1095 3765 supra
1116 3705 1212 3754 dictum

139 3769 284 3830 cognatione
305 3767 369 3816 inter
390 3767 512 3816 Thurinos
536 3775 561 3818 et
583 3769 661 3816 Meta·
692 3777 739 3829 est,
757 3772 788 3818 ab
808 3770 964 3828 Atiniqseu
985 3783 1073 3830 perum
1093 3770 1212 3816 exercita-

139 3833 256 3894 pontiuns
278 3833 327 3880 vid.
352 3831 506 3892 Strabonem,
527 3834 543 3879 l.
567 3831 615 3882 v1.
635 3847 659 3895 p·
693 3840 753 3893 tum,
774 3847 860 3894 penam
889 3835 1050 3883 assuefactam
1076 3832 1212 3895 discipline

138 3895 195 3948 264·
228 3896 300 3952 Quod
313 3898 346 3944 ad
360 3896 507 3944 Tarentinus
520 3898 617 3956 attinet,
629 3911 661 3945 ex
692 3899 799 3946 militari.
832 3896 893 3960 Legi
914 3895 1035 3960 jussimus
1057 3912 1142 3961 propr,
1162 3913 1212 3946 non

137 3963 224 4010 codem
242 3962 366 4010 Strabonis
385 3961 438 4008 loco
457 3969 557 4023 apparet
571 3961 660 4010 Thuri·
686 3977 794 4025 propere,
815 3975 846 4008 ex
865 3964 960 4010 duobus
980 3965 1086 4025 seriptis,
1105 3965 1164 4025 quie
1186 3959 1213 4012 si
1283 4009 1287 4020 χ
1359 4013 1364 4020 ,

138 4028 177 4074 uia
198 4025 314 4088 adversus
339 4040 381 4072 eoa
403 4025 552 4074 simultatem
578 4028 660 4088 potius
686 4041 785 4088 propere
803 4026 903 4073 omuino
926 4027 965 4074 hic
986 4041 1164 4088 supemaeuum
1186 4033 1212 4076 et

136 4105 211 4154 quam
223 4091 393 4152 cognationem
404 4089 488 4139 fuisse.
529 4122 533 4130 .
691 4092 795 4140 otiosum
815 4096 877 4149 crat,
895 4105 972 4152 quum
992 4099 1108 4154 requam
1122 4096 1211 4140 catera·

170 4155 203 4204 st
219 4154 260 4202 Ad
285 4153 391 4216 tegendos
417 4153 513 4202 tartdtor
536 4155 657 4220 oppositis]
686 4156 734 4218 pto

137 4211 200 4267 'len
225 4217 303 4271 Faber
327 4219 389 4280 legit
414 4220 533 4280 uppcstts's,
560 4219 586 4268 id
610 4226 656 4277 est,
723 4219 988 4281 arvernensem
1003 4217 1089 4285 hortu]
1105 4221 1211 4270 Pamis-

134 4285 206 4345 aptiu.
690 4291 774 4348 tesqua
785 4298 843 4332 cum
853 4284 970 4332 Romanis
980 4287 1055 4334 etiam
1066 4287 1156 4337 hostes.

168 4347 201 4395 88
212 4347 253 4396 Et
263 4345 364 4409 fraudis
374 4349 506 4406 intestino,
517 4355 540 4396 et
555 4349 657 4400 hostiurn
