3140 4972
489 164 587 226 ιη.
606 164 704 226 xxv.
730 162 838 226 car.
854 163 959 224 xxu.
1198 141 1257 236 ua

184 326 1398 501 mntqpnegfflmmpmmg,33m

182 502 284 568 uietra
305 502 402 568 daia
418 505 525 586 primo
546 503 721 582 intruere,
744 517 776 568 et
794 504 827 568 in
850 501 1083 591 Iong'tudineru
1105 517 1253 586 porrecta

182 587 277 660 wlffi-
299 587 511 656 clementinas
528 591 673 668 tribunis,
688 593 770 655 nihil
785 593 937 655 introrsus
955 589 1075 653 rotare
1088 611 1127 652 uc
1139 591 1251 655 nitriam

181 697 254 751 esse,
270 685 315 753 et,
328 697 511 761 munerante
524 680 659 761 inpetum
668 679 800 764 ficiem
812 679 937 752 tostin,
954 686 1178 759 perrnpntrcre
1200 677 1251 740 tti-

167 759 258 839 ⁴bil⁰,
275 762 362 848 quod
383 761 520 828 aulumre
540 775 630 841 esset,
646 786 711 830 nco
734 763 831 842 quo
851 764 890 828 ad
913 764 1067 839 animum,
1083 761 1138 826 aed
1153 783 1195 827 ne
1208 763 1249 830 nd
1325 809 1329 818 ·

170 866 276 916 aurea
300 848 428 934 quidem
453 850 677 918 admittebant.
721 849 765 915 Et
795 848 973 925 Hannibal,
998 848 1252 936 haudquaquam

182 934 297 1000 similis
310 936 386 1013 dux,
403 957 506 1023 neqne
519 936 613 1002 simili
635 938 906 1022 exercitamque
928 935 975 999 ita
995 936 1152 1000 nntnacto
1171 936 1248 1002 de·

150 1033 240 1088 '.ret.
263 1044 400 1110 ergone
413 1023 583 1090 clamorem
599 1024 728 1112 quidem
749 1036 845 1109 atque
867 1023 1010 1108 inpetum
1031 1021 1172 1106 primum
1193 1043 1248 1089 ec-

164 1129 254 1172 .rum
279 1109 417 1174 Romani
438 1110 627 1178 sustinuere.
670 1111 762 1188 Dux,
776 1109 909 1188 stultitia
923 1121 955 1174 et
968 1107 1148 1174 temeritate
1162 1111 1247 1176 (len-

166 1195 268 1260 .tenio
289 1218 359 1280 per,
375 1197 485 1260 animo
500 1219 703 1285 nequaquam
728 1195 971 1282 comparandus,
988 1195 1044 1260 abi
1065 1217 1132 1260 rem
1154 1196 1247 1261 incli-

177 1295 287 1346 natam
303 1303 343 1346 ac
354 1283 548 1368 trepidantes
570 1307 643 1350 suos
666 1283 755 1364 vidit,
770 1307 853 1370 equo
875 1283 1010 1368 adrepto
1030 1303 1104 1364 cunr
1126 1282 1246 1349 ducen-

164 1369 224 1432 tis
244 1367 342 1434 ferme
355 1369 514 1455 equitibus
532 1371 659 1458 effugit:
683 1384 788 1436 cetera
809 1393 828 1434 n
849 1369 954 1434 fronte
975 1368 1076 1453 pulsa,
1090 1369 1167 1433 ”ar
1180 1384 1245 1435 ter-

165 1477 222 1540 go
243 1467 339 1542 atque
360 1457 417 1522 alis
439 1458 652 1524 circumventa
674 1458 767 1534 acies,
783 1480 822 1520 eo
847 1477 948 1542 usqne
969 1469 1016 1520 est
1037 1476 1130 1537 cusa,
1144 1467 1182 1522 ut
1203 1477 1245 1522 ex

164 1541 398 1630 ,duodeuiginti
422 1544 564 1610 millibus
589 1544 764 1623 hominnm,
787 1543 855 1608 duo
876 1542 975 1608 millia
996 1541 1084 1608 baud
1108 1543 1244 1629 amplias
1289 1597 1292 1612 .

175 1629 345 1718 evaserint.
366 1630 475 1696 castris
490 1630 597 1696 hostes
610 1631 704 1716 potiti
719 1642 801 1694 sunt.

220 1714 341 1782 XXII.
366 1715 434 1782 Hae
450 1717 565 1794 clades,
575 1738 671 1802 snper
685 1716 778 1781 aliam
794 1715 867 1792 alia,
882 1714 1129 1802 Romamquum
1141 1731 1245 1784 osmnt

170 1803 349 1884 nunciata,
365 1804 478 1892 iugens
492 1804 621 1891 quidem
640 1816 671 1869 et
686 1803 789 1868 luctus
805 1815 836 1866 et
851 1824 950 1888 pavor
972 1802 1130 1870 ciuitatem
1147 1805 1242 1890 oepit.

163 1887 233 1954 ‚sed
249 1903 366 1968 tameo,
388 1893 463 1976 quia
478 1890 631 1966 consules,
647 1890 703 1956 nbi
717 1911 841 1954 summa
855 1911 963 1954 rerum
985 1901 1076 1966 esset,
1089 1889 1129 1953 ed
1145 1890 1178 1955 id
1194 1891 1243 1956 lo·

163 1997 288 2042 curum
302 1977 328 2016 ²⁴
335 1999 489 2062 prospere
503 1999 568 2044 rem
584 1990 740 2063 gererent,
757 1979 861 2042 minus
875 1973 925 2038 bis
939 1975 1082 2040 cladibus
1100 1999 1243 2042 commo-

174 2062 340 2128 vebantur.
387 2063 526 2151 Legatos
547 2064 589 2130 ad
610 2066 756 2129 cormnles
780 2063 911 2127 mittunt
924 2062 964 2126 C.
982 2061 1170 2140 Laterium,
1187 2061 1241 2129 M.

174 2148 353 2231 Metilium,
367 2151 424 2237 qui
440 2151 637 2228 nunciarent,
654 2167 689 2215 ut
712 2149 859 2236 reliquias
881 2149 1019 2212 duorum
1041 2149 1241 2214 exercituum

164 2257 249 2302 cum
262 2259 340 2304 cura
363 2238 583 2324 conlegereutr
610 2237 786 2324 darentque
811 2257 953 2322 operam,
974 2256 1017 2299 ne
1040 2253 1099 2319 per
1121 2247 1242 2300 metum

172 2346 211 2390 ac
225 2323 480 2409 desperationem
501 2324 585 2390 boeti
604 2347 637 2388 se
658 2323 820 2400 dederent,
839 2321 887 2406 (id
901 2321 988 2408 qnod
1003 2333 1075 2405 post
1090 2321 1241 2386 Carmen-

170 2431 238 2476 sem
254 2411 421 2478 accidisset
439 2411 575 2492 cladem)
590 2422 622 2476 et
637 2422 674 2477 ut
686 2410 862 2475 desertores
877 2408 917 2472 de
930 2408 1073 2473 exercitu
1089 2408 1241 2474 volonum

171 2499 410 2585 conquirerent.
454 2499 546 2564 Idem
569 2497 689 2582 negotii
710 2497 747 2561 P.
765 2495 918 2561 Cornelio
935 2493 1055 2572 datum,
1072 2495 1124 2560 cui
1139 2507 1171 2560 et
1184 2497 1241 2560 de-

170 2583 273 2652 lectus
288 2587 457 2652 mandatus
470 2595 554 2652 erut:
578 2585 669 2736 isque
682 2605 740 2669 per
753 2581 822 2647 iura
837 2580 1112 2669 conciliabulaque
1125 2581 1240 2662 edixit,

169 2683 209 2736 ut
230 2673 420 2760 conquisitio
433 2672 586 2738 volonum
628 2685 705 2748 eret,
720 2670 806 2756 iique
827 2669 867 2734 ad
889 2669 981 2756 signa
1000 2668 1241 2738 reducerentur.

169 2757 260 2824 Hoec
281 2761 390 2826 omnia
412 2759 623 2824 intentissima
643 2779 721 2823 cura
743 2769 824 2821 acta.
868 2759 932 2841 Ap.
948 2755 1103 2820 Claudius
1118 2757 1239 2835 consul,

170 2844 216 2909 D.
232 2845 333 2910 Junio
357 2847 398 2910 ad
426 2845 543 2910 ostium
566 2843 729 2924 Vulturni,
753 2841 801 2907 M.
819 2842 954 2907 Aurelio
977 2843 1072 2908 Cotta
1096 2841 1240 2912 Puteo&

168 2933 353 3016 preposito,
370 2933 438 3018 qui,
454 2945 489 2998 ut
503 2954 639 3019 quaeque
653 2951 748 2996 naves
762 2951 804 2993 ex
821 2929 953 2994 Etruria
967 2951 1004 2994 ac
1021 2928 1172 2994 Sardinia
1186 2951 1239 2995 ac·

168 3017 345 3097 molescat,
375 3019 538 3104 extemplo
561 3019 594 3082 in
619 3031 723 3082 castra
746 3016 909 3080 mitterent
935 3015 1149 3092 frumentum
1172 3017 1239 3102 ipse

168 3104 212 3170 ad
228 3105 373 3190 Capuam
395 3127 566 3193 regressus,
581 3106 622 3174 Q.
640 3103 788 3168 Fulvium
808 3101 962 3189 collegam
976 3103 1098 3168 invenit
1112 3103 1137 3144 ²⁵
1149 3103 1239 3168 Casi-

167 3191 258 3271 liuil,
275 3193 382 3260 omitia
399 3193 494 3258 inder
506 3199 703 3278 portantem·
718 3187 964 3276 molientemque
983 3189 1023 3254 ad
1046 3190 1237 3278 obpugnan-

161 3333 166 3340 ’
201 3343 329 3408 ”ficissent
340 3347 413 3394 docter
425 3345 500 3393 Gron.
512 3345 582 3393 Crev.
754 3342 813 3388 ⁰nll
820 3313 889 3390 Eaed.
1051 3342 1148 3389 radet.
1161 3343 1236 3390 Grau.

166 3413 180 3453 t
193 3411 298 3460 Coreilao
309 3412 384 3460 Gran.
396 3413 465 3459 θην.
597 3406 669 3455 'inde
679 3408 726 3456 del.
739 3407 807 3454 Eord-
939 3407 949 3437 ⁸
961 3405 1123 3467 importaturam
1134 3405 1203 3454 Eted.

200 3567 233 3618 22
249 3567 354 3616 Sinistra
370 3568 421 3630 alu]
449 3565 549 3614 SocialIa
565 3564 686 3612 exereitus
717 3563 742 3608 in
752 3567 824 3624 tergo.

165 3649 182 3682 a
201 3633 322 3684 nomenis
340 3635 494 3682 dividebatur
516 3633 542 3680 in
564 3632 613 3678 dun
634 3643 687 3678 eor·
751 3627 784 3676 tt
799 3628 914 3686 Prtrprrr
940 3637 990 3671 rem
1012 3621 1136 3698 munet]
1168 3621 1235 3672 Olim

165 3713 242 3762 pora:
270 3700 375 3746 alterum
395 3699 549 3759 appellabant
569 3695 687 3742 murana
713 3704 824 3754 perpere
841 3693 957 3752 gererent.
999 3689 1136 3736 Gronovius
1156 3701 1236 3752 qnam

164 3766 237 3821 anm,
256 3765 362 3812 alterum
382 3763 511 3811 riatrtrum.
551 3761 639 3819 ltaque
658 3758 684 3804 id
715 3758 830 3816 reperiret
847 3755 873 3802 ia
889 3751 1118 3802 emonensem
1134 3755 1235 3814 optimu

72 3849 83 3862 ·
164 3832 216 3878 iere
232 3828 369 3878 anatum
386 3828 468 3874 sodali
484 3825 601 3882 exercitu,
618 3823 684 3883 quod
711 3834 844 3882 praepetem
851 3823 968 3879 gererent,
981 3817 1149 3878 lecitqunod
1159 3819 1235 3870 hahes

165 3897 230 3958 legio
246 3895 272 3942 in
284 3894 403 3942 Romano.
439 3892 505 3938 Hinc
522 3890 603 3952 prima
621 3887 685 3948 legin
715 3887 742 3932 in
753 3891 878 3932 contextu.

164 3967 191 4008 et
211 3960 311 4008 :tantm
328 3959 367 4006 ala
394 3958 515 4006 hocloco
535 3952 683 4017 junguntur.
750 3951 782 3998 25
811 3949 916 3996 Casilino
945 3949 1023 3994 manta
1057 3947 1234 4012 importunum]

136 4038 140 4044 ’
164 4033 284 4088 tanquam
303 4037 403 4085 corpore
418 4018 527 4084 ejusdem
544 4017 687 4081 gemrisat·
717 4015 802 4068 Quum
814 4014 885 4062 Mss.
897 4013 1093 4060 habeantornnt'n
1111 4013 1164 4062 tede
1176 4026 1235 4074 porr·

163 4105 212 4152 qm
227 4089 328 4141 ardinio.
361 4089 425 4137 (lere
443 4087 518 4148 igitur
534 4086 575 4132 bic
591 4081 684 4144 equites
715 4083 813 4134 tanum,
834 4079 875 4126 vix
898 4078 995 4128 videtur
1019 4078 1125 4130 dubitari
1152 4089 1233 4140 qma,
1307 4095 1314 4114 κ

163 4157 295 4216 intelllgaa.
329 4153 407 4202 Fuere
424 4152 519 4212 pedites
538 4147 605 4198 eccll.
625 4146 683 4194 Vld.
716 4143 925 4206 quin-legendnm
947 4142 993 4190 altr
1014 4142 1127 4204 collegam
1145 4142 1235 4192 maeste

165 4217 514 4280 nantildettffitdtum.
527 4212 627 4262 utut.
716 4208 827 4265 Casilini,
845 4209 924 4256 omnia
946 4207 999 4254 inde
1015 4212 1158 4268 portantem.
1199 4205 1233 4254 tlt

195 4285 268 4334 ΒΜ
284 4290 349 4346 terga
357 4288 425 4344 atque
436 4280 493 4342 alb]
509 4277 563 4326 Ain
573 4277 682 4325 bicmnt
715 4275 748 4320 sic
756 4274 829 4334 plane
838 4273 932 4326 Victum
942 4271 1026 4322 corita.
1161 4290 1163 4294 ¹

163 4352 239 4400 latera
257 4351 326 4400 aciei.
358 4349 474 4400 caeram
488 4344 572 4406 scrIpti
591 4342 683 4392 babent
807 4409 828 4464 4
