3064 4976
328 189 363 244 ra
717 149 830 236 ‘sim
858 175 994 238 u1v11
1045 203 1049 212 ·

167 365 196 411 u.
210 363 305 414 eman
328 347 405 432 quia
424 352 549 430 ⁴praeter
577 362 665 426 spem
696 341 884 420 resisterent,
914 343 1085 408 crevissent
1112 343 1228 420 animi3
1252 344 1387 423 Piraeus,

167 433 197 478 A.
209 431 236 478 ⁰·
249 429 306 480 ²¹3·
330 425 404 520 qiiia
427 452 492 494 non
515 428 647 506 vicisset,
663 450 723 514 pro
737 428 821 492 victo
836 442 934 506 esset3
945 477 947 484 ι
957 429 1126 496 clamorem
1142 445 1272 515 repente
1294 432 1388 516 oppi-

329 519 405 585 dani
419 517 545 592 toiiuut,
560 515 746 602 hostemque
767 517 800 578 in
823 517 930 580 ruinas
945 517 1031 580 muri
1044 515 1209 602 expellunt
1218 543 1227 596 ;
1250 517 1326 598 inde
1340 519 1390 582 iu-

329 604 472 692 peditum
495 599 765 688 trepidantemque
780 601 947 688 exturbant
957 626 966 680 3
989 622 1152 689 postremo
1170 605 1283 684 iusum,
1297 608 1391 693 iuga-

330 708 462 778 tumque
477 690 508 754 in
524 702 625 753 castra
636 687 794 774 redigunt.
841 689 970 754 Interim
987 689 1028 754 ab
1041 691 1146 756 Roma
1157 690 1277 779 legatos
1287 693 1392 756 venis·

172 772 295 850 Hannibal
332 803 365 844 se
389 775 570 842 nunciatum
597 788 655 840 est.
679 774 794 860 quibus
808 774 933 852 obviam
949 775 988 840 ad
1005 799 1091 843 mare
1105 777 1191 842 missi
1205 777 1246 842 ab
1263 777 1393 842 Hanni·

168 870 261 928 legatos
333 865 414 942 bale,
431 864 487 949 qui
501 861 651 940 dicerent,
666 884 725 925 uec
739 876 809 926 tuto
823 885 876 925 eos
890 861 1031 928 adituros
1049 863 1132 928 inter
1151 877 1199 928 tot
1221 877 1287 928 tarn
1311 849 1392 928 ⁴⁴iai·

170 933 304 1044 mitam
333 952 502 1018 feratarum
514 957 524 981 ²
538 947 680 1035 gentium
696 970 801 1012 arma:
824 970 883 1014 uec
899 948 1087 1031 Hannibali,
1103 950 1136 1014 in
1147 958 1160 984 ⁸
1177 963 1266 1029 tauto
1281 950 1392 1016 discri-

280 1029 286 1042 ’
335 1038 419 1104 mine
434 1059 550 1116 rerum,
562 1033 699 1121 i⁵operae
710 1057 776 1098 esse
785 1035 959 1121 legationes
970 1035 1089 1102 audire.
1117 1035 1314 1122 Adparebat,
1326 1060 1393 1110 non

333 1125 483 1190 admissos
498 1122 642 1208 protinus
667 1119 895 1210 Karthaginem
922 1120 1031 1187 ituros.
1051 1122 1161 1188 literas
1186 1124 1284 1210 igitur
1306 1145 1393 1188 nun·

334 1212 461 1298 ciosque
476 1209 518 1274 ad
532 1208 693 1293 principes
707 1205 851 1272 factionis
867 1207 1014 1273 Barcinae
1029 1210 1202 1292 praemittit,
1219 1222 1255 1274 ut
1269 1231 1394 1295 praepa-

335 1313 443 1362 rarent
467 1318 596 1361 suorum
621 1295 754 1371 animos,
770 1293 901 1381 nequid
925 1316 999 1380 pars
1025 1295 1124 1362 altera
1145 1296 1319 1384 gratificari
1333 1318 1395 1382 pro

338 1384 492 1450 Romanis
506 1394 618 1467 posset.
987 1444 990 1453 s
1390 1401 1393 1410 ’

175 1479 261 1540 Legati
383 1471 428 1534 X.
452 1471 572 1554 ltaque,
587 1480 801 1554 praeterquam
827 1467 912 1554 quod
938 1467 1064 1533 admissi
1084 1467 1244 1557 auditique
1259 1482 1342 1547 sunt,
1359 1493 1397 1536 ea

175 1547 248 1656 ἔξω]
261 1544 322 1590 ¹⁴³¹·
340 1579 467 1643 quoque
480 1579 562 1620 vana
575 1553 773 1642 atque'irrita
788 1554 903 1642 legatio
917 1552 986 1618 fuit.
1033 1555 1064 1620 H
1069 1579 1153 1621 anno
1172 1580 1252 1622 unus
1263 1557 1397 1622 adverso

177 1622 303 1720 affinem
338 1658 448 1708 senatu
471 1664 614 1707 caussam
638 1639 779 1720 foederis,
801 1663 918 1728 magno
942 1641 1066 1730 silentio
1079 1656 1210 1728 propter
1227 1644 1398 1710 auctorita·

178 1737 306 1785 nannents
338 1744 403 1795 tem
427 1753 528 1806 suam,
552 1728 650 1792 46non
677 1725 845 1792 adsensum
870 1728 1075 1803 audientium,
1099 1731 1173 1817 egit.
1217 1733 1281 1794 Per
1301 1731 1396 1808 Deos,

176 1801 306 1914 ffigiffi
330 1805 483 1905 foederum
498 1815 624 1880 arbitros
638 1836 675 1878 ac
691 1824 789 1890 testes,
805 1814 960 1891 monuisse,
975 1817 1151 1897 praedicasse
1160 1839 1203 1894 se,
1218 1839 1256 1880 ne
1271 1816 1399 1882 Hemit-

177 1933 233 1978 teni
340 1904 418 1968 coris
438 1902 612 1988 progeniem
627 1903 677 1978 ¹od
700 1901 860 1964 exercitum
877 1901 1034 1966 mitterent.
1057 1925 1115 1966 non
1129 1925 1242 1980 mones,
1258 1926 1316 1967 nou
1329 1905 1399 1968 stir-

337 2012 408 2074 pem
423 1986 486 2073 ςιίιε
501 1987 698 2072 conquiescere
711 1987 770 2052 uiri
778 2011 789 2048 .·
804 2008 856 2050 nee
867 2009 1022 2072 umquem,
1034 1991 1126 2052 donec
1136 1991 1295 2076 sanguinis
1305 1990 1400 2054 nouri-

340 2078 442 2162 nisque
465 2075 594 2139 Barcini
618 2073 775 2159 quisquam
797 2075 932 2155 supersit,
953 2075 1089 2159 quietura
1112 2077 1254 2158 Βοιιιαιια
1267 2073 1399 2158 fudero.

340 2165 489 2228 lunarem
502 2162 694 2246 flagrantem
709 2159 846 2244 cupidine
858 2159 955 2245 regni,
971 2161 1112 2247 uiamque
1125 2184 1217 2226 unam
1231 2164 1274 2226 ad
1288 2162 1322 2226 id
1336 2185 1400 2226 eer-

341 2259 471 2325 nentem,
483 2248 510 2312 si
522 2271 561 2312 ea
573 2245 658 2310 bellis
669 2246 748 2309 betia
759 2247 884 2310 serendo
893 2247 1060 2311 subcinctus
1071 2248 1164 2312 ermis
1179 2249 1403 2333 legionibusque

341 2338 437 2413 vivat,
452 2334 530 2400 uelut
545 2333 701 2398 materiam
715 2332 782 2416 igni
791 2334 965 2418 praebmtee,
979 2335 1020 2397 ed
1031 2335 1174 2401 sancitus
1185 2334 1319 2398 nrisistis.
1335 2337 1402 2400 oiu-

342 2423 407 2488 istis
431 2443 503 2506 ergo
523 2422 579 2484 boc
600 2419 776 2495 incendium,
793 2441 851 2502 quo
865 2439 942 2484 nune
955 2419 1079 2486 ardetis.
1124 2419 1292 2506 Saguntum
1313 2423 1405 2486 uestri

344 2505 551 2574 circumsident
565 2507 721 2581 concitus,
736 2507 814 2568 unde
835 2505 1121 2588 arcentursoederer
1143 2528 1212 2570 mear
1227 2507 1403 2590 Karthagi-

336 2601 411 2659 ‘nem
425 2593 669 2658 circunmdabant
683 2593 831 2657 Romane
843 2592 981 2678 legiones,
994 2593 1118 2656 ducibus
1129 2594 1235 2656 iisdem
1249 2593 1336 2676 Diis,
1349 2616 1405 2678 per

343 2701 420 2768 quos
430 2680 532 2763 priore
542 2678 616 2742 belia
627 2675 845 2760 ruptcfoedera
855 2689 923 2742 suut
934 2680 998 2743 ulti.
1036 2681 1141 2744 Utrum
1154 2680 1277 2759 bostem,
1289 2700 1330 2744 ou
1340 2701 1403 2757 uos,

346 2790 388 2832 on
394 2763 555 2849 fortunam
569 2764 723 2850 utriusque
734 2765 846 2846 popuii,
862 2765 1037 2851 ignoratis?
1062 2767 1210 2850 Legatos,
1227 2767 1266 2830 ab
1276 2767 1362 2832 sociis
1376 2777 1406 2830 et

342 2876 398 2937 pro
411 2853 497 2918 sociis
510 2852 668 2927 uenientes,
684 2852 775 2914 bonus
789 2852 951 2934 insperatos
962 2862 1056 2916 aester
1070 2852 1101 2914 in
1115 2861 1217 2918 costra
1231 2874 1291 2931 non
1306 2853 1405 2916 admi·

346 2942 393 3016 sit,
401 2938 459 3023 jus
471 2939 608 3023 gentium
621 2937 748 3000 sustulit.
773 2938 804 3000 bi
820 2947 929 3014 tamen,
946 2939 1025 3002 unde
1039 2960 1076 3001 ne
1090 2939 1216 3002 bostium
1230 2939 1350 3022 quidem
1366 2939 1407 3001 ie-

345 3027 417 3108 gati
439 3035 588 3101 cremetur,
612 3023 691 3105 puisi
716 3023 758 3086 od
779 3045 827 3087 eos
848 3025 981 3099 ueniunt,
996 3045 1044 3088 res
1058 3047 1097 3087 ea
1116 3022 1237 3105 saedere
1258 3034 1407 3105 repetunt.

347 3112 374 3198 ⁴,⁷
380 3112 502 3196 publica
517 3108 612 3192 fiam
626 3109 704 3174 obsit
713 3145 725 3184 ‚·
750 3119 901 3174 auctorem
915 3110 1007 3193 culpe
1026 3120 1055 3174 et
1077 3109 1102 3149 ⁴⁸
1113 3132 1197 3174 reum
1211 3111 1341 3175 criminis
1355 3111 1409 3174 de·

543 3287 557 3316 ³
573 3280 740 3346 effrenatarum
751 3282 827 3329 Gran.
840 3282 909 3331 Crem
1026 3286 1039 3314 ⁸
1054 3284 1080 3330 in
1090 3284 1138 3331 del.
1150 3283 1218 3330 Eaed.

900 3429 907 3438 .
1253 3413 1261 3434 b

350 3461 399 3494 uno
416 3461 429 3492 e
446 3449 515 3494 codd.
529 3447 698 3502 Gronovienis,
713 3461 762 3493 uno
780 3447 866 3494 itidem
899 3464 948 3497 non
975 3463 1032 3510 ergo
1058 3463 1120 3510 curre¹
1137 3462 1230 3496 armnsu
1262 3447 1414 3506 audientium,

349 3513 482 3559 enostris:
509 3527 554 3559 nec
576 3526 633 3559 saue
655 3513 697 3559 iiia
716 3525 774 3558 voce
796 3513 866 3573 quid·
897 3516 1020 3574 quomodo
1042 3515 1132 3561 habent
1153 3514 1216 3559 libri.
1250 3514 1280 3560 In
1306 3513 1337 3558 iis
1358 3525 1414 3572 qrree
1460 3515 1463 3526 '

307 3608 309 3612 -
350 3590 425 3638 quam
441 3577 607 3638 hicestopus.
899 3580 1008 3638 proxime
1024 3578 1292 3639 sequuntur,unusvel
1306 3577 1416 3636 optimus

382 3640 414 3687 44
437 3639 623 3704 Effrmetarnm]
656 3641 767 3702 Sigonius
791 3655 805 3686 e
828 3656 868 3688 ve·
900 3645 976 3690 codex
990 3643 1084 3690 auctior
1104 3650 1140 3690 est
1153 3643 1265 3702 vulgatis,
1278 3648 1302 3688 et
1320 3642 1355 3688 sic
1371 3642 1415 3688 ha·

350 3711 401 3752 tere
422 3707 483 3752 libro
505 3706 564 3766 legit
584 3705 738 3765 &natorum
777 3706 866 3768 Assen·
898 3709 948 3764 bet,
961 3709 1167 3766 testeGronovio:
1185 3707 1243 3766 egit,
1256 3719 1299 3766 per
1312 3703 1415 3768 deorse·

350 3771 411 3816 titur
432 3769 573 3816 Victorinus
595 3770 678 3816 codex.
711 3767 765 3815 Nec
784 3771 868 3830 displi-
899 3771 980 3818 derum
1000 3773 1099 3820 arbitror
1120 3787 1146 3818 oc
1167 3774 1233 3817 tester
1254 3770 1365 3816 mustene
1386 3783 1415 3826 ne

351 3841 398 3898 cet.
427 3835 465 3880 Sic
481 3835 549 3882 Ι.19.
561 3833 866 3894 efflrotormiiitioonimos.
899 3835 1032 3884 Rauranum
1053 3851 1105 3883 nrm
1126 3836 1258 3896 Sagaritino
1278 3835 1418 3882 musitassent

351 3900 473 3946 Gronovic
494 3913 590 3958 quoque
617 3899 746 3958 probabilis
772 3899 868 3946 videtur
899 3899 988 3947 bellum.
1016 3901 1146 3956 Morun’rre,
1163 3899 1300 3960 medicine
1318 3912 1348 3945 ee.
1382 3899 1417 3946 Et

351 3963 497 4010 emendatio.
900 3966 985 4012 eodem
1004 3967 1117 4012 alludunt
1133 3971 1237 4025 quatuor
1254 3963 1296 4010 alii
1313 3964 1418 4020 codices,

384 4027 416 4074 45
434 4027 516 4088 Ορειιε
525 4025 798 4089 mreJOperaepretium
806 4041 868 4084 esse,
900 4029 947 4090 ipsi
967 4029 1088 4076 Gronorio
1109 4043 1183 4087 unus,
1208 4043 1271 4076 unus
1299 4029 1418 4084 lisania,

353 4105 446 4139 vacare.
463 4091 522 4138 Vid.
533 4091 553 4136 1.
566 4091 604 4137 et
900 4096 949 4140 duo
960 4096 1029 4140 nobis
1040 4093 1151 4154 inspecti.

317 4154 321 4160 ’
385 4155 417 4202 46
434 4155 493 4201 Non
513 4170 629 4202 assensum
646 4153 803 4218 audientium]
830 4155 869 4202 Sic
934 4156 966 4205 47
983 4159 1081 4206 Publica
1100 4157 1175 4220 senus
1193 4157 1264 4221 abrit]
1291 4157 1420 4205 Concessio

353 4221 492 4275 emendavit
520 4219 645 4267 Rubenius
668 4236 699 4268 cx
721 4217 869 4282 conjectura,
902 4237 933 4270 ex
953 4236 1055 4282 persona
1073 4225 1256 4278 Romanorums
1273 4223 1342 4282 quasi
1357 4223 1423 4268 dice-

353 4289 479 4345 propter'ea
497 4285 562 4344 quod
581 4298 654 4346 supra
673 4286 762 4334 dicitur
781 4285 871 4332 Hanno
903 4295 940 4334 ret
962 4288 1068 4336 Hanno:
1086 4289 1182 4336 ioederis
1201 4289 1267 4348 rupti
1287 4293 1312 4336 et
1331 4301 1422 4334 noxam
1521 4267 1522 4294 ³

353 4349 447 4396 adrem
456 4353 538 4398 amatu
553 4364 651 4398 mirsam
668 4345 764 4400 radens
778 4351 870 4414 egisses
904 4358 929 4400 et
940 4366 1037 4413 poeaam
1048 4368 1096 4402 non
1114 4352 1237 4414 publicam
1253 4366 1305 4400 esse
1322 4352 1424 4400 Cartha·
