<?xml version="1.0" encoding="UTF-8"?>
<!DOCTYPE html PUBLIC "-//W3C//DTD XHTML 1.0 Transitional//EN"
    "http://www.w3.org/TR/xhtml1/DTD/xhtml1-transitional.dtd">
<html xmlns="http://www.w3.org/1999/xhtml" xml:lang="en" lang="en">
 <head>
  <title>
</title>
<meta http-equiv="Content-Type" content="text/html;charset=utf-8" />
  <meta name='ocr-system' content='tesseract 3.04.00' />
  <meta name='ocr-capabilities' content='ocr_page ocr_carea ocr_par ocr_line ocrx_word'/>
</head>
<body>
  <div class='ocr_page' id='page_1' title='image "./tliviipatavinih00crevgoog/tliviipatavinih00crevgoog_0548.png"; bbox 0 0 3060 4960; ppageno 0'>
   <div class='ocr_carea' id='block_1_1' title="bbox 399 158 1210 262">
    <p class='ocr_par' dir='ltr' id='par_1_1' title="bbox 399 158 1210 262">
     <span class='ocr_line' id='line_1_1' title="bbox 399 158 1210 262; baseline 0.002 -43"><span class='ocrx_word' id='word_1_1' title='bbox 399 160 492 220; x_wconf 89' lang='lat' dir='ltr'><strong>LIB.</strong></span> <span class='ocrx_word' id='word_1_2' title='bbox 513 158 631 262; x_wconf 78' lang='lat' dir='ltr'>XXIX.</span> <span class='ocrx_word' id='word_1_3' title='bbox 661 160 764 220; x_wconf 87' lang='lat' dir='ltr'><strong>CAP.</strong></span> <span class='ocrx_word' id='word_1_4' title='bbox 789 159 968 219; x_wconf 85' lang='lat' dir='ltr'>XXXVIII.</span> <span class='ocrx_word' id='word_1_5' title='bbox 1151 167 1210 222; x_wconf 70' lang='grc'><strong>641</strong></span> 
     </span>
    </p>
   </div>
   <div class='ocr_carea' id='block_1_2' title="bbox 78 311 1365 3527">
    <p class='ocr_par' dir='ltr' id='par_1_2' title="bbox 78 311 1365 3527">
     <span class='ocr_line' id='line_1_2' title="bbox 90 311 1363 410; baseline -0.001 -22"><span class='ocrx_word' id='word_1_6' title='bbox 90 404 93 409; x_wconf 22' lang='lat'>¹</span> <span class='ocrx_word' id='word_1_7' title='bbox 150 343 281 388; x_wconf 85' lang='lat' dir='ltr'><strong>nomen.</strong></span> <span class='ocrx_word' id='word_1_8' title='bbox 323 311 463 390; x_wconf 80' lang='lat' dir='ltr'><strong>Deinde·</strong></span> <span class='ocrx_word' id='word_1_9' title='bbox 472 322 522 390; x_wconf 92' lang='lat' dir='ltr'><strong>M.</strong></span> <span class='ocrx_word' id='word_1_10' title='bbox 546 324 658 390; x_wconf 87' lang='lat' dir='ltr'><strong>Livius</strong></span> <span class='ocrx_word' id='word_1_11' title='bbox 683 323 716 388; x_wconf 87' lang='lat' dir='ltr'><strong>in</strong></span> <span class='ocrx_word' id='word_1_12' title='bbox 740 323 888 388; x_wconf 75' lang='lat' dir='ltr'><strong>erarium</strong></span> <span class='ocrx_word' id='word_1_13' title='bbox 910 323 1006 403; x_wconf 83' lang='lat' dir='ltr'><strong>verrit,</strong></span> <span class='ocrx_word' id='word_1_14' title='bbox 1033 337 1076 403; x_wconf 88' lang='lat' dir='ltr'><strong>et,</strong></span> <span class='ocrx_word' id='word_1_15' title='bbox 1096 336 1254 410; x_wconf 69' lang='lat' dir='ltr'><strong>praeterv,</strong></span> <span class='ocrx_word' id='word_1_16' title='bbox 1267 351 1363 402; x_wconf 49' lang='lat' dir='ltr'><strong>0„st</strong></span> 
     </span>
     <span class='ocr_line' id='line_1_3' title="bbox 151 407 1365 498; baseline 0.002 -24"><span class='ocrx_word' id='word_1_17' title='bbox 151 407 305 476; x_wconf 77' lang='lat' dir='ltr'><strong>Maeciam</strong></span> <span class='ocrx_word' id='word_1_18' title='bbox 321 412 451 491; x_wconf 87' lang='lat' dir='ltr'><strong>tribum,</strong></span> <span class='ocrx_word' id='word_1_19' title='bbox 463 433 535 498; x_wconf 81' lang='lat' dir='ltr'><strong>quae</strong></span> <span class='ocrx_word' id='word_1_20' title='bbox 549 434 584 476; x_wconf 87' lang='lat' dir='ltr'><strong>se</strong></span> <span class='ocrx_word' id='word_1_21' title='bbox 604 433 664 476; x_wconf 90' lang='lat' dir='ltr'><strong>uec</strong></span> <span class='ocrx_word' id='word_1_22' title='bbox 682 411 931 488; x_wconf 79' lang='lat' dir='ltr'><strong>condemnasset,</strong></span> <span class='ocrx_word' id='word_1_23' title='bbox 947 433 967 474; x_wconf 92' lang='lat' dir='ltr'><strong>n</strong></span> <span class='ocrx_word' id='word_1_24' title='bbox 1011 433 1050 476; x_wconf 90' lang='lat' dir='ltr'><strong>ne</strong></span> <span class='ocrx_word' id='word_1_25' title='bbox 1064 411 1256 485; x_wconf 80' lang='lat' dir='ltr'><strong>condem-A·</strong></span> <span class='ocrx_word' id='word_1_26' title='bbox 1267 419 1296 468; x_wconf 51' lang='lat' dir='ltr'><strong>Ca</strong></span> <span class='ocrx_word' id='word_1_27' title='bbox 1307 425 1365 468; x_wconf 71' lang='lat'><strong>³⁰⁴·</strong></span> 
     </span>
     <span class='ocr_line' id='line_1_4' title="bbox 150 496 1215 583; baseline 0.001 -21"><span class='ocrx_word' id='word_1_28' title='bbox 150 507 263 562; x_wconf 91' lang='lat' dir='ltr'><strong>natum</strong></span> <span class='ocrx_word' id='word_1_29' title='bbox 280 510 334 564; x_wconf 91' lang='lat' dir='ltr'><strong>aut</strong></span> <span class='ocrx_word' id='word_1_30' title='bbox 347 498 509 564; x_wconf 89' lang='lat' dir='ltr'><strong>consulem</strong></span> <span class='ocrx_word' id='word_1_31' title='bbox 523 510 579 563; x_wconf 88' lang='lat' dir='ltr'><strong>aut</strong></span> <span class='ocrx_word' id='word_1_32' title='bbox 592 519 754 563; x_wconf 83' lang='lat' dir='ltr'><strong>censorem</strong></span> <span class='ocrx_word' id='word_1_33' title='bbox 770 496 901 575; x_wconf 82' lang='lat' dir='ltr'><strong>fecisset,</strong></span> <span class='ocrx_word' id='word_1_34' title='bbox 917 518 1005 583; x_wconf 90' lang='lat' dir='ltr'><strong>popu</strong></span> <span class='ocrx_word' id='word_1_35' title='bbox 1018 519 1071 562; x_wconf 92' lang='lat' dir='ltr'><strong>um</strong></span> <span class='ocrx_word' id='word_1_36' title='bbox 1094 498 1215 564; x_wconf 85' lang='lat' dir='ltr'><strong>Roma-</strong></span> 
     </span>
     <span class='ocr_line' id='line_1_5' title="bbox 150 582 1213 671; baseline 0.004 -25"><span class='ocrx_word' id='word_1_37' title='bbox 150 603 240 647; x_wconf 87' lang='lat' dir='ltr'><strong>num·</strong></span> <span class='ocrx_word' id='word_1_38' title='bbox 254 604 392 663; x_wconf 87' lang='lat' dir='ltr'><strong>omnem,</strong></span> <span class='ocrx_word' id='word_1_39' title='bbox 416 597 553 671; x_wconf 87' lang='lat' dir='ltr'><strong>quatuor</strong></span> <span class='ocrx_word' id='word_1_40' title='bbox 575 597 607 650; x_wconf 88' lang='lat' dir='ltr'><strong>et</strong></span> <span class='ocrx_word' id='word_1_41' title='bbox 629 585 670 650; x_wconf 93' lang='lat' dir='ltr'><strong>tri</strong></span> <span class='ocrx_word' id='word_1_42' title='bbox 695 585 761 648; x_wconf 88' lang='lat' dir='ltr'><strong>inta</strong></span> <span class='ocrx_word' id='word_1_43' title='bbox 782 582 895 661; x_wconf 85' lang='lat' dir='ltr'><strong>tribus,</strong></span> <span class='ocrx_word' id='word_1_44' title='bbox 915 584 1044 652; x_wconf 86' lang='lat' dir='ltr'><strong>aercrics</strong></span> <span class='ocrx_word' id='word_1_45' title='bbox 1067 583 1213 671; x_wconf 83' lang='lat' dir='ltr'><strong>reliquit:</strong></span> 
     </span>
     <span class='ocr_line' id='line_1_6' title="bbox 150 607 1214 755; baseline 0.002 -21"><span class='ocrx_word' id='word_1_46' title='bbox 150 668 239 755; x_wconf 91' lang='lat' dir='ltr'><strong>quod</strong></span> <span class='ocrx_word' id='word_1_47' title='bbox 262 683 295 737; x_wconf 89' lang='lat' dir='ltr'><strong>et</strong></span> <span class='ocrx_word' id='word_1_48' title='bbox 322 671 522 736; x_wconf 85' lang='lat' dir='ltr'><strong>innocentem</strong></span> <span class='ocrx_word' id='word_1_49' title='bbox 550 695 584 736; x_wconf 90' lang='lat' dir='ltr'><strong>se</strong></span> <span class='ocrx_word' id='word_1_50' title='bbox 608 607 883 748; x_wconf 61' lang='lat' dir='ltr'><strong>condemnassent,</strong></span> <span class='ocrx_word' id='word_1_51' title='bbox 910 682 943 734; x_wconf 89' lang='lat' dir='ltr'><strong>et</strong></span> <span class='ocrx_word' id='word_1_52' title='bbox 967 670 1214 738; x_wconf 89' lang='lat' dir='ltr'><strong>condemnatum</strong></span> 
     </span>
     <span class='ocr_line' id='line_1_7' title="bbox 150 754 1215 844; baseline 0.002 -24"><span class='ocrx_word' id='word_1_53' title='bbox 150 757 314 824; x_wconf 91' lang='lat' dir='ltr'><strong>consulem</strong></span> <span class='ocrx_word' id='word_1_54' title='bbox 329 773 360 824; x_wconf 88' lang='lat' dir='ltr'><strong>et</strong></span> <span class='ocrx_word' id='word_1_55' title='bbox 375 757 716 839; x_wconf 18' lang='lat' dir='ltr'><strong>censoremyfecissent:</strong></span> <span class='ocrx_word' id='word_1_56' title='bbox 740 779 841 844; x_wconf 87' lang='lat' dir='ltr'><strong>neque</strong></span> <span class='ocrx_word' id='word_1_57' title='bbox 855 754 990 822; x_wconf 89' lang='lat' dir='ltr'><strong>inficiari</strong></span> <span class='ocrx_word' id='word_1_58' title='bbox 1004 772 1144 843; x_wconf 77' lang='lat' dir='ltr'><strong>possent,</strong></span> <span class='ocrx_word' id='word_1_59' title='bbox 1159 771 1215 822; x_wconf 88' lang='lat' dir='ltr'><strong>aut</strong></span> 
     </span>
     <span class='ocr_line' id='line_1_8' title="bbox 144 841 1215 928; baseline 0.002 -22"><span class='ocrx_word' id='word_1_60' title='bbox 144 841 270 928; x_wconf 87' lang='lat' dir='ltr'><strong>judicio</strong></span> <span class='ocrx_word' id='word_1_61' title='bbox 284 843 390 923; x_wconf 87' lang='lat' dir='ltr'><strong>semel,</strong></span> <span class='ocrx_word' id='word_1_62' title='bbox 407 859 462 910; x_wconf 88' lang='lat' dir='ltr'><strong>aut</strong></span> <span class='ocrx_word' id='word_1_63' title='bbox 477 845 611 914; x_wconf 85' lang='lat' dir='ltr'><strong>comitiis</strong></span> <span class='ocrx_word' id='word_1_64' title='bbox 631 845 679 908; x_wconf 91' lang='lat' dir='ltr'><strong>bis</strong></span> <span class='ocrx_word' id='word_1_65' title='bbox 698 844 738 908; x_wconf 88' lang='lat' dir='ltr'><strong>ab</strong></span> <span class='ocrx_word' id='word_1_66' title='bbox 759 867 792 908; x_wconf 89' lang='lat' dir='ltr'><strong>se</strong></span> <span class='ocrx_word' id='word_1_67' title='bbox 814 856 979 928; x_wconf 84' lang='lat' dir='ltr'><strong>peccatum</strong></span> <span class='ocrx_word' id='word_1_68' title='bbox 1000 866 1080 908; x_wconf 89' lang='lat' dir='ltr'><strong>esse.</strong></span> <span class='ocrx_word' id='word_1_69' title='bbox 1124 844 1215 910; x_wconf 85' lang='lat' dir='ltr'><strong>Inter</strong></span> 
     </span>
     <span class='ocr_line' id='line_1_9' title="bbox 150 928 1213 1031; baseline 0.003 -38"><span class='ocrx_word' id='word_1_70' title='bbox 150 943 290 1030; x_wconf 77' lang='lat' dir='ltr'><strong>quatuor</strong></span> <span class='ocrx_word' id='word_1_71' title='bbox 300 944 332 996; x_wconf 88' lang='lat' dir='ltr'><strong>et</strong></span> <span class='ocrx_word' id='word_1_72' title='bbox 343 931 472 1017; x_wconf 85' lang='lat' dir='ltr'><strong>triginta</strong></span> <span class='ocrx_word' id='word_1_73' title='bbox 484 931 584 997; x_wconf 85' lang='lat' dir='ltr'><strong>tribus</strong></span> <span class='ocrx_word' id='word_1_74' title='bbox 597 945 629 996; x_wconf 93' lang='lat' dir='ltr'><strong>et</strong></span> <span class='ocrx_word' id='word_1_75' title='bbox 641 933 680 996; x_wconf 94' lang='lat' dir='ltr'><strong>C.</strong></span> <span class='ocrx_word' id='word_1_76' title='bbox 695 929 866 994; x_wconf 91' lang='lat' dir='ltr'><strong>Claudium</strong></span> <span class='ocrx_word' id='word_1_77' title='bbox 878 931 1026 994; x_wconf 86' lang='lat' dir='ltr'><strong>aerarium</strong></span> <span class='ocrx_word' id='word_1_78' title='bbox 1037 928 1115 995; x_wconf 82' lang='lat' dir='ltr'><strong>fore.</strong></span> <span class='ocrx_word' id='word_1_79' title='bbox 1127 932 1213 1031; x_wconf 83' lang='lat' dir='ltr'><strong>quod</strong></span> 
     </span>
     <span class='ocr_line' id='line_1_10' title="bbox 151 1016 1213 1103; baseline 0.004 -26"><span class='ocrx_word' id='word_1_80' title='bbox 151 1036 181 1078; x_wconf 89' lang='lat' dir='ltr'><strong>sr</strong></span> <span class='ocrx_word' id='word_1_81' title='bbox 194 1021 376 1103; x_wconf 83' lang='lat' dir='ltr'><strong>exemplum</strong></span> <span class='ocrx_word' id='word_1_82' title='bbox 395 1017 525 1082; x_wconf 88' lang='lat' dir='ltr'><strong>haberet</strong></span> <span class='ocrx_word' id='word_1_83' title='bbox 538 1019 587 1082; x_wconf 89' lang='lat' dir='ltr'><strong>bis</strong></span> <span class='ocrx_word' id='word_1_84' title='bbox 605 1017 753 1082; x_wconf 89' lang='lat' dir='ltr'><strong>eumdem</strong></span> <span class='ocrx_word' id='word_1_85' title='bbox 776 1016 926 1082; x_wconf 74' lang='lat' dir='ltr'><strong>aerarium</strong></span> <span class='ocrx_word' id='word_1_86' title='bbox 947 1017 1157 1102; x_wconf 87' lang='lat' dir='ltr'><strong>relinquendr,</strong></span> <span class='ocrx_word' id='word_1_87' title='bbox 1175 1017 1213 1082; x_wconf 91' lang='lat' dir='ltr'><strong>C.</strong></span> 
     </span>
     <span class='ocr_line' id='line_1_11' title="bbox 153 1102 1215 1171; baseline 0.002 -5"><span class='ocrx_word' id='word_1_88' title='bbox 153 1102 326 1170; x_wconf 89' lang='lat' dir='ltr'><strong>Claudium</strong></span> <span class='ocrx_word' id='word_1_89' title='bbox 354 1105 542 1171; x_wconf 88' lang='lat' dir='ltr'><strong>nominatim</strong></span> <span class='ocrx_word' id='word_1_90' title='bbox 571 1127 604 1169; x_wconf 88' lang='lat' dir='ltr'><strong>se</strong></span> <span class='ocrx_word' id='word_1_91' title='bbox 632 1105 715 1170; x_wconf 91' lang='lat' dir='ltr'><strong>inter</strong></span> <span class='ocrx_word' id='word_1_92' title='bbox 740 1104 870 1168; x_wconf 89' lang='lat' dir='ltr'><strong>aerarios</strong></span> <span class='ocrx_word' id='word_1_93' title='bbox 896 1102 990 1169; x_wconf 86' lang='lat' dir='ltr'><strong>fuisse</strong></span> <span class='ocrx_word' id='word_1_94' title='bbox 1018 1103 1215 1168; x_wconf 88' lang='lat' dir='ltr'><strong>relicturum.</strong></span> 
     </span>
     <span class='ocr_line' id='line_1_12' title="bbox 151 1187 1215 1277; baseline -0.002 -21"><span class='ocrx_word' id='word_1_95' title='bbox 151 1187 329 1256; x_wconf 74' lang='lat' dir='ltr'><strong>⁹⁹Pratum</strong></span> <span class='ocrx_word' id='word_1_96' title='bbox 352 1203 510 1256; x_wconf 88' lang='lat' dir='ltr'><strong>certamen</strong></span> <span class='ocrx_word' id='word_1_97' title='bbox 534 1205 680 1256; x_wconf 89' lang='lat' dir='ltr'><strong>notarum</strong></span> <span class='ocrx_word' id='word_1_98' title='bbox 696 1191 779 1256; x_wconf 88' lang='lat' dir='ltr'><strong>inter</strong></span> <span class='ocrx_word' id='word_1_99' title='bbox 798 1211 959 1256; x_wconf 86' lang='lat' dir='ltr'><strong>censores:</strong></span> <span class='ocrx_word' id='word_1_100' title='bbox 984 1189 1151 1277; x_wconf 75' lang='lat' dir='ltr'><strong>castigatio</strong></span> <span class='ocrx_word' id='word_1_101' title='bbox 1165 1189 1215 1254; x_wconf 89' lang='lat' dir='ltr'><strong>in·</strong></span> 
     </span>
     <span class='ocr_line' id='line_1_13' title="bbox 151 1276 1215 1364; baseline -0.004 -20"><span class='ocrx_word' id='word_1_102' title='bbox 151 1279 338 1344; x_wconf 86' lang='lat' dir='ltr'><strong>coustantiae</strong></span> <span class='ocrx_word' id='word_1_103' title='bbox 353 1278 464 1363; x_wconf 90' lang='lat' dir='ltr'><strong>populi</strong></span> <span class='ocrx_word' id='word_1_104' title='bbox 482 1279 635 1354; x_wconf 86' lang='lat' dir='ltr'><strong>censoria,</strong></span> <span class='ocrx_word' id='word_1_105' title='bbox 656 1290 688 1342; x_wconf 90' lang='lat' dir='ltr'><strong>et</strong></span> <span class='ocrx_word' id='word_1_106' title='bbox 708 1277 862 1364; x_wconf 87' lang='lat' dir='ltr'><strong>gravitate</strong></span> <span class='ocrx_word' id='word_1_107' title='bbox 885 1289 1063 1361; x_wconf 88' lang='lat' dir='ltr'><strong>temporum</strong></span> <span class='ocrx_word' id='word_1_108' title='bbox 1086 1276 1215 1342; x_wconf 88' lang='lat' dir='ltr'><strong>illorum</strong></span> 
     </span>
     <span class='ocr_line' id='line_1_14' title="bbox 151 1362 1216 1451; baseline -0.004 -23"><span class='ocrx_word' id='word_1_109' title='bbox 151 1365 263 1451; x_wconf 91' lang='lat' dir='ltr'><strong>digna.</strong></span> <span class='ocrx_word' id='word_1_110' title='bbox 308 1364 346 1430; x_wconf 91' lang='lat' dir='ltr'><strong>In</strong></span> <span class='ocrx_word' id='word_1_111' title='bbox 368 1365 485 1436; x_wconf 84' lang='lat' dir='ltr'><strong>invidia</strong></span> <span class='ocrx_word' id='word_1_112' title='bbox 508 1385 651 1430; x_wconf 84' lang='lat' dir='ltr'><strong>censores</strong></span> <span class='ocrx_word' id='word_1_113' title='bbox 675 1386 773 1449; x_wconf 91' lang='lat' dir='ltr'><strong>quum</strong></span> <span class='ocrx_word' id='word_1_114' title='bbox 795 1376 908 1440; x_wconf 83' lang='lat' dir='ltr'><strong>essent,</strong></span> <span class='ocrx_word' id='word_1_115' title='bbox 924 1362 1084 1428; x_wconf 88' lang='lat' dir='ltr'><strong>crescendi</strong></span> <span class='ocrx_word' id='word_1_116' title='bbox 1106 1385 1147 1428; x_wconf 86' lang='lat' dir='ltr'><strong>ex</strong></span> <span class='ocrx_word' id='word_1_117' title='bbox 1168 1365 1216 1425; x_wconf 87' lang='lat' dir='ltr'><strong>lris</strong></span> 
     </span>
     <span class='ocr_line' id='line_1_15' title="bbox 151 1447 1215 1533; baseline -0.002 -17"><span class='ocrx_word' id='word_1_118' title='bbox 151 1463 241 1516; x_wconf 87' lang='lat' dir='ltr'><strong>ratus</strong></span> <span class='ocrx_word' id='word_1_119' title='bbox 262 1473 328 1515; x_wconf 84' lang='lat' dir='ltr'><strong>esse</strong></span> <span class='ocrx_word' id='word_1_120' title='bbox 351 1453 548 1515; x_wconf 77' lang='lat' dir='ltr'><strong>occasionem</strong></span> <span class='ocrx_word' id='word_1_121' title='bbox 571 1451 632 1517; x_wconf 89' lang='lat' dir='ltr'><strong>Cn.</strong></span> <span class='ocrx_word' id='word_1_122' title='bbox 650 1450 779 1516; x_wconf 85' lang='lat' dir='ltr'><strong>Baebius</strong></span> <span class='ocrx_word' id='word_1_123' title='bbox 799 1449 944 1515; x_wconf 84' lang='lat' dir='ltr'><strong>tribunus</strong></span> <span class='ocrx_word' id='word_1_124' title='bbox 959 1447 1060 1533; x_wconf 90' lang='lat' dir='ltr'><strong>plebis</strong></span> <span class='ocrx_word' id='word_1_125' title='bbox 1073 1449 1157 1514; x_wconf 89' lang='lat' dir='ltr'><strong>diem</strong></span> <span class='ocrx_word' id='word_1_126' title='bbox 1174 1449 1215 1514; x_wconf 91' lang='lat' dir='ltr'><strong>ad</strong></span> 
     </span>
     <span class='ocr_line' id='line_1_16' title="bbox 151 1534 1216 1624; baseline -0.002 -22"><span class='ocrx_word' id='word_1_127' title='bbox 151 1537 307 1624; x_wconf 89' lang='lat' dir='ltr'><strong>populum</strong></span> <span class='ocrx_word' id='word_1_128' title='bbox 323 1538 451 1624; x_wconf 83' lang='lat' dir='ltr'><strong>utrique</strong></span> <span class='ocrx_word' id='word_1_129' title='bbox 464 1537 555 1602; x_wconf 88' lang='lat' dir='ltr'><strong>dixit.</strong></span> <span class='ocrx_word' id='word_1_130' title='bbox 600 1537 650 1602; x_wconf 87' lang='lat' dir='ltr'><strong>Ea</strong></span> <span class='ocrx_word' id='word_1_131' title='bbox 670 1558 720 1602; x_wconf 89' lang='lat' dir='ltr'><strong>res</strong></span> <span class='ocrx_word' id='word_1_132' title='bbox 741 1557 895 1600; x_wconf 88' lang='lat' dir='ltr'><strong>consensu</strong></span> <span class='ocrx_word' id='word_1_133' title='bbox 919 1535 1052 1600; x_wconf 88' lang='lat' dir='ltr'><strong>Patrum</strong></span> <span class='ocrx_word' id='word_1_134' title='bbox 1073 1534 1216 1602; x_wconf 85' lang='lat' dir='ltr'><strong>discussa</strong></span> 
     </span>
     <span class='ocr_line' id='line_1_17' title="bbox 151 1623 1084 1710; baseline -0.004 -20"><span class='ocrx_word' id='word_1_135' title='bbox 151 1638 210 1699; x_wconf 85' lang='lat' dir='ltr'><strong>est,</strong></span> <span class='ocrx_word' id='word_1_136' title='bbox 228 1646 267 1688; x_wconf 92' lang='lat' dir='ltr'><strong>ne</strong></span> <span class='ocrx_word' id='word_1_137' title='bbox 282 1638 389 1706; x_wconf 80' lang='lat' dir='ltr'><strong>postea</strong></span> <span class='ocrx_word' id='word_1_138' title='bbox 403 1624 543 1688; x_wconf 87' lang='lat' dir='ltr'><strong>obnoxia</strong></span> <span class='ocrx_word' id='word_1_139' title='bbox 557 1625 568 1664; x_wconf 89' lang='lat'>¹</span> <span class='ocrx_word' id='word_1_140' title='bbox 580 1623 728 1710; x_wconf 87' lang='lat' dir='ltr'><strong>populari</strong></span> <span class='ocrx_word' id='word_1_141' title='bbox 742 1645 829 1687; x_wconf 80' lang='lat' dir='ltr'><strong>aurae</strong></span> <span class='ocrx_word' id='word_1_142' title='bbox 844 1644 976 1687; x_wconf 86' lang='lat' dir='ltr'><strong>censura</strong></span> <span class='ocrx_word' id='word_1_143' title='bbox 991 1634 1084 1688; x_wconf 85' lang='lat' dir='ltr'><strong>esset.</strong></span> 
     </span>
     <span class='ocr_line' id='line_1_18' title="bbox 128 1706 1215 1793; baseline -0.004 -17"><span class='ocrx_word' id='word_1_144' title='bbox 128 1756 131 1766; x_wconf 86' lang='lat'>·</span> <span class='ocrx_word' id='word_1_145' title='bbox 198 1710 406 1777; x_wconf 89' lang='lat' dir='ltr'>XXXVIII.</span> <span class='ocrx_word' id='word_1_146' title='bbox 431 1710 552 1776; x_wconf 86' lang='lat' dir='ltr'><strong>Eadem</strong></span> <span class='ocrx_word' id='word_1_147' title='bbox 573 1722 684 1775; x_wconf 76' lang='lat' dir='ltr'><strong>aestate</strong></span> <span class='ocrx_word' id='word_1_148' title='bbox 704 1709 738 1773; x_wconf 90' lang='lat' dir='ltr'><strong>in</strong></span> <span class='ocrx_word' id='word_1_149' title='bbox 753 1709 889 1774; x_wconf 87' lang='lat' dir='ltr'><strong>Bruttiis</strong></span> <span class='ocrx_word' id='word_1_150' title='bbox 912 1706 1091 1793; x_wconf 78' lang='lat' dir='ltr'><strong>Clampetia</strong></span> <span class='ocrx_word' id='word_1_151' title='bbox 1104 1732 1124 1772; x_wconf 90' lang='lat' dir='ltr'><strong>a</strong></span> <span class='ocrx_word' id='word_1_152' title='bbox 1139 1730 1215 1792; x_wconf 83' lang='lat' dir='ltr'><strong>cop·</strong></span> 
     </span>
     <span class='ocr_line' id='line_1_19' title="bbox 152 1793 1215 1902; baseline -0.004 -40"><span class='ocrx_word' id='word_1_153' title='bbox 152 1797 221 1864; x_wconf 87' lang='lat' dir='ltr'><strong>sule</strong></span> <span class='ocrx_word' id='word_1_154' title='bbox 233 1801 265 1862; x_wconf 86' lang='lat' dir='ltr'><strong>vi</strong></span> <span class='ocrx_word' id='word_1_155' title='bbox 281 1812 383 1892; x_wconf 87' lang='lat' dir='ltr'><strong>capta,</strong></span> <span class='ocrx_word' id='word_1_156' title='bbox 401 1796 572 1862; x_wconf 90' lang='lat' dir='ltr'><strong>Consentia</strong></span> <span class='ocrx_word' id='word_1_157' title='bbox 593 1811 625 1862; x_wconf 87' lang='lat' dir='ltr'><strong>et</strong></span> <span class='ocrx_word' id='word_1_158' title='bbox 641 1795 808 1871; x_wconf 87' lang='lat' dir='ltr'><strong>Pandosia,</strong></span> <span class='ocrx_word' id='word_1_159' title='bbox 825 1808 857 1860; x_wconf 89' lang='lat' dir='ltr'><strong>et</strong></span> <span class='ocrx_word' id='word_1_160' title='bbox 876 1793 1033 1902; x_wconf 83' lang='lat' dir='ltr'><strong>ignobiles</strong></span> <span class='ocrx_word' id='word_1_161' title='bbox 1047 1794 1118 1860; x_wconf 86' lang='lat' dir='ltr'><strong>aliae</strong></span> <span class='ocrx_word' id='word_1_162' title='bbox 1138 1794 1215 1860; x_wconf 87' lang='lat' dir='ltr'><strong>civi-</strong></span> 
     </span>
     <span class='ocr_line' id='line_1_20' title="bbox 152 1879 1333 1966; baseline -0.003 -18"><span class='ocrx_word' id='word_1_163' title='bbox 152 1897 242 1962; x_wconf 87' lang='lat' dir='ltr'><strong>tates,</strong></span> <span class='ocrx_word' id='word_1_164' title='bbox 259 1885 422 1948; x_wconf 90' lang='lat' dir='ltr'><strong>voluntate</strong></span> <span class='ocrx_word' id='word_1_165' title='bbox 436 1883 469 1947; x_wconf 84' lang='lat' dir='ltr'><strong>ln</strong></span> <span class='ocrx_word' id='word_1_166' title='bbox 491 1883 644 1955; x_wconf 87' lang='lat' dir='ltr'><strong>ditionem</strong></span> <span class='ocrx_word' id='word_1_167' title='bbox 668 1895 832 1946; x_wconf 89' lang='lat' dir='ltr'><strong>venerunt.</strong></span> <span class='ocrx_word' id='word_1_168' title='bbox 877 1881 930 1957; x_wconf 75' lang='lat' dir='ltr'><strong>lat,</strong></span> <span class='ocrx_word' id='word_1_169' title='bbox 947 1903 1045 1966; x_wconf 92' lang='lat' dir='ltr'><strong>quum</strong></span> <span class='ocrx_word' id='word_1_170' title='bbox 1070 1881 1213 1947; x_wconf 88' lang='lat' dir='ltr'><strong>comitio·</strong></span> <span class='ocrx_word' id='word_1_171' title='bbox 1330 1879 1333 1888; x_wconf 84' lang='lat'>&#39;</span> 
     </span>
     <span class='ocr_line' id='line_1_21' title="bbox 152 1965 1334 2072; baseline -0.004 -37"><span class='ocrx_word' id='word_1_172' title='bbox 152 1992 225 2035; x_wconf 86' lang='lat' dir='ltr'><strong>rnnr</strong></span> <span class='ocrx_word' id='word_1_173' title='bbox 246 1972 314 2072; x_wconf 82' lang='lat' dir='ltr'><strong>jam</strong></span> <span class='ocrx_word' id='word_1_174' title='bbox 338 1969 499 2056; x_wconf 80' lang='lat' dir='ltr'><strong>adpeteret</strong></span> <span class='ocrx_word' id='word_1_175' title='bbox 524 1986 659 2054; x_wconf 90' lang='lat' dir='ltr'><strong>tempus,</strong></span> <span class='ocrx_word' id='word_1_176' title='bbox 676 1968 857 2034; x_wconf 85' lang='lat' dir='ltr'><strong>Corneliam</strong></span> <span class='ocrx_word' id='word_1_177' title='bbox 878 1967 983 2053; x_wconf 86' lang='lat' dir='ltr'><strong>potius</strong></span> <span class='ocrx_word' id='word_1_178' title='bbox 1008 1989 1050 2031; x_wconf 89' lang='lat' dir='ltr'><strong>ex</strong></span> <span class='ocrx_word' id='word_1_179' title='bbox 1071 1965 1211 2046; x_wconf 86' lang='lat' dir='ltr'><strong>Etruria,</strong></span> <span class='ocrx_word' id='word_1_180' title='bbox 1223 2015 1334 2064; x_wconf 72' lang='lat' dir='ltr'><strong>contus</strong></span> 
     </span>
     <span class='ocr_line' id='line_1_22' title="bbox 152 2052 1213 2139; baseline -0.004 -17"><span class='ocrx_word' id='word_1_181' title='bbox 152 2057 209 2122; x_wconf 90' lang='lat' dir='ltr'><strong>ubi</strong></span> <span class='ocrx_word' id='word_1_182' title='bbox 225 2056 304 2120; x_wconf 90' lang='lat' dir='ltr'><strong>mhil</strong></span> <span class='ocrx_word' id='word_1_183' title='bbox 317 2056 393 2122; x_wconf 89' lang='lat' dir='ltr'><strong>belli</strong></span> <span class='ocrx_word' id='word_1_184' title='bbox 407 2073 485 2135; x_wconf 87' lang='lat' dir='ltr'><strong>erat,</strong></span> <span class='ocrx_word' id='word_1_185' title='bbox 504 2057 639 2122; x_wconf 89' lang='lat' dir='ltr'><strong>Romam</strong></span> <span class='ocrx_word' id='word_1_186' title='bbox 655 2054 755 2120; x_wconf 90' lang='lat' dir='ltr'><strong>adciri</strong></span> <span class='ocrx_word' id='word_1_187' title='bbox 768 2054 898 2139; x_wconf 83' lang='lat' dir='ltr'><strong>placuit.</strong></span> <span class='ocrx_word' id='word_1_188' title='bbox 942 2052 975 2118; x_wconf 85' lang='lat' dir='ltr'><strong>Is</strong></span> <span class='ocrx_word' id='word_1_189' title='bbox 990 2052 1134 2118; x_wconf 89' lang='lat' dir='ltr'><strong>consules</strong></span> <span class='ocrx_word' id='word_1_190' title='bbox 1151 2054 1213 2118; x_wconf 92' lang='lat' dir='ltr'><strong>Cn.</strong></span> 
     </span>
     <span class='ocr_line' id='line_1_23' title="bbox 153 2140 1213 2228; baseline -0.006 -18"><span class='ocrx_word' id='word_1_191' title='bbox 153 2143 322 2210; x_wconf 87' lang='lat' dir='ltr'><strong>Servilium</strong></span> <span class='ocrx_word' id='word_1_192' title='bbox 339 2142 522 2228; x_wconf 76' lang='lat' dir='ltr'><strong>Caepionem</strong></span> <span class='ocrx_word' id='word_1_193' title='bbox 537 2155 570 2208; x_wconf 90' lang='lat' dir='ltr'><strong>et</strong></span> <span class='ocrx_word' id='word_1_194' title='bbox 585 2144 624 2209; x_wconf 92' lang='lat' dir='ltr'><strong>C.</strong></span> <span class='ocrx_word' id='word_1_195' title='bbox 637 2141 805 2210; x_wconf 85' lang='lat' dir='ltr'><strong>Servilium</strong></span> <span class='ocrx_word' id='word_1_196' title='bbox 822 2141 996 2206; x_wconf 88' lang='lat' dir='ltr'><strong>Geminum</strong></span> <span class='ocrx_word' id='word_1_197' title='bbox 1005 2140 1134 2205; x_wconf 87' lang='lat' dir='ltr'><strong>creavit.</strong></span> <span class='ocrx_word' id='word_1_198' title='bbox 1158 2141 1213 2204; x_wconf 92' lang='lat' dir='ltr'><strong>In·</strong></span> 
     </span>
     <span class='ocr_line' id='line_1_24' title="bbox 150 2225 1211 2315; baseline -0.004 -19"><span class='ocrx_word' id='word_1_199' title='bbox 150 2231 193 2296; x_wconf 78' lang='lat' dir='ltr'><strong>de</strong></span> <span class='ocrx_word' id='word_1_200' title='bbox 207 2231 361 2315; x_wconf 85' lang='lat' dir='ltr'><strong>praetoria</strong></span> <span class='ocrx_word' id='word_1_201' title='bbox 375 2228 504 2294; x_wconf 88' lang='lat' dir='ltr'><strong>comitia</strong></span> <span class='ocrx_word' id='word_1_202' title='bbox 523 2228 644 2294; x_wconf 90' lang='lat' dir='ltr'><strong>habita.</strong></span> <span class='ocrx_word' id='word_1_203' title='bbox 666 2229 762 2293; x_wconf 86' lang='lat' dir='ltr'><strong>creati</strong></span> <span class='ocrx_word' id='word_1_204' title='bbox 783 2228 834 2293; x_wconf 77' lang='lat' dir='ltr'><strong>P.⁶</strong></span> <span class='ocrx_word' id='word_1_205' title='bbox 855 2227 1020 2290; x_wconf 89' lang='lat' dir='ltr'><strong>Cornelius</strong></span> <span class='ocrx_word' id='word_1_206' title='bbox 1043 2225 1211 2304; x_wconf 88' lang='lat' dir='ltr'><strong>Lentulus,</strong></span> 
     </span>
     <span class='ocr_line' id='line_1_25' title="bbox 154 2311 1242 2398; baseline -0.009 -14"><span class='ocrx_word' id='word_1_207' title='bbox 154 2317 194 2384; x_wconf 84' lang='lat' dir='ltr'><strong>P.</strong></span> <span class='ocrx_word' id='word_1_208' title='bbox 210 2316 405 2394; x_wconf 88' lang='lat' dir='ltr'><strong>Quinctilius</strong></span> <span class='ocrx_word' id='word_1_209' title='bbox 428 2316 542 2395; x_wconf 85' lang='lat' dir='ltr'><strong>Varus,</strong></span> <span class='ocrx_word' id='word_1_210' title='bbox 562 2315 597 2381; x_wconf 92' lang='lat' dir='ltr'><strong>P.</strong></span> <span class='ocrx_word' id='word_1_211' title='bbox 613 2314 720 2380; x_wconf 80' lang='lat' dir='ltr'><strong>AElius</strong></span> <span class='ocrx_word' id='word_1_212' title='bbox 740 2314 857 2392; x_wconf 84' lang='lat' dir='ltr'><strong>Paetus,</strong></span> <span class='ocrx_word' id='word_1_213' title='bbox 882 2314 920 2380; x_wconf 91' lang='lat' dir='ltr'><strong>P.</strong></span> <span class='ocrx_word' id='word_1_214' title='bbox 944 2312 1059 2378; x_wconf 86' lang='lat' dir='ltr'><strong>Villius</strong></span> <span class='ocrx_word' id='word_1_215' title='bbox 1079 2311 1214 2398; x_wconf 84' lang='lat' dir='ltr'><strong>Tappu-</strong></span> <span class='ocrx_word' id='word_1_216' title='bbox 1237 2367 1242 2374; x_wconf 86' lang='lat'><strong>.</strong></span> 
     </span>
     <span class='ocr_line' id='line_1_26' title="bbox 152 2399 1214 2490; baseline -0.004 -22"><span class='ocrx_word' id='word_1_217' title='bbox 152 2403 214 2470; x_wconf 80' lang='lat' dir='ltr'><strong>lue.</strong></span> <span class='ocrx_word' id='word_1_218' title='bbox 260 2403 309 2469; x_wconf 89' lang='lat' dir='ltr'><strong>Hi</strong></span> <span class='ocrx_word' id='word_1_219' title='bbox 330 2404 406 2479; x_wconf 89' lang='lat' dir='ltr'><strong>duo,</strong></span> <span class='ocrx_word' id='word_1_220' title='bbox 428 2425 527 2490; x_wconf 87' lang='lat' dir='ltr'><strong>quum</strong></span> <span class='ocrx_word' id='word_1_221' title='bbox 549 2402 657 2468; x_wconf 85' lang='lat' dir='ltr'><strong>oediles</strong></span> <span class='ocrx_word' id='word_1_222' title='bbox 680 2401 779 2486; x_wconf 89' lang='lat' dir='ltr'><strong>plebis</strong></span> <span class='ocrx_word' id='word_1_223' title='bbox 805 2414 917 2477; x_wconf 87' lang='lat' dir='ltr'><strong>essent,</strong></span> <span class='ocrx_word' id='word_1_224' title='bbox 939 2412 1095 2486; x_wconf 86' lang='lat' dir='ltr'><strong>praetores</strong></span> <span class='ocrx_word' id='word_1_225' title='bbox 1116 2399 1214 2465; x_wconf 89' lang='lat' dir='ltr'><strong>creati</strong></span> 
     </span>
     <span class='ocr_line' id='line_1_27' title="bbox 151 2485 1213 2575; baseline -0.004 -19"><span class='ocrx_word' id='word_1_226' title='bbox 151 2502 238 2557; x_wconf 88' lang='lat' dir='ltr'><strong>sunt.</strong></span> <span class='ocrx_word' id='word_1_227' title='bbox 282 2489 413 2567; x_wconf 88' lang='lat' dir='ltr'><strong>Consul,</strong></span> <span class='ocrx_word' id='word_1_228' title='bbox 439 2489 574 2554; x_wconf 87' lang='lat' dir='ltr'><strong>comitiis</strong></span> <span class='ocrx_word' id='word_1_229' title='bbox 601 2488 758 2575; x_wconf 83' lang='lat' dir='ltr'><strong>perlectis,</strong></span> <span class='ocrx_word' id='word_1_230' title='bbox 788 2487 829 2552; x_wconf 87' lang='lat' dir='ltr'><strong>ad</strong></span> <span class='ocrx_word' id='word_1_231' title='bbox 859 2488 1030 2552; x_wconf 86' lang='lat' dir='ltr'><strong>exercitum</strong></span> <span class='ocrx_word' id='word_1_232' title='bbox 1052 2488 1085 2550; x_wconf 93' lang='lat' dir='ltr'><strong>in</strong></span> <span class='ocrx_word' id='word_1_233' title='bbox 1118 2485 1213 2552; x_wconf 85' lang='lat' dir='ltr'><strong>Etru·</strong></span> 
     </span>
     <span class='ocr_line' id='line_1_28' title="bbox 152 2572 1213 2658; baseline -0.004 -16"><span class='ocrx_word' id='word_1_234' title='bbox 152 2577 233 2644; x_wconf 88' lang='lat' dir='ltr'><strong>riam</strong></span> <span class='ocrx_word' id='word_1_235' title='bbox 258 2577 362 2642; x_wconf 87' lang='lat' dir='ltr'><strong>rediit.</strong></span> <span class='ocrx_word' id='word_1_236' title='bbox 406 2575 592 2642; x_wconf 82' lang='lat' dir='ltr'><strong>Sacerdotes</strong></span> <span class='ocrx_word' id='word_1_237' title='bbox 616 2598 654 2640; x_wconf 91' lang='lat' dir='ltr'><strong>eo</strong></span> <span class='ocrx_word' id='word_1_238' title='bbox 678 2597 763 2640; x_wconf 91' lang='lat' dir='ltr'><strong>anno</strong></span> <span class='ocrx_word' id='word_1_239' title='bbox 787 2575 915 2650; x_wconf 89' lang='lat' dir='ltr'><strong>mortui,</strong></span> <span class='ocrx_word' id='word_1_240' title='bbox 936 2587 1031 2658; x_wconf 85' lang='lat' dir='ltr'><strong>atque</strong></span> <span class='ocrx_word' id='word_1_241' title='bbox 1050 2573 1084 2648; x_wconf 83' lang='lat' dir='ltr'><strong>iu</strong></span> <span class='ocrx_word' id='word_1_242' title='bbox 1103 2572 1213 2638; x_wconf 90' lang='lat' dir='ltr'><strong>locum</strong></span> 
     </span>
     <span class='ocr_line' id='line_1_29' title="bbox 152 2655 1213 2736; baseline -0.007 -6"><span class='ocrx_word' id='word_1_243' title='bbox 152 2684 264 2730; x_wconf 86' lang='lat' dir='ltr'><strong>eorum</strong></span> <span class='ocrx_word' id='word_1_244' title='bbox 280 2662 428 2736; x_wconf 78' lang='lat' dir='ltr'><strong>sublecti3</strong></span> <span class='ocrx_word' id='word_1_245' title='bbox 452 2662 503 2726; x_wconf 94' lang='lat' dir='ltr'><strong>Ti.</strong></span> <span class='ocrx_word' id='word_1_246' title='bbox 520 2662 670 2726; x_wconf 87' lang='lat' dir='ltr'><strong>Veturius</strong></span> <span class='ocrx_word' id='word_1_247' title='bbox 686 2660 781 2726; x_wconf 87' lang='lat' dir='ltr'><strong>Philo</strong></span> <span class='ocrx_word' id='word_1_248' title='bbox 794 2661 909 2724; x_wconf 85' lang='lat' dir='ltr'><strong>flamen</strong></span> <span class='ocrx_word' id='word_1_249' title='bbox 933 2655 1102 2736; x_wconf 86' lang='lat' dir='ltr'><strong>Martialis,</strong></span> <span class='ocrx_word' id='word_1_250' title='bbox 1118 2660 1150 2724; x_wconf 92' lang='lat' dir='ltr'><strong>in</strong></span> <span class='ocrx_word' id='word_1_251' title='bbox 1166 2659 1213 2724; x_wconf 92' lang='lat' dir='ltr'><strong>lo-</strong></span> 
     </span>
     <span class='ocr_line' id='line_1_30' title="bbox 152 2748 1213 2837; baseline -0.003 -22"><span class='ocrx_word' id='word_1_252' title='bbox 152 2772 227 2816; x_wconf 90' lang='lat' dir='ltr'><strong>cum</strong></span> <span class='ocrx_word' id='word_1_253' title='bbox 244 2748 295 2816; x_wconf 86' lang='lat' dir='ltr'><strong>M.</strong></span> <span class='ocrx_word' id='word_1_254' title='bbox 305 2748 431 2814; x_wconf 87' lang='lat' dir='ltr'><strong>AEmilii</strong></span> <span class='ocrx_word' id='word_1_255' title='bbox 447 2748 575 2837; x_wconf 84' lang='lat' dir='ltr'><strong>Regilli,</strong></span> <span class='ocrx_word' id='word_1_256' title='bbox 591 2749 645 2836; x_wconf 91' lang='lat' dir='ltr'><strong>qui</strong></span> <span class='ocrx_word' id='word_1_257' title='bbox 661 2748 766 2832; x_wconf 88' lang='lat' dir='ltr'><strong>priore</strong></span> <span class='ocrx_word' id='word_1_258' title='bbox 780 2764 865 2811; x_wconf 91' lang='lat' dir='ltr'><strong>anno</strong></span> <span class='ocrx_word' id='word_1_259' title='bbox 875 2758 1020 2810; x_wconf 90' lang='lat' dir='ltr'><strong>mortuus</strong></span> <span class='ocrx_word' id='word_1_260' title='bbox 1035 2763 1113 2823; x_wconf 86' lang='lat' dir='ltr'><strong>erat,</strong></span> <span class='ocrx_word' id='word_1_261' title='bbox 1126 2769 1213 2812; x_wconf 88' lang='lat' dir='ltr'><strong>crea-</strong></span> 
     </span>
     <span class='ocr_line' id='line_1_31' title="bbox 153 2831 1359 2924; baseline -0.004 -22"><span class='ocrx_word' id='word_1_262' title='bbox 153 2848 206 2902; x_wconf 89' lang='lat' dir='ltr'><strong>tus</strong></span> <span class='ocrx_word' id='word_1_263' title='bbox 225 2836 512 2922; x_wconf 82' lang='lat' dir='ltr'><strong>inauguratusque:</strong></span> <span class='ocrx_word' id='word_1_264' title='bbox 535 2849 567 2900; x_wconf 88' lang='lat' dir='ltr'><strong>et</strong></span> <span class='ocrx_word' id='word_1_265' title='bbox 580 2835 614 2899; x_wconf 90' lang='lat' dir='ltr'><strong>in</strong></span> <span class='ocrx_word' id='word_1_266' title='bbox 638 2833 688 2899; x_wconf 93' lang='lat' dir='ltr'><strong>M.</strong></span> <span class='ocrx_word' id='word_1_267' title='bbox 704 2833 875 2918; x_wconf 90' lang='lat' dir='ltr'><strong>Pomponii</strong></span> <span class='ocrx_word' id='word_1_268' title='bbox 896 2831 1062 2896; x_wconf 88' lang='lat' dir='ltr'><strong>Mathonis</strong></span> <span class='ocrx_word' id='word_1_269' title='bbox 1083 2834 1212 2920; x_wconf 88' lang='lat' dir='ltr'><strong>auguris</strong></span> <span class='ocrx_word' id='word_1_270' title='bbox 1222 2873 1359 2924; x_wconf 65' lang='lat' dir='ltr'><strong>secerdote.</strong></span> 
     </span>
     <span class='ocr_line' id='line_1_32' title="bbox 152 2919 1345 3000; baseline -0.003 -11"><span class='ocrx_word' id='word_1_271' title='bbox 152 2934 186 2988; x_wconf 87' lang='lat' dir='ltr'><strong>et</strong></span> <span class='ocrx_word' id='word_1_272' title='bbox 199 2922 370 2989; x_wconf 88' lang='lat' dir='ltr'><strong>decemviri</strong></span> <span class='ocrx_word' id='word_1_273' title='bbox 384 2921 489 2987; x_wconf 87' lang='lat' dir='ltr'><strong>locum</strong></span> <span class='ocrx_word' id='word_1_274' title='bbox 505 2922 612 2999; x_wconf 88' lang='lat' dir='ltr'><strong>creati,</strong></span> <span class='ocrx_word' id='word_1_275' title='bbox 628 2920 786 2986; x_wconf 87' lang='lat' dir='ltr'><strong>decemvir</strong></span> <span class='ocrx_word' id='word_1_276' title='bbox 801 2919 851 2984; x_wconf 94' lang='lat' dir='ltr'><strong>M.</strong></span> <span class='ocrx_word' id='word_1_277' title='bbox 867 2919 1017 2982; x_wconf 85' lang='lat' dir='ltr'><strong>Aurelius</strong></span> <span class='ocrx_word' id='word_1_278' title='bbox 1034 2919 1141 3000; x_wconf 89' lang='lat' dir='ltr'><strong>Cotta,</strong></span> <span class='ocrx_word' id='word_1_279' title='bbox 1156 2941 1308 2987; x_wconf 74' lang='lat' dir='ltr'><strong>aru-monus</strong></span> <span class='ocrx_word' id='word_1_280' title='bbox 1320 2947 1345 2987; x_wconf 74' lang='lat' dir='ltr'><strong>et</strong></span> 
     </span>
     <span class='ocr_line' id='line_1_33' title="bbox 78 3004 1331 3093; baseline 0 -21"><span class='ocrx_word' id='word_1_281' title='bbox 78 3025 81 3034; x_wconf 80' lang='grc'>’</span> <span class='ocrx_word' id='word_1_282' title='bbox 152 3032 215 3093; x_wconf 86' lang='lat' dir='ltr'><strong>gur</strong></span> <span class='ocrx_word' id='word_1_283' title='bbox 236 3008 292 3074; x_wconf 91' lang='lat' dir='ltr'><strong>Ti.</strong></span> <span class='ocrx_word' id='word_1_284' title='bbox 309 3008 515 3091; x_wconf 88' lang='lat' dir='ltr'><strong>Sempronius</strong></span> <span class='ocrx_word' id='word_1_285' title='bbox 536 3009 700 3074; x_wconf 89' lang='lat' dir='ltr'><strong>Gracchus</strong></span> <span class='ocrx_word' id='word_1_286' title='bbox 723 3007 895 3071; x_wconf 89' lang='lat' dir='ltr'><strong>admodum</strong></span> <span class='ocrx_word' id='word_1_287' title='bbox 916 3004 1109 3087; x_wconf 88' lang='lat' dir='ltr'><strong>adolescens,</strong></span> <span class='ocrx_word' id='word_1_288' title='bbox 1124 3007 1212 3093; x_wconf 91' lang='lat' dir='ltr'><strong>quod</strong></span> <span class='ocrx_word' id='word_1_289' title='bbox 1222 3005 1331 3054; x_wconf 63' lang='lat' dir='ltr'><strong>seusun.</strong></span> 
     </span>
     <span class='ocr_line' id='line_1_34' title="bbox 152 3091 1213 3180; baseline -0.002 -20"><span class='ocrx_word' id='word_1_290' title='bbox 152 3101 230 3161; x_wconf 82' lang='lat' dir='ltr'><strong>tunc</strong></span> <span class='ocrx_word' id='word_1_291' title='bbox 246 3117 408 3180; x_wconf 88' lang='lat' dir='ltr'><strong>perrarum</strong></span> <span class='ocrx_word' id='word_1_292' title='bbox 422 3095 455 3159; x_wconf 91' lang='lat' dir='ltr'><strong>in</strong></span> <span class='ocrx_word' id='word_1_293' title='bbox 471 3095 658 3160; x_wconf 88' lang='lat' dir='ltr'><strong>mandandis</strong></span> <span class='ocrx_word' id='word_1_294' title='bbox 669 3093 850 3158; x_wconf 89' lang='lat' dir='ltr'><strong>sacerdotiis</strong></span> <span class='ocrx_word' id='word_1_295' title='bbox 860 3106 938 3156; x_wconf 89' lang='lat' dir='ltr'><strong>erat.</strong></span> <span class='ocrx_word' id='word_1_296' title='bbox 964 3091 1141 3178; x_wconf 74' lang='lat' dir='ltr'><strong>Quadrigas</strong></span> <span class='ocrx_word' id='word_1_297' title='bbox 1156 3117 1213 3158; x_wconf 86' lang='lat' dir='ltr'><strong>au·</strong></span> 
     </span>
     <span class='ocr_line' id='line_1_35' title="bbox 153 3176 1213 3267; baseline -0.002 -20"><span class='ocrx_word' id='word_1_298' title='bbox 153 3204 217 3246; x_wconf 83' lang='lat' dir='ltr'><strong>reae</strong></span> <span class='ocrx_word' id='word_1_299' title='bbox 232 3205 271 3247; x_wconf 90' lang='lat' dir='ltr'><strong>eo</strong></span> <span class='ocrx_word' id='word_1_300' title='bbox 285 3204 370 3247; x_wconf 90' lang='lat' dir='ltr'><strong>anno</strong></span> <span class='ocrx_word' id='word_1_301' title='bbox 384 3182 417 3246; x_wconf 91' lang='lat' dir='ltr'><strong>in</strong></span> <span class='ocrx_word' id='word_1_302' title='bbox 440 3180 601 3267; x_wconf 88' lang='lat' dir='ltr'><strong>Capitolio</strong></span> <span class='ocrx_word' id='word_1_303' title='bbox 624 3181 734 3267; x_wconf 81' lang='lat' dir='ltr'><strong>positae</strong></span> <span class='ocrx_word' id='word_1_304' title='bbox 755 3179 797 3244; x_wconf 86' lang='lat' dir='ltr'><strong>ab</strong></span> <span class='ocrx_word' id='word_1_305' title='bbox 817 3176 965 3243; x_wconf 85' lang='lat' dir='ltr'><strong>aedilibus</strong></span> <span class='ocrx_word' id='word_1_306' title='bbox 984 3177 1159 3259; x_wconf 84' lang='lat' dir='ltr'><strong>curulibus,</strong></span> <span class='ocrx_word' id='word_1_307' title='bbox 1174 3180 1213 3245; x_wconf 93' lang='lat' dir='ltr'><strong>C.</strong></span> 
     </span>
     <span class='ocr_line' id='line_1_36' title="bbox 155 3264 1215 3335; baseline -0.006 -1"><span class='ocrx_word' id='word_1_308' title='bbox 155 3267 250 3335; x_wconf 79' lang='lat' dir='ltr'><strong>Liuio</strong></span> <span class='ocrx_word' id='word_1_309' title='bbox 265 3281 297 3333; x_wconf 90' lang='lat' dir='ltr'><strong>et</strong></span> <span class='ocrx_word' id='word_1_310' title='bbox 313 3267 361 3333; x_wconf 90' lang='lat' dir='ltr'><strong>M.</strong></span> <span class='ocrx_word' id='word_1_311' title='bbox 379 3267 510 3333; x_wconf 85' lang='lat' dir='ltr'><strong>Servilio</strong></span> <span class='ocrx_word' id='word_1_312' title='bbox 523 3269 671 3333; x_wconf 89' lang='lat' dir='ltr'><strong>Gemino.</strong></span> <span class='ocrx_word' id='word_1_313' title='bbox 715 3267 760 3331; x_wconf 89' lang='lat' dir='ltr'><strong>Et</strong></span> <span class='ocrx_word' id='word_1_314' title='bbox 773 3265 840 3330; x_wconf 91' lang='lat' dir='ltr'><strong>ludi</strong></span> <span class='ocrx_word' id='word_1_315' title='bbox 862 3265 1001 3330; x_wconf 85' lang='lat' dir='ltr'><strong>Romani</strong></span> <span class='ocrx_word' id='word_1_316' title='bbox 1016 3264 1150 3328; x_wconf 84' lang='lat' dir='ltr'><strong>biduum</strong></span> <span class='ocrx_word' id='word_1_317' title='bbox 1165 3265 1215 3328; x_wconf 91' lang='lat' dir='ltr'><strong>in·</strong></span> 
     </span>
     <span class='ocr_line' id='line_1_37' title="bbox 154 3348 1215 3440; baseline -0.004 -18"><span class='ocrx_word' id='word_1_318' title='bbox 154 3360 297 3422; x_wconf 80' lang='lat' dir='ltr'><strong>stauratI.</strong></span> <span class='ocrx_word' id='word_1_319' title='bbox 343 3353 431 3420; x_wconf 86' lang='lat' dir='ltr'><strong>idem</strong></span> <span class='ocrx_word' id='word_1_320' title='bbox 447 3377 504 3440; x_wconf 87' lang='lat' dir='ltr'><strong>per</strong></span> <span class='ocrx_word' id='word_1_321' title='bbox 517 3353 650 3419; x_wconf 87' lang='lat' dir='ltr'><strong>biduum</strong></span> <span class='ocrx_word' id='word_1_322' title='bbox 687 3353 781 3440; x_wconf 79' lang='lat' dir='ltr'><strong>lebeii</strong></span> <span class='ocrx_word' id='word_1_323' title='bbox 796 3352 834 3416; x_wconf 87' lang='lat' dir='ltr'><strong>nd</strong></span> <span class='ocrx_word' id='word_1_324' title='bbox 844 3348 991 3416; x_wconf 74' lang='lat' dir='ltr'><strong>sedilibus</strong></span> <span class='ocrx_word' id='word_1_325' title='bbox 1007 3349 1045 3415; x_wconf 90' lang='lat' dir='ltr'><strong>P.</strong></span> <span class='ocrx_word' id='word_1_326' title='bbox 1061 3349 1162 3429; x_wconf 83' lang='lat' dir='ltr'><strong>AElio,</strong></span> <span class='ocrx_word' id='word_1_327' title='bbox 1176 3351 1215 3418; x_wconf 91' lang='lat' dir='ltr'><strong>P.</strong></span> 
     </span>
     <span class='ocr_line' id='line_1_38' title="bbox 154 3377 947 3527; baseline -0.01 -19"><span class='ocrx_word' id='word_1_328' title='bbox 154 3441 272 3508; x_wconf 90' lang='lat' dir='ltr'><strong>Villio:</strong></span> <span class='ocrx_word' id='word_1_329' title='bbox 296 3454 328 3507; x_wconf 90' lang='lat' dir='ltr'><strong>et</strong></span> <span class='ocrx_word' id='word_1_330' title='bbox 342 3441 429 3506; x_wconf 86' lang='lat' dir='ltr'><strong>Jovis</strong></span> <span class='ocrx_word' id='word_1_331' title='bbox 444 3439 570 3527; x_wconf 90' lang='lat' dir='ltr'><strong>epulum</strong></span> <span class='ocrx_word' id='word_1_332' title='bbox 587 3440 650 3505; x_wconf 24' lang='lat' dir='ltr'><strong>fuit*</strong></span> <span class='ocrx_word' id='word_1_333' title='bbox 660 3377 810 3505; x_wconf 73' lang='lat' dir='ltr'><strong>lidorum</strong></span> <span class='ocrx_word' id='word_1_334' title='bbox 826 3459 947 3503; x_wconf 85' lang='lat' dir='ltr'><strong>caussa.</strong></span> 
     </span>
    </p>
   </div>
   <div class='ocr_carea' id='block_1_3' title="bbox 569 3599 809 3648">
    <p class='ocr_par' dir='ltr' id='par_1_3' title="bbox 569 3599 809 3648">
     <span class='ocr_line' id='line_1_39' title="bbox 569 3599 809 3648; baseline -0.004 -1"><span class='ocrx_word' id='word_1_335' title='bbox 569 3605 581 3633; x_wconf 63' lang='grc' dir='ltr'><strong>θ</strong></span> <span class='ocrx_word' id='word_1_336' title='bbox 600 3601 642 3648; x_wconf 78' lang='lat' dir='ltr'><strong>cn.</strong></span> <span class='ocrx_word' id='word_1_337' title='bbox 654 3602 729 3648; x_wconf 83' lang='lat' dir='ltr'><strong>Gron.</strong></span> <span class='ocrx_word' id='word_1_338' title='bbox 740 3599 809 3647; x_wconf 73' lang='lat' dir='ltr'><strong>Cres.</strong></span> 
     </span>
    </p>
   </div>
   <div class='ocr_carea' id='block_1_4' title="bbox 115 3728 1216 3996">
    <p class='ocr_par' dir='ltr' id='par_1_4' title="bbox 115 3728 1216 3996">
     <span class='ocr_line' id='line_1_40' title="bbox 186 3728 1027 3796; baseline -0.015 -9"><span class='ocrx_word' id='word_1_339' title='bbox 186 3735 343 3789; x_wconf 66' lang='lat' dir='ltr'><strong>99’Pracum</strong></span> <span class='ocrx_word' id='word_1_340' title='bbox 361 3741 480 3782; x_wconf 80' lang='lat' dir='ltr'><strong>certamen</strong></span> <span class='ocrx_word' id='word_1_341' title='bbox 497 3739 609 3780; x_wconf 77' lang='lat' dir='ltr'><strong>notarum</strong></span> <span class='ocrx_word' id='word_1_342' title='bbox 631 3735 668 3780; x_wconf 81' lang='lat' dir='ltr'><strong>r&#39;a.</strong></span> <span class='ocrx_word' id='word_1_343' title='bbox 699 3731 911 3796; x_wconf 83' lang='lat' dir='ltr'><strong>populicensorcm</strong></span> <span class='ocrx_word' id='word_1_344' title='bbox 922 3728 1027 3776; x_wconf 77' lang='lat' dir='ltr'><strong>(lacebat.</strong></span> 
     </span>
     <span class='ocr_line' id='line_1_41' title="bbox 153 3788 1215 3866; baseline -0.016 -14"><span class='ocrx_word' id='word_1_345' title='bbox 153 3813 191 3852; x_wconf 80' lang='lat' dir='ltr'><strong>ter</strong></span> <span class='ocrx_word' id='word_1_346' title='bbox 206 3797 523 3864; x_wconf 56' lang='lat' dir='ltr'><strong>manumittat</strong></span> <span class='ocrx_word' id='word_1_347' title='bbox 540 3798 609 3844; x_wconf 81' lang='lat' dir='ltr'><strong>debet</strong></span> <span class='ocrx_word' id='word_1_348' title='bbox 619 3812 669 3844; x_wconf 85' lang='lat' dir='ltr'><strong>cer·</strong></span> <span class='ocrx_word' id='word_1_349' title='bbox 736 3797 885 3866; x_wconf 59' lang='lat' dir='ltr'><strong>1⁸,Popalarr&#39;</strong></span> <span class='ocrx_word' id='word_1_350' title='bbox 906 3789 985 3857; x_wconf 74' lang='lat' dir='ltr'><strong>aare]</strong></span> <span class='ocrx_word' id='word_1_351' title='bbox 1005 3789 1109 3839; x_wconf 74' lang='lat' dir='ltr'><strong>levitati</strong></span> <span class='ocrx_word' id='word_1_352' title='bbox 1133 3788 1215 3849; x_wconf 77' lang='lat' dir='ltr'><strong>multi-</strong></span> 
     </span>
     <span class='ocr_line' id='line_1_42' title="bbox 152 3851 1216 3922; baseline -0.014 -5"><span class='ocrx_word' id='word_1_353' title='bbox 152 3875 235 3917; x_wconf 72' lang='lat' dir='ltr'><strong>tsrnen</strong></span> <span class='ocrx_word' id='word_1_354' title='bbox 250 3867 309 3916; x_wconf 85' lang='lat' dir='ltr'><strong>illud</strong></span> <span class='ocrx_word' id='word_1_355' title='bbox 325 3879 448 3914; x_wconf 79' lang='lat' dir='ltr'><strong>censorum</strong></span> <span class='ocrx_word' id='word_1_356' title='bbox 465 3877 515 3912; x_wconf 80' lang='lat' dir='ltr'><strong>asse</strong></span> <span class='ocrx_word' id='word_1_357' title='bbox 529 3868 613 3910; x_wconf 87' lang='lat' dir='ltr'><strong>mutuo</strong></span> <span class='ocrx_word' id='word_1_358' title='bbox 625 3877 669 3909; x_wconf 89' lang='lat' dir='ltr'><strong>no·</strong></span> <span class='ocrx_word' id='word_1_359' title='bbox 700 3863 800 3919; x_wconf 83' lang='lat' dir='ltr'><strong>tudinis,</strong></span> <span class='ocrx_word' id='word_1_360' title='bbox 819 3873 872 3922; x_wconf 79' lang='lat' dir='ltr'><strong>que</strong></span> <span class='ocrx_word' id='word_1_361' title='bbox 892 3875 943 3910; x_wconf 90' lang='lat' dir='ltr'><strong>non</strong></span> <span class='ocrx_word' id='word_1_362' title='bbox 962 3859 1042 3907; x_wconf 80' lang='lat' dir='ltr'><strong>miuus</strong></span> <span class='ocrx_word' id='word_1_363' title='bbox 1062 3851 1157 3904; x_wconf 82' lang='lat' dir='ltr'><strong>mob&#39;dlr</strong></span> <span class='ocrx_word' id='word_1_364' title='bbox 1178 3858 1216 3917; x_wconf 70' lang='lat' dir='ltr'><strong>cst</strong></span> 
     </span>
     <span class='ocr_line' id='line_1_43' title="bbox 115 3927 1211 3996; baseline -0.009 -15"><span class='ocrx_word' id='word_1_365' title='bbox 115 3963 121 3981; x_wconf 88' lang='lat'><strong>.</strong></span> <span class='ocrx_word' id='word_1_366' title='bbox 153 3935 267 3984; x_wconf 77' lang='lat' dir='ltr'><strong>tantiam.</strong></span> <span class='ocrx_word' id='word_1_367' title='bbox 298 3931 333 3980; x_wconf 78' lang='lat' dir='ltr'><strong>m</strong></span> <span class='ocrx_word' id='word_1_368' title='bbox 353 3930 478 3996; x_wconf 72' lang='lat' dir='ltr'><strong>cutigslio</strong></span> <span class='ocrx_word' id='word_1_369' title='bbox 502 3927 669 3977; x_wconf 78' lang='lat' dir='ltr'><strong>inconstantiae</strong></span> <span class='ocrx_word' id='word_1_370' title='bbox 701 3939 847 3988; x_wconf 77' lang='lat' dir='ltr'><strong>quamnam.</strong></span> <span class='ocrx_word' id='word_1_371' title='bbox 1206 3937 1211 3946; x_wconf 78' lang='lat'><strong><em>¹</em></strong></span> 
     </span>
    </p>
   </div>
   <div class='ocr_carea' id='block_1_5' title="bbox 0 0 1538 4960">
    <p class='ocr_par' dir='ltr' id='par_1_5' title="bbox 0 0 1538 4960">
     <span class='ocr_line' id='line_1_44' title="bbox 0 0 1538 4960; baseline 0 0"><span class='ocrx_word' id='word_1_372' title='bbox 0 0 1538 4960; x_wconf 95' lang='lat' dir='ltr'><strong> </strong></span> 
     </span>
    </p>
   </div>
  </div>
 </body>
</html>
