<?xml version="1.0" encoding="UTF-8"?>
<!DOCTYPE html PUBLIC "-//W3C//DTD XHTML 1.0 Transitional//EN"
    "http://www.w3.org/TR/xhtml1/DTD/xhtml1-transitional.dtd">
<html xmlns="http://www.w3.org/1999/xhtml" xml:lang="en" lang="en">
 <head>
  <title>
</title>
<meta http-equiv="Content-Type" content="text/html;charset=utf-8" />
  <meta name='ocr-system' content='tesseract 3.04.00' />
  <meta name='ocr-capabilities' content='ocr_page ocr_carea ocr_par ocr_line ocrx_word'/>
</head>
<body>
  <div class='ocr_page' id='page_1' title='image "./tliviipatavinih00crevgoog/tliviipatavinih00crevgoog_0198.png"; bbox 0 0 3036 4972; ppageno 0'>
   <div class='ocr_carea' id='block_1_1' title="bbox 407 148 1190 216">
    <p class='ocr_par' dir='ltr' id='par_1_1' title="bbox 407 117 1190 216">
     <span class='ocr_line' id='line_1_1' title="bbox 407 148 1190 216; baseline -0.008 -4"><span class='ocrx_word' id='word_1_1' title='bbox 407 151 502 212; x_wconf 78' lang='lat' dir='ltr'><strong>nie.</strong></span> <span class='ocrx_word' id='word_1_2' title='bbox 521 149 641 212; x_wconf 78' lang='lat' dir='ltr'><strong>xxm.</strong></span> <span class='ocrx_word' id='word_1_3' title='bbox 667 149 770 210; x_wconf 74' lang='lat' dir='ltr'><strong>cnr.</strong></span> <span class='ocrx_word' id='word_1_4' title='bbox 791 148 917 211; x_wconf 81' lang='lat' dir='ltr'><strong>xuvn.</strong></span> <span class='ocrx_word' id='word_1_5' title='bbox 1136 153 1190 216; x_wconf 64' lang='grc' dir='ltr'><strong>ιρι</strong></span> 
     </span>
    </p>
   </div>
   <div class='ocr_carea' id='block_1_2' title="bbox 137 286 1336 404">
    <p class='ocr_par' dir='ltr' id='par_1_2' title="bbox 137 286 1336 404">
     <span class='ocr_line' id='line_1_2' title="bbox 137 286 1336 404; baseline -0.006 -22"><span class='ocrx_word' id='word_1_6' title='bbox 137 315 224 404; x_wconf 85' lang='lat' dir='ltr'><strong>apud</strong></span> <span class='ocrx_word' id='word_1_7' title='bbox 254 316 418 390; x_wconf 79' lang='lat' dir='ltr'><strong>Romanos</strong></span> <span class='ocrx_word' id='word_1_8' title='bbox 446 313 605 392; x_wconf 82' lang='lat' dir='ltr'><strong>militaret,</strong></span> <span class='ocrx_word' id='word_1_9' title='bbox 633 333 716 380; x_wconf 84' lang='lat' dir='ltr'><strong>unus</strong></span> <span class='ocrx_word' id='word_1_10' title='bbox 746 335 819 378; x_wconf 83' lang='lat' dir='ltr'><strong>eum</strong></span> <span class='ocrx_word' id='word_1_11' title='bbox 850 313 1015 378; x_wconf 84' lang='lat' dir='ltr'><strong>Romanus</strong></span> <span class='ocrx_word' id='word_1_12' title='bbox 1043 286 1336 379; x_wconf 59' lang='lat' dir='ltr'><strong>Glandimarium.</strong></span> 
     </span>
    </p>
   </div>
   <div class='ocr_carea' id='block_1_3' title="bbox 139 393 1448 506">
    <p class='ocr_par' dir='ltr' id='par_1_3' title="bbox 139 393 1448 506">
     <span class='ocr_line' id='line_1_3' title="bbox 139 393 1448 506; baseline -0.009 -38"><span class='ocrx_word' id='word_1_13' title='bbox 139 403 266 468; x_wconf 80' lang='lat' dir='ltr'><strong>Asellus</strong></span> <span class='ocrx_word' id='word_1_14' title='bbox 279 403 382 488; x_wconf 85' lang='lat' dir='ltr'><strong>gloria</strong></span> <span class='ocrx_word' id='word_1_15' title='bbox 395 403 532 488; x_wconf 81' lang='lat' dir='ltr'>equestri</span> <span class='ocrx_word' id='word_1_16' title='bbox 547 413 696 487; x_wconf 78' lang='lat' dir='ltr'><strong>aquaret.</strong></span> <span class='ocrx_word' id='word_1_17' title='bbox 733 397 869 465; x_wconf 87' lang='lat' dir='ltr'><strong>¹¹Huoc</strong></span> <span class='ocrx_word' id='word_1_18' title='bbox 884 399 1012 464; x_wconf 88' lang='lat' dir='ltr'><strong>Taurea</strong></span> <span class='ocrx_word' id='word_1_19' title='bbox 1026 419 1122 485; x_wconf 89' lang='lat' dir='ltr'><strong>quum</strong></span> <span class='ocrx_word' id='word_1_20' title='bbox 1137 393 1337 506; x_wconf 41' lang='lat' dir='ltr'><strong>dinami·</strong></span> <span class='ocrx_word' id='word_1_21' title='bbox 1442 400 1448 408; x_wconf 82' lang='grc'><em>“</em></span> 
     </span>
    </p>
   </div>
   <div class='ocr_carea' id='block_1_4' title="bbox 77 483 1305 2297">
    <p class='ocr_par' dir='ltr' id='par_1_4' title="bbox 77 483 1305 2297">
     <span class='ocr_line' id='line_1_4' title="bbox 137 483 1305 574; baseline -0.005 -20"><span class='ocrx_word' id='word_1_22' title='bbox 137 489 333 574; x_wconf 81' lang='lat' dir='ltr'><strong>perlustrans</strong></span> <span class='ocrx_word' id='word_1_23' title='bbox 347 489 446 557; x_wconf 80' lang='lat' dir='ltr'><strong>oculis</strong></span> <span class='ocrx_word' id='word_1_24' title='bbox 465 488 676 572; x_wconf 77' lang='lat' dir='ltr'><strong>obequitasset</strong></span> <span class='ocrx_word' id='word_1_25' title='bbox 697 485 835 552; x_wconf 87' lang='lat' dir='ltr'><strong>hostium</strong></span> <span class='ocrx_word' id='word_1_26' title='bbox 850 487 972 561; x_wconf 88' lang='lat' dir='ltr'><strong>turmis,</strong></span> <span class='ocrx_word' id='word_1_27' title='bbox 988 485 1116 556; x_wconf 85' lang='lat' dir='ltr'><strong>taudem</strong></span> <span class='ocrx_word' id='word_1_28' title='bbox 1129 483 1194 549; x_wconf 84' lang='lat' dir='ltr'><strong>fac·</strong></span> <span class='ocrx_word' id='word_1_29' title='bbox 1201 524 1305 572; x_wconf 53' lang='lat' dir='ltr'><strong>Mu,</strong></span> 
     </span>
     <span class='ocr_line' id='line_1_5' title="bbox 138 573 1226 658; baseline -0.006 -16"><span class='ocrx_word' id='word_1_30' title='bbox 138 589 172 642; x_wconf 95' lang='lat' dir='ltr'><strong>to</strong></span> <span class='ocrx_word' id='word_1_31' title='bbox 186 576 322 654; x_wconf 88' lang='lat' dir='ltr'><strong>silentio,</strong></span> <span class='ocrx_word' id='word_1_32' title='bbox 337 577 391 640; x_wconf 84' lang='lat' dir='ltr'><strong>ubi</strong></span> <span class='ocrx_word' id='word_1_33' title='bbox 406 585 481 640; x_wconf 87' lang='lat' dir='ltr'><strong>esset</strong></span> <span class='ocrx_word' id='word_1_34' title='bbox 497 575 644 640; x_wconf 73' lang='lat' dir='ltr'><strong>aredius</strong></span> <span class='ocrx_word' id='word_1_35' title='bbox 657 574 804 638; x_wconf 79' lang='lat' dir='ltr'><strong>Asellus?</strong></span> <span class='ocrx_word' id='word_1_36' title='bbox 826 573 981 658; x_wconf 76' lang='lat' dir='ltr'><strong>quesivit.</strong></span> <span class='ocrx_word' id='word_1_37' title='bbox 995 583 1035 650; x_wconf 77' lang='lat' dir='ltr'><strong>et,</strong></span> <span class='ocrx_word' id='word_1_38' title='bbox 1051 573 1194 656; x_wconf 83' lang='lat' dir='ltr'><strong>quonium</strong></span> <span class='ocrx_word' id='word_1_39' title='bbox 1223 637 1226 646; x_wconf 79' lang='grc'>,</span> 
     </span>
     <span class='ocr_line' id='line_1_6' title="bbox 137 658 1196 744; baseline -0.006 -17"><span class='ocrx_word' id='word_1_40' title='bbox 137 663 236 728; x_wconf 69' lang='lat' dir='ltr'><strong>uobis</strong></span> <span class='ocrx_word' id='word_1_41' title='bbox 255 685 352 732; x_wconf 79' lang='lat' dir='ltr'><strong>secum</strong></span> <span class='ocrx_word' id='word_1_42' title='bbox 366 665 404 728; x_wconf 85' lang='lat' dir='ltr'><strong>de</strong></span> <span class='ocrx_word' id='word_1_43' title='bbox 422 663 534 728; x_wconf 82' lang='lat' dir='ltr'><strong>uirtute</strong></span> <span class='ocrx_word' id='word_1_44' title='bbox 554 660 706 744; x_wconf 81' lang='lat' dir='ltr'><em>ambigere</em></span> <span class='ocrx_word' id='word_1_45' title='bbox 726 660 833 724; x_wconf 85' lang='lat' dir='ltr'><strong>solitus</strong></span> <span class='ocrx_word' id='word_1_46' title='bbox 855 669 940 735; x_wconf 86' lang='lat' dir='ltr'><strong>esset,</strong></span> <span class='ocrx_word' id='word_1_47' title='bbox 953 681 1008 722; x_wconf 89' lang='lat' dir='ltr'><strong>cur</strong></span> <span class='ocrx_word' id='word_1_48' title='bbox 1028 680 1088 721; x_wconf 83' lang='lat' dir='ltr'><strong>uon</strong></span> <span class='ocrx_word' id='word_1_49' title='bbox 1098 658 1196 742; x_wconf 88' lang='lat' dir='ltr'><strong>ferro</strong></span> 
     </span>
     <span class='ocr_line' id='line_1_7' title="bbox 138 747 1172 832; baseline -0.006 -20"><span class='ocrx_word' id='word_1_50' title='bbox 138 751 332 821; x_wconf 81' lang='lat' dir='ltr'><strong>decerneret,-</strong></span> <span class='ocrx_word' id='word_1_51' title='bbox 348 751 495 832; x_wconf 82' lang='lat' dir='ltr'><em>daretque</em></span> <span class='ocrx_word' id='word_1_52' title='bbox 509 747 611 830; x_wconf 83' lang='lat' dir='ltr'><strong>opimo</strong></span> <span class='ocrx_word' id='word_1_53' title='bbox 624 747 724 828; x_wconf 77' lang='lat' dir='ltr'><strong>spolio</strong></span> <span class='ocrx_word' id='word_1_54' title='bbox 739 747 842 822; x_wconf 83' lang='lat' dir='ltr'><strong>nictus,</strong></span> <span class='ocrx_word' id='word_1_55' title='bbox 855 755 911 808; x_wconf 89' lang='lat' dir='ltr'><strong>out</strong></span> <span class='ocrx_word' id='word_1_56' title='bbox 923 747 1019 808; x_wconf 83' lang='lat' dir='ltr'><strong>vietor</strong></span> <span class='ocrx_word' id='word_1_57' title='bbox 1027 749 1172 826; x_wconf 79' lang='lat' dir='ltr'><strong>caperet?</strong></span> 
     </span>
     <span class='ocr_line' id='line_1_8' title="bbox 180 829 1195 906; baseline -0.004 -8"><span class='ocrx_word' id='word_1_58' title='bbox 180 835 328 900; x_wconf 82' lang='lat' dir='ltr'>XLVII.</span> <span class='ocrx_word' id='word_1_59' title='bbox 345 833 429 898; x_wconf 88' lang='lat' dir='ltr'><strong>Haec</strong></span> <span class='ocrx_word' id='word_1_60' title='bbox 439 832 494 898; x_wconf 90' lang='lat' dir='ltr'><strong>ubi</strong></span> <span class='ocrx_word' id='word_1_61' title='bbox 505 831 613 900; x_wconf 79' lang='lat' dir='ltr'><strong>Asello</strong></span> <span class='ocrx_word' id='word_1_62' title='bbox 629 831 776 895; x_wconf 88' lang='lat' dir='ltr'><strong>nunciata</strong></span> <span class='ocrx_word' id='word_1_63' title='bbox 791 843 865 894; x_wconf 88' lang='lat' dir='ltr'><strong>sunt</strong></span> <span class='ocrx_word' id='word_1_64' title='bbox 879 831 911 892; x_wconf 91' lang='lat' dir='ltr'><strong>in</strong></span> <span class='ocrx_word' id='word_1_65' title='bbox 927 841 1039 906; x_wconf 86' lang='lat' dir='ltr'><strong>castra,</strong></span> <span class='ocrx_word' id='word_1_66' title='bbox 1049 830 1080 893; x_wconf 90' lang='lat' dir='ltr'><strong>id</strong></span> <span class='ocrx_word' id='word_1_67' title='bbox 1099 829 1195 903; x_wconf 84' lang='lat' dir='ltr'><strong>modo</strong></span> 
     </span>
     <span class='ocr_line' id='line_1_9' title="bbox 137 915 1195 1002; baseline -0.006 -18"><span class='ocrx_word' id='word_1_68' title='bbox 137 937 293 1000; x_wconf 85' lang='lat' dir='ltr'><strong>moratus,</strong></span> <span class='ocrx_word' id='word_1_69' title='bbox 309 932 344 986; x_wconf 92' lang='lat' dir='ltr'><strong>ut</strong></span> <span class='ocrx_word' id='word_1_70' title='bbox 365 918 526 983; x_wconf 86' lang='lat' dir='ltr'><strong>consulem</strong></span> <span class='ocrx_word' id='word_1_71' title='bbox 546 928 816 1002; x_wconf 77' lang='lat' dir='ltr'><strong>percunctaretur,</strong></span> <span class='ocrx_word' id='word_1_72' title='bbox 831 915 979 980; x_wconf 83' lang='lat' dir='ltr'><strong>liceretne</strong></span> <span class='ocrx_word' id='word_1_73' title='bbox 990 923 1090 980; x_wconf 83' lang='lat' dir='ltr'><strong>&#39;extra</strong></span> <span class='ocrx_word' id='word_1_74' title='bbox 1109 915 1195 980; x_wconf 90' lang='lat' dir='ltr'><strong>ordi·</strong></span> 
     </span>
     <span class='ocr_line' id='line_1_10' title="bbox 136 999 1196 1091; baseline -0.006 -19"><span class='ocrx_word' id='word_1_75' title='bbox 136 1007 261 1072; x_wconf 87' lang='lat' dir='ltr'><strong>nemin</strong></span> <span class='ocrx_word' id='word_1_76' title='bbox 282 1017 512 1091; x_wconf 86' lang='lat' dir='ltr'><strong>provocantem·</strong></span> <span class='ocrx_word' id='word_1_77' title='bbox 529 1004 650 1068; x_wconf 88' lang='lat' dir='ltr'><strong>bostem</strong></span> <span class='ocrx_word' id='word_1_78' title='bbox 672 999 837 1090; x_wconf 84' lang='lat' dir='ltr'><strong>pugnare?</strong></span> <span class='ocrx_word' id='word_1_79' title='bbox 857 1002 1010 1087; x_wconf 87' lang='lat' dir='ltr'><strong>permissu</strong></span> <span class='ocrx_word' id='word_1_80' title='bbox 1028 1001 1093 1086; x_wconf 83' lang='lat' dir='ltr'><strong>ejus</strong></span> <span class='ocrx_word' id='word_1_81' title='bbox 1106 1024 1196 1066; x_wconf 86' lang='lat' dir='ltr'><strong>arma</strong></span> 
     </span>
     <span class='ocr_line' id='line_1_11' title="bbox 137 1087 1194 1177; baseline -0.005 -20"><span class='ocrx_word' id='word_1_82' title='bbox 137 1091 299 1177; x_wconf 82' lang='lat' dir='ltr'><strong>extemplo</strong></span> <span class='ocrx_word' id='word_1_83' title='bbox 327 1092 426 1176; x_wconf 86' lang='lat' dir='ltr'><strong>cepit:</strong></span> <span class='ocrx_word' id='word_1_84' title='bbox 450 1102 678 1175; x_wconf 84' lang='lat' dir='ltr'><strong>provectusque</strong></span> <span class='ocrx_word' id='word_1_85' title='bbox 704 1099 778 1154; x_wconf 87' lang='lat' dir='ltr'><strong>ante</strong></span> <span class='ocrx_word' id='word_1_86' title='bbox 806 1088 955 1153; x_wconf 86' lang='lat' dir='ltr'><strong>stationes</strong></span> <span class='ocrx_word' id='word_1_87' title='bbox 982 1109 1075 1172; x_wconf 89' lang='lat' dir='ltr'><strong>equo,</strong></span> <span class='ocrx_word' id='word_1_88' title='bbox 1106 1087 1194 1152; x_wconf 87' lang='lat' dir='ltr'><strong>Teu-</strong></span> 
     </span>
     <span class='ocr_line' id='line_1_12' title="bbox 136 1173 1193 1261; baseline -0.005 -17"><span class='ocrx_word' id='word_1_89' title='bbox 136 1201 224 1244; x_wconf 90' lang='lat' dir='ltr'><strong>ream</strong></span> <span class='ocrx_word' id='word_1_90' title='bbox 251 1178 378 1244; x_wconf 90' lang='lat' dir='ltr'><strong>nomine</strong></span> <span class='ocrx_word' id='word_1_91' title='bbox 403 1174 612 1261; x_wconf 86' lang='lat' dir='ltr'><strong>compellavit,</strong></span> <span class='ocrx_word' id='word_1_92' title='bbox 635 1174 858 1261; x_wconf 81' lang='lat' dir='ltr'><strong>congredique,</strong></span> <span class='ocrx_word' id='word_1_93' title='bbox 884 1173 939 1238; x_wconf 90' lang='lat' dir='ltr'><strong>ubi</strong></span> <span class='ocrx_word' id='word_1_94' title='bbox 965 1173 1067 1251; x_wconf 78' lang='lat' dir='ltr'><strong>vellet,</strong></span> <span class='ocrx_word' id='word_1_95' title='bbox 1087 1173 1193 1260; x_wconf 81' lang='lat' dir='ltr'><strong>jussit</strong></span> 
     </span>
     <span class='ocr_line' id='line_1_13' title="bbox 136 1259 1226 1348; baseline -0.011 -18"><span class='ocrx_word' id='word_1_96' title='bbox 136 1265 211 1330; x_wconf 85' lang='lat' dir='ltr'><strong>Jam</strong></span> <span class='ocrx_word' id='word_1_97' title='bbox 236 1263 376 1330; x_wconf 87' lang='lat' dir='ltr'><strong>Romani</strong></span> <span class='ocrx_word' id='word_1_98' title='bbox 396 1261 438 1328; x_wconf 86' lang='lat' dir='ltr'><strong>ad</strong></span> <span class='ocrx_word' id='word_1_99' title='bbox 459 1261 671 1347; x_wconf 80' lang='lat' dir='ltr'><strong>spectaculum</strong></span> <span class='ocrx_word' id='word_1_100' title='bbox 695 1281 814 1348; x_wconf 82' lang='lat' dir='ltr'><strong>puguae</strong></span> <span class='ocrx_word' id='word_1_101' title='bbox 838 1260 904 1346; x_wconf 87' lang='lat' dir='ltr'><strong>ejus</strong></span> <span class='ocrx_word' id='word_1_102' title='bbox 927 1259 1106 1345; x_wconf 88' lang='lat' dir='ltr'><strong>frequentes</strong></span> <span class='ocrx_word' id='word_1_103' title='bbox 1127 1259 1195 1324; x_wconf 78' lang='lat' dir='ltr'><strong>exi·</strong></span> <span class='ocrx_word' id='word_1_104' title='bbox 1223 1313 1226 1318; x_wconf 80' lang='grc'>,</span> 
     </span>
     <span class='ocr_line' id='line_1_14' title="bbox 136 1345 1195 1433; baseline -0.006 -17"><span class='ocrx_word' id='word_1_105' title='bbox 136 1362 244 1416; x_wconf 85' lang='lat' dir='ltr'><strong>erant:</strong></span> <span class='ocrx_word' id='word_1_106' title='bbox 268 1361 299 1414; x_wconf 91' lang='lat' dir='ltr'><strong>et</strong></span> <span class='ocrx_word' id='word_1_107' title='bbox 315 1349 483 1433; x_wconf 87' lang='lat' dir='ltr'><strong>Campani,</strong></span> <span class='ocrx_word' id='word_1_108' title='bbox 497 1369 565 1414; x_wconf 89' lang='lat' dir='ltr'><strong>uon</strong></span> <span class='ocrx_word' id='word_1_109' title='bbox 580 1345 696 1412; x_wconf 88' lang='lat' dir='ltr'><strong>vallum</strong></span> <span class='ocrx_word' id='word_1_110' title='bbox 718 1348 816 1412; x_wconf 89' lang='lat' dir='ltr'><strong>modo</strong></span> <span class='ocrx_word' id='word_1_111' title='bbox 836 1357 1023 1424; x_wconf 86' lang='lat' dir='ltr'><strong>castrorum,</strong></span> <span class='ocrx_word' id='word_1_112' title='bbox 1039 1345 1094 1412; x_wconf 86' lang='lat' dir='ltr'><strong>sed</strong></span> <span class='ocrx_word' id='word_1_113' title='bbox 1115 1367 1195 1410; x_wconf 76' lang='lat' dir='ltr'><strong>mte-</strong></span> 
     </span>
     <span class='ocr_line' id='line_1_15' title="bbox 137 1431 1195 1518; baseline -0.006 -16"><span class='ocrx_word' id='word_1_114' title='bbox 137 1437 192 1502; x_wconf 90' lang='lat' dir='ltr'><strong>uia</strong></span> <span class='ocrx_word' id='word_1_115' title='bbox 216 1437 311 1512; x_wconf 82' lang='lat' dir='ltr'><strong>etiam</strong></span> <span class='ocrx_word' id='word_1_116' title='bbox 339 1435 427 1506; x_wconf 84' lang='lat' dir='ltr'><strong>urbis</strong></span> <span class='ocrx_word' id='word_1_117' title='bbox 452 1446 688 1518; x_wconf 80' lang='lat' dir='ltr'><strong>prospectantes</strong></span> <span class='ocrx_word' id='word_1_118' title='bbox 713 1432 920 1518; x_wconf 88' lang='lat' dir='ltr'><strong>repleverant.</strong></span> <span class='ocrx_word' id='word_1_119' title='bbox 964 1431 1109 1508; x_wconf 80' lang='lat' dir='ltr'><strong>¹¹Qut1m</strong></span> <span class='ocrx_word' id='word_1_120' title='bbox 1126 1434 1195 1518; x_wconf 89' lang='lat' dir='ltr'><strong>jem</strong></span> 
     </span>
     <span class='ocr_line' id='line_1_16' title="bbox 136 1516 1195 1600; baseline -0.006 -12"><span class='ocrx_word' id='word_1_121' title='bbox 136 1534 209 1600; x_wconf 83' lang='lat' dir='ltr'><strong>ante</strong></span> <span class='ocrx_word' id='word_1_122' title='bbox 231 1521 388 1590; x_wconf 85' lang='lat' dir='ltr'><strong>ferocibus</strong></span> <span class='ocrx_word' id='word_1_123' title='bbox 409 1520 589 1586; x_wconf 78' lang='lat' dir='ltr'><strong>dictisrem</strong></span> <span class='ocrx_word' id='word_1_124' title='bbox 612 1518 841 1598; x_wconf 79' lang='lat' dir='ltr'><strong>nobilitassent,</strong></span> <span class='ocrx_word' id='word_1_125' title='bbox 859 1516 977 1582; x_wconf 86' lang='lat' dir='ltr'><strong>infestis</strong></span> <span class='ocrx_word' id='word_1_126' title='bbox 999 1517 1096 1582; x_wconf 82' lang='lat' dir='ltr'><strong>basiis</strong></span> <span class='ocrx_word' id='word_1_127' title='bbox 1118 1539 1195 1582; x_wconf 75' lang='lat' dir='ltr'><strong>con·</strong></span> 
     </span>
     <span class='ocr_line' id='line_1_17' title="bbox 137 1603 1216 1693; baseline -0.005 -20"><span class='ocrx_word' id='word_1_128' title='bbox 137 1609 277 1674; x_wconf 88' lang='lat' dir='ltr'><strong>citaruut</strong></span> <span class='ocrx_word' id='word_1_129' title='bbox 298 1630 406 1693; x_wconf 84' lang='lat' dir='ltr'><strong>equos.</strong></span> <span class='ocrx_word' id='word_1_130' title='bbox 427 1606 500 1672; x_wconf 90' lang='lat' dir='ltr'><strong>dein</strong></span> <span class='ocrx_word' id='word_1_131' title='bbox 523 1606 622 1672; x_wconf 86' lang='lat' dir='ltr'><strong>libero</strong></span> <span class='ocrx_word' id='word_1_132' title='bbox 636 1605 738 1690; x_wconf 87' lang='lat' dir='ltr'><strong>spatio</strong></span> <span class='ocrx_word' id='word_1_133' title='bbox 752 1607 836 1670; x_wconf 87' lang='lat' dir='ltr'><strong>iuter</strong></span> <span class='ocrx_word' id='word_1_134' title='bbox 849 1627 882 1670; x_wconf 88' lang='lat' dir='ltr'><strong>sa</strong></span> <span class='ocrx_word' id='word_1_135' title='bbox 903 1603 1112 1681; x_wconf 83' lang='lat' dir='ltr'><strong>ludificantes,</strong></span> <span class='ocrx_word' id='word_1_136' title='bbox 1128 1604 1196 1668; x_wconf 86' lang='lat' dir='ltr'><strong>siue</strong></span> <span class='ocrx_word' id='word_1_137' title='bbox 1213 1677 1216 1684; x_wconf 29' lang='lat'><strong><em>¹</em></strong></span> 
     </span>
     <span class='ocr_line' id='line_1_18' title="bbox 77 1691 1194 1782; baseline -0.004 -23"><span class='ocrx_word' id='word_1_138' title='bbox 77 1773 79 1782; x_wconf 22' lang='lat' dir='ltr'>y</span> <span class='ocrx_word' id='word_1_139' title='bbox 137 1695 266 1766; x_wconf 87' lang='lat' dir='ltr'><strong>vulnere</strong></span> <span class='ocrx_word' id='word_1_140' title='bbox 289 1715 431 1782; x_wconf 87' lang='lat' dir='ltr'><strong>pugnam</strong></span> <span class='ocrx_word' id='word_1_141' title='bbox 456 1691 671 1760; x_wconf 79' lang='lat' dir='ltr'><strong>extrahebant.</strong></span> <span class='ocrx_word' id='word_1_142' title='bbox 716 1691 802 1756; x_wconf 87' lang='lat' dir='ltr'><strong>Tum</strong></span> <span class='ocrx_word' id='word_1_143' title='bbox 827 1691 1009 1775; x_wconf 86' lang='lat' dir='ltr'><strong>Campanus</strong></span> <span class='ocrx_word' id='word_1_144' title='bbox 1035 1691 1194 1767; x_wconf 86' lang='lat' dir='ltr'><strong>Romano,</strong></span> 
     </span>
     <span class='ocr_line' id='line_1_19' title="bbox 139 1778 1197 1866; baseline -0.005 -21"><span class='ocrx_word' id='word_1_145' title='bbox 139 1783 304 1864; x_wconf 77' lang='lat' dir='ltr'><strong>Equontm,</strong></span> <span class='ocrx_word' id='word_1_146' title='bbox 330 1778 445 1866; x_wconf 89' lang='lat' dir='ltr'><strong>inquit,</strong></span> <span class='ocrx_word' id='word_1_147' title='bbox 470 1781 535 1856; x_wconf 71' lang='lat' dir='ltr'><strong>too,</strong></span> <span class='ocrx_word' id='word_1_148' title='bbox 561 1800 622 1844; x_wconf 83' lang='lat' dir='ltr'><strong>noa</strong></span> <span class='ocrx_word' id='word_1_149' title='bbox 647 1781 790 1862; x_wconf 83' lang='lat' dir='ltr'><strong>equitum,</strong></span> <span class='ocrx_word' id='word_1_150' title='bbox 816 1779 877 1841; x_wconf 84' lang='lat' dir='ltr'><strong>erit</strong></span> <span class='ocrx_word' id='word_1_151' title='bbox 903 1787 1063 1853; x_wconf 76' lang='lat' dir='ltr'><strong>cotanen,</strong></span> <span class='ocrx_word' id='word_1_152' title='bbox 1090 1779 1155 1842; x_wconf 83' lang='lat' dir='ltr'><strong>nisi</strong></span> <span class='ocrx_word' id='word_1_153' title='bbox 1179 1799 1197 1840; x_wconf 91' lang='lat' dir='ltr'><strong>e</strong></span> 
     </span>
     <span class='ocr_line' id='line_1_20' title="bbox 139 1864 1198 1950; baseline -0.002 -20"><span class='ocrx_word' id='word_1_154' title='bbox 139 1888 245 1950; x_wconf 84' lang='lat' dir='ltr'><strong>campo</strong></span> <span class='ocrx_word' id='word_1_155' title='bbox 266 1868 300 1930; x_wconf 84' lang='lat' dir='ltr'><strong>ire</strong></span> <span class='ocrx_word' id='word_1_156' title='bbox 320 1888 426 1933; x_wconf 85' lang='lat' dir='ltr'><strong>cauom</strong></span> <span class='ocrx_word' id='word_1_157' title='bbox 446 1867 527 1930; x_wconf 80' lang='lat' dir='ltr'><strong>hono</strong></span> <span class='ocrx_word' id='word_1_158' title='bbox 548 1866 630 1930; x_wconf 79' lang='lat' dir='ltr'><strong>aiom</strong></span> <span class='ocrx_word' id='word_1_159' title='bbox 655 1867 837 1930; x_wconf 82' lang='lat' dir='ltr'><strong>demittimus</strong></span> <span class='ocrx_word' id='word_1_160' title='bbox 857 1885 957 1947; x_wconf 85' lang='lat' dir='ltr'><strong>equos.</strong></span> <span class='ocrx_word' id='word_1_161' title='bbox 979 1864 1025 1926; x_wconf 78' lang='lat' dir='ltr'><strong>iii</strong></span> <span class='ocrx_word' id='word_1_162' title='bbox 1048 1866 1133 1927; x_wconf 86' lang='lat' dir='ltr'><strong>nullo</strong></span> <span class='ocrx_word' id='word_1_163' title='bbox 1153 1865 1198 1928; x_wconf 84' lang='lat' dir='ltr'><strong>od</strong></span> 
     </span>
     <span class='ocr_line' id='line_1_21' title="bbox 114 1949 1197 2037; baseline -0.006 -19"><span class='ocrx_word' id='word_1_164' title='bbox 114 1992 118 2002; x_wconf 50' lang='grc' dir='ltr'><em>ι</em></span> <span class='ocrx_word' id='word_1_165' title='bbox 137 1955 326 2037; x_wconf 78' lang='lat' dir='ltr'><strong>euagandum</strong></span> <span class='ocrx_word' id='word_1_166' title='bbox 339 1954 443 2035; x_wconf 77' lang='lat' dir='ltr'><strong>spatio</strong></span> <span class='ocrx_word' id='word_1_167' title='bbox 456 1952 588 2016; x_wconf 83' lang='lat' dir='ltr'><strong>cominus</strong></span> <span class='ocrx_word' id='word_1_168' title='bbox 606 1961 799 2014; x_wconf 81' lang='lat' dir='ltr'><strong>conserentur</strong></span> <span class='ocrx_word' id='word_1_169' title='bbox 818 1971 933 2014; x_wconf 76' lang='lat' dir='ltr'><strong>monto.</strong></span> <span class='ocrx_word' id='word_1_170' title='bbox 976 1949 1075 2014; x_wconf 90' lang='lat' dir='ltr'><strong>Dicto</strong></span> <span class='ocrx_word' id='word_1_171' title='bbox 1096 1969 1197 2034; x_wconf 86' lang='lat' dir='ltr'><strong>prope</strong></span> 
     </span>
     <span class='ocr_line' id='line_1_22' title="bbox 95 2032 1198 2126; baseline -0.004 -24"><span class='ocrx_word' id='word_1_172' title='bbox 95 2089 98 2102; x_wconf 89' lang='lat'><em>.</em></span> <span class='ocrx_word' id='word_1_173' title='bbox 137 2038 230 2103; x_wconf 91' lang='lat' dir='ltr'><strong>citius</strong></span> <span class='ocrx_word' id='word_1_174' title='bbox 245 2060 359 2126; x_wconf 91' lang='lat' dir='ltr'><strong>equum</strong></span> <span class='ocrx_word' id='word_1_175' title='bbox 375 2037 505 2102; x_wconf 86' lang='lat' dir='ltr'><strong>inviam</strong></span> <span class='ocrx_word' id='word_1_176' title='bbox 523 2035 675 2103; x_wconf 89' lang='lat' dir='ltr'><strong>Claudius</strong></span> <span class='ocrx_word' id='word_1_177' title='bbox 688 2032 813 2122; x_wconf 87' lang='lat' dir='ltr'><strong>dejecit.</strong></span> <span class='ocrx_word' id='word_1_178' title='bbox 842 2032 978 2112; x_wconf 78' lang='lat' dir='ltr'><strong>Taurea,</strong></span> <span class='ocrx_word' id='word_1_179' title='bbox 995 2034 1098 2098; x_wconf 86' lang='lat' dir='ltr'><strong>verbis</strong></span> <span class='ocrx_word' id='word_1_180' title='bbox 1112 2033 1198 2099; x_wconf 89' lang='lat' dir='ltr'><strong>fero·</strong></span> 
     </span>
     <span class='ocr_line' id='line_1_23' title="bbox 137 2121 1196 2210; baseline -0.003 -22"><span class='ocrx_word' id='word_1_181' title='bbox 137 2125 215 2202; x_wconf 83' lang='lat' dir='ltr'><strong>aior,</strong></span> <span class='ocrx_word' id='word_1_182' title='bbox 237 2145 332 2210; x_wconf 87' lang='lat' dir='ltr'><strong>quam</strong></span> <span class='ocrx_word' id='word_1_183' title='bbox 355 2141 399 2201; x_wconf 90' lang='lat' dir='ltr'><strong>re,</strong></span> <span class='ocrx_word' id='word_1_184' title='bbox 422 2123 449 2162; x_wconf 77' lang='lat'><strong>¹³</strong></span> <span class='ocrx_word' id='word_1_185' title='bbox 457 2124 592 2188; x_wconf 81' lang='lat' dir='ltr'><strong>Minime</strong></span> <span class='ocrx_word' id='word_1_186' title='bbox 615 2125 669 2202; x_wconf 80' lang='lat' dir='ltr'><strong>sis,</strong></span> <span class='ocrx_word' id='word_1_187' title='bbox 694 2122 808 2208; x_wconf 84' lang='lat' dir='ltr'><strong>inquit,</strong></span> <span class='ocrx_word' id='word_1_188' title='bbox 830 2123 1019 2186; x_wconf 70' lang='lat' dir='ltr'><strong>couthmium</strong></span> <span class='ocrx_word' id='word_1_189' title='bbox 1044 2123 1079 2184; x_wconf 79' lang='lat' dir='ltr'><strong>io</strong></span> <span class='ocrx_word' id='word_1_190' title='bbox 1091 2121 1196 2205; x_wconf 76' lang='lat' dir='ltr'><strong>J&#39;osru.</strong></span> 
     </span>
     <span class='ocr_line' id='line_1_24' title="bbox 136 2204 1195 2297; baseline -0.003 -24"><span class='ocrx_word' id='word_1_191' title='bbox 136 2209 243 2297; x_wconf 74' lang='lat' dir='ltr'><strong>¹⁴quaa</strong></span> <span class='ocrx_word' id='word_1_192' title='bbox 257 2232 321 2276; x_wconf 84' lang='lat' dir='ltr'><strong>vox</strong></span> <span class='ocrx_word' id='word_1_193' title='bbox 341 2209 376 2274; x_wconf 89' lang='lat' dir='ltr'><strong>in</strong></span> <span class='ocrx_word' id='word_1_194' title='bbox 389 2209 543 2276; x_wconf 87' lang='lat' dir='ltr'><strong>rusticum</strong></span> <span class='ocrx_word' id='word_1_195' title='bbox 564 2208 640 2274; x_wconf 88' lang='lat' dir='ltr'><strong>iude</strong></span> <span class='ocrx_word' id='word_1_196' title='bbox 661 2208 863 2294; x_wconf 85' lang='lat' dir='ltr'><strong>proverbium</strong></span> <span class='ocrx_word' id='word_1_197' title='bbox 885 2205 1019 2294; x_wconf 84' lang='lat' dir='ltr'><strong>prodita.</strong></span> <span class='ocrx_word' id='word_1_198' title='bbox 1064 2204 1195 2272; x_wconf 57' lang='lat' dir='ltr'><strong>metau-</strong></span> 
     </span>
    </p>
   </div>
   <div class='ocr_carea' id='block_1_5' title="bbox 118 2505 1288 4370">
    <p class='ocr_par' dir='ltr' id='par_1_5' title="bbox 118 2505 1288 3151">
     <span class='ocr_line' id='line_1_25' title="bbox 118 2505 1198 2571; baseline 0 -15"><span class='ocrx_word' id='word_1_199' title='bbox 118 2509 123 2518; x_wconf 85' lang='lat'>‘</span> <span class='ocrx_word' id='word_1_200' title='bbox 169 2508 199 2556; x_wconf 88' lang='lat'><strong>11</strong></span> <span class='ocrx_word' id='word_1_201' title='bbox 216 2505 568 2555; x_wconf 77' lang='lat' dir='ltr'><strong>HuucToareu...ubierret</strong></span> <span class='ocrx_word' id='word_1_202' title='bbox 578 2507 651 2556; x_wconf 67' lang='lat' dir='ltr'><strong>Chu-</strong></span> <span class='ocrx_word' id='word_1_203' title='bbox 681 2521 729 2563; x_wconf 78' lang='lat' dir='ltr'><strong>rea,</strong></span> <span class='ocrx_word' id='word_1_204' title='bbox 750 2512 879 2568; x_wconf 85' lang='lat' dir='ltr'><strong>postquam</strong></span> <span class='ocrx_word' id='word_1_205' title='bbox 898 2507 1013 2554; x_wconf 84' lang='lat' dir='ltr'><strong>Claudius</strong></span> <span class='ocrx_word' id='word_1_206' title='bbox 1031 2521 1122 2570; x_wconf 89' lang='lat' dir='ltr'><strong>equum</strong></span> <span class='ocrx_word' id='word_1_207' title='bbox 1141 2515 1198 2571; x_wconf 72' lang='lat' dir='ltr'><strong>ege-¹</strong></span> 
     </span>
     <span class='ocr_line' id='line_1_26' title="bbox 134 2571 1196 2636; baseline -0.001 -16"><span class='ocrx_word' id='word_1_208' title='bbox 134 2571 190 2622; x_wconf 76' lang='lat' dir='ltr'><strong>diue</strong></span> <span class='ocrx_word' id='word_1_209' title='bbox 204 2571 306 2630; x_wconf 68' lang='lat' dir='ltr'><strong>Areuur,</strong></span> <span class='ocrx_word' id='word_1_210' title='bbox 319 2571 434 2636; x_wconf 59' lang='grc' dir='ltr'><strong>μανίη</strong></span> <span class='ocrx_word' id='word_1_211' title='bbox 453 2571 649 2633; x_wconf 63' lang='lat' dir='ltr'><strong>Quoeduitdturrc,</strong></span> <span class='ocrx_word' id='word_1_212' title='bbox 680 2579 719 2620; x_wconf 86' lang='lat' dir='ltr'><strong>rat</strong></span> <span class='ocrx_word' id='word_1_213' title='bbox 729 2573 754 2618; x_wconf 87' lang='lat' dir='ltr'><strong>in</strong></span> <span class='ocrx_word' id='word_1_214' title='bbox 771 2573 836 2618; x_wconf 78' lang='lat' dir='ltr'><strong>vlam</strong></span> <span class='ocrx_word' id='word_1_215' title='bbox 852 2585 946 2628; x_wconf 83' lang='lat' dir='ltr'><strong>cavum,</strong></span> <span class='ocrx_word' id='word_1_216' title='bbox 958 2571 1023 2627; x_wconf 80' lang='lat' dir='ltr'><strong>uuio</strong></span> <span class='ocrx_word' id='word_1_217' title='bbox 1039 2579 1067 2621; x_wconf 80' lang='lat' dir='ltr'><strong>te</strong></span> <span class='ocrx_word' id='word_1_218' title='bbox 1080 2587 1132 2622; x_wconf 81' lang='lat' dir='ltr'><strong>esso</strong></span> <span class='ocrx_word' id='word_1_219' title='bbox 1150 2573 1196 2630; x_wconf 80' lang='lat' dir='ltr'><strong>vis,</strong></span> 
     </span>
     <span class='ocr_line' id='line_1_27' title="bbox 135 2637 1288 2698; baseline 0.002 -14"><span class='ocrx_word' id='word_1_220' title='bbox 135 2639 176 2684; x_wconf 78' lang='lat' dir='ltr'><strong>ult</strong></span> <span class='ocrx_word' id='word_1_221' title='bbox 196 2642 262 2695; x_wconf 82' lang='lat' dir='ltr'><strong>erret,</strong></span> <span class='ocrx_word' id='word_1_222' title='bbox 284 2637 309 2684; x_wconf 91' lang='lat' dir='ltr'><strong>id</strong></span> <span class='ocrx_word' id='word_1_223' title='bbox 335 2643 381 2691; x_wconf 86' lang='lat' dir='ltr'><strong>est,</strong></span> <span class='ocrx_word' id='word_1_224' title='bbox 402 2637 524 2696; x_wconf 75' lang='lat' dir='ltr'><strong>quaesivit,</strong></span> <span class='ocrx_word' id='word_1_225' title='bbox 546 2637 587 2682; x_wconf 90' lang='lat' dir='ltr'><strong>ubi</strong></span> <span class='ocrx_word' id='word_1_226' title='bbox 609 2638 648 2686; x_wconf 89' lang='lat' dir='ltr'><strong>bic</strong></span> <span class='ocrx_word' id='word_1_227' title='bbox 680 2637 768 2698; x_wconf 87' lang='lat' dir='ltr'><strong>inquit,</strong></span> <span class='ocrx_word' id='word_1_228' title='bbox 778 2637 931 2694; x_wconf 79' lang='lat' dir='ltr'><strong>cantherium</strong></span> <span class='ocrx_word' id='word_1_229' title='bbox 947 2639 973 2684; x_wconf 90' lang='lat' dir='ltr'><strong>iu</strong></span> <span class='ocrx_word' id='word_1_230' title='bbox 989 2639 1075 2685; x_wconf 80' lang='lat' dir='ltr'><strong>fossa?</strong></span> <span class='ocrx_word' id='word_1_231' title='bbox 1092 2639 1156 2692; x_wconf 81' lang='lat' dir='ltr'><strong>Cave</strong></span> <span class='ocrx_word' id='word_1_232' title='bbox 1165 2644 1198 2694; x_wconf 84' lang='lat' dir='ltr'><strong>¹te</strong></span> <span class='ocrx_word' id='word_1_233' title='bbox 1282 2655 1288 2668; x_wconf 53' lang='lat' dir='ltr'><strong>r</strong></span> 
     </span>
     <span class='ocr_line' id='line_1_28' title="bbox 135 2700 1197 2762; baseline 0.003 -13"><span class='ocrx_word' id='word_1_234' title='bbox 135 2710 206 2750; x_wconf 87' lang='lat' dir='ltr'><strong>esset.</strong></span> <span class='ocrx_word' id='word_1_235' title='bbox 238 2701 296 2747; x_wconf 88' lang='lat' dir='ltr'><strong>Ideo</strong></span> <span class='ocrx_word' id='word_1_236' title='bbox 306 2705 388 2748; x_wconf 85' lang='lat' dir='ltr'><strong>autem</strong></span> <span class='ocrx_word' id='word_1_237' title='bbox 399 2708 453 2762; x_wconf 86' lang='lat' dir='ltr'><strong>post</strong></span> <span class='ocrx_word' id='word_1_238' title='bbox 464 2703 517 2748; x_wconf 82' lang='lat' dir='ltr'><strong>baec</strong></span> <span class='ocrx_word' id='word_1_239' title='bbox 528 2702 600 2748; x_wconf 90' lang='lat' dir='ltr'><strong>verba</strong></span> <span class='ocrx_word' id='word_1_240' title='bbox 610 2703 649 2748; x_wconf 80' lang='lat' dir='ltr'><strong>uli</strong></span> <span class='ocrx_word' id='word_1_241' title='bbox 681 2714 732 2747; x_wconf 88' lang='lat' dir='ltr'><strong>esse</strong></span> <span class='ocrx_word' id='word_1_242' title='bbox 743 2700 834 2762; x_wconf 84' lang='lat' dir='ltr'><strong>potiare</strong></span> <span class='ocrx_word' id='word_1_243' title='bbox 845 2703 997 2760; x_wconf 77' lang='lat' dir='ltr'><strong>cantherium</strong></span> <span class='ocrx_word' id='word_1_244' title='bbox 1008 2704 1033 2750; x_wconf 88' lang='lat' dir='ltr'><strong>iu</strong></span> <span class='ocrx_word' id='word_1_245' title='bbox 1042 2705 1113 2750; x_wconf 83' lang='lat' dir='ltr'><strong>fossa.</strong></span> <span class='ocrx_word' id='word_1_246' title='bbox 1143 2704 1197 2752; x_wconf 88' lang='lat' dir='ltr'><strong>Hoc</strong></span> 
     </span>
     <span class='ocr_line' id='line_1_29' title="bbox 134 2759 1197 2827; baseline 0 -13"><span class='ocrx_word' id='word_1_247' title='bbox 134 2772 191 2814; x_wconf 74' lang='lat' dir='ltr'><strong>uret</strong></span> <span class='ocrx_word' id='word_1_248' title='bbox 213 2767 281 2812; x_wconf 85' lang='lat' dir='ltr'><strong>addit</strong></span> <span class='ocrx_word' id='word_1_249' title='bbox 302 2777 390 2811; x_wconf 88' lang='lat' dir='ltr'><strong>nomen</strong></span> <span class='ocrx_word' id='word_1_250' title='bbox 413 2763 526 2812; x_wconf 77' lang='lat' dir='ltr'><strong>Claudius</strong></span> <span class='ocrx_word' id='word_1_251' title='bbox 546 2765 648 2825; x_wconf 84' lang='lat' dir='ltr'><strong>Areltur,</strong></span> <span class='ocrx_word' id='word_1_252' title='bbox 682 2767 794 2826; x_wconf 84' lang='lat' dir='ltr'><strong>equidem</strong></span> <span class='ocrx_word' id='word_1_253' title='bbox 805 2779 908 2814; x_wconf 83' lang='lat' dir='ltr'><strong>maesse</strong></span> <span class='ocrx_word' id='word_1_254' title='bbox 919 2767 984 2815; x_wconf 92' lang='lat' dir='ltr'><strong>nolo.</strong></span> <span class='ocrx_word' id='word_1_255' title='bbox 1015 2767 1086 2821; x_wconf 85' lang='lat' dir='ltr'><strong>Quod</strong></span> <span class='ocrx_word' id='word_1_256' title='bbox 1097 2759 1197 2827; x_wconf 83' lang='lat' dir='ltr'><strong>quidem</strong></span> 
     </span>
     <span class='ocr_line' id='line_1_30' title="bbox 134 2829 1198 2892; baseline -0.002 -12"><span class='ocrx_word' id='word_1_257' title='bbox 134 2834 200 2892; x_wconf 90' lang='lat' dir='ltr'><strong>quod</strong></span> <span class='ocrx_word' id='word_1_258' title='bbox 217 2831 358 2889; x_wconf 78' lang='lat' dir='ltr'><strong>interposite</strong></span> <span class='ocrx_word' id='word_1_259' title='bbox 373 2829 554 2880; x_wconf 77' lang='lat' dir='ltr'><strong>deaurationis</strong></span> <span class='ocrx_word' id='word_1_260' title='bbox 573 2844 650 2878; x_wconf 78' lang='lat' dir='ltr'><strong>mem.</strong></span> <span class='ocrx_word' id='word_1_261' title='bbox 681 2830 773 2876; x_wconf 87' lang='lat' dir='ltr'><strong>dictum</strong></span> <span class='ocrx_word' id='word_1_262' title='bbox 796 2832 889 2876; x_wconf 79' lang='lat' dir='ltr'><strong>nmium</strong></span> <span class='ocrx_word' id='word_1_263' title='bbox 908 2832 982 2880; x_wconf 80' lang='lat' dir='ltr'><strong>aliam</strong></span> <span class='ocrx_word' id='word_1_264' title='bbox 1004 2837 1062 2878; x_wconf 88' lang='lat' dir='ltr'><strong>tunc</strong></span> <span class='ocrx_word' id='word_1_265' title='bbox 1081 2833 1198 2892; x_wconf 85' lang='lat' dir='ltr'><strong>temporis</strong></span> 
     </span>
     <span class='ocr_line' id='line_1_31' title="bbox 135 2890 1278 2958; baseline 0.003 -15"><span class='ocrx_word' id='word_1_266' title='bbox 135 2899 178 2943; x_wconf 86' lang='lat' dir='ltr'><strong>bra</strong></span> <span class='ocrx_word' id='word_1_267' title='bbox 193 2894 329 2941; x_wconf 78' lang='lat' dir='ltr'><strong>interitura</strong></span> <span class='ocrx_word' id='word_1_268' title='bbox 342 2899 366 2940; x_wconf 89' lang='lat' dir='ltr'><strong>et</strong></span> <span class='ocrx_word' id='word_1_269' title='bbox 381 2893 495 2954; x_wconf 81' lang='lat' dir='ltr'><strong>quarivlt,</strong></span> <span class='ocrx_word' id='word_1_270' title='bbox 506 2894 597 2957; x_wconf 82' lang='lat' dir='ltr'><strong>aliquid</strong></span> <span class='ocrx_word' id='word_1_271' title='bbox 607 2897 649 2942; x_wconf 87' lang='lat' dir='ltr'><strong>ob·</strong></span> <span class='ocrx_word' id='word_1_272' title='bbox 681 2895 732 2940; x_wconf 90' lang='lat' dir='ltr'><strong>vim</strong></span> <span class='ocrx_word' id='word_1_273' title='bbox 743 2895 980 2958; x_wconf 79' lang='lat' dir='ltr'><strong>babebat,quamut</strong></span> <span class='ocrx_word' id='word_1_274' title='bbox 996 2897 1112 2944; x_wconf 86' lang='lat' dir='ltr'><strong>invidiam</strong></span> <span class='ocrx_word' id='word_1_275' title='bbox 1129 2897 1198 2957; x_wconf 84' lang='lat' dir='ltr'><strong>igpa·</strong></span> <span class='ocrx_word' id='word_1_276' title='bbox 1274 2890 1278 2898; x_wconf 74' lang='grc'><em>’</em></span> 
     </span>
     <span class='ocr_line' id='line_1_32' title="bbox 133 2957 1198 3020; baseline 0.003 -12"><span class='ocrx_word' id='word_1_277' title='bbox 133 2959 256 3008; x_wconf 87' lang='lat' dir='ltr'><strong>scuritatis</strong></span> <span class='ocrx_word' id='word_1_278' title='bbox 287 2971 370 3017; x_wconf 86' lang='lat' dir='ltr'><strong>parere</strong></span> <span class='ocrx_word' id='word_1_279' title='bbox 397 2957 540 3018; x_wconf 82' lang='lat' dir='ltr'><strong>potuissent.</strong></span> <span class='ocrx_word' id='word_1_280' title='bbox 581 2957 649 3005; x_wconf 83' lang='lat' dir='ltr'><strong>Cete-</strong></span> <span class='ocrx_word' id='word_1_281' title='bbox 681 2959 705 3004; x_wconf 93' lang='lat' dir='ltr'><strong>vi</strong></span> <span class='ocrx_word' id='word_1_282' title='bbox 719 2957 844 3020; x_wconf 85' lang='lat' dir='ltr'><strong>turpisque</strong></span> <span class='ocrx_word' id='word_1_283' title='bbox 860 2961 979 3008; x_wconf 81' lang='lat' dir='ltr'><strong>discessus</strong></span> <span class='ocrx_word' id='word_1_284' title='bbox 996 2961 1086 3008; x_wconf 90' lang='lat' dir='ltr'><strong>dicenti</strong></span> <span class='ocrx_word' id='word_1_285' title='bbox 1101 2962 1198 3010; x_wconf 83' lang='lat' dir='ltr'><strong>minue·</strong></span> 
     </span>
     <span class='ocr_line' id='line_1_33' title="bbox 133 3022 1199 3086; baseline 0.002 -15"><span class='ocrx_word' id='word_1_286' title='bbox 133 3023 189 3074; x_wconf 81' lang='lat' dir='ltr'><strong>runi</strong></span> <span class='ocrx_word' id='word_1_287' title='bbox 202 3022 335 3083; x_wconf 77' lang='lat' dir='ltr'><strong>expeditior</strong></span> <span class='ocrx_word' id='word_1_288' title='bbox 345 3028 382 3068; x_wconf 87' lang='lat' dir='ltr'><strong>est</strong></span> <span class='ocrx_word' id='word_1_289' title='bbox 398 3029 501 3082; x_wconf 85' lang='lat' dir='ltr'><strong>quatuor</strong></span> <span class='ocrx_word' id='word_1_290' title='bbox 511 3029 649 3069; x_wconf 85' lang='lat' dir='ltr'><strong>nostrorum</strong></span> <span class='ocrx_word' id='word_1_291' title='bbox 680 3028 724 3068; x_wconf 87' lang='lat' dir='ltr'><strong>ret.</strong></span> <span class='ocrx_word' id='word_1_292' title='bbox 759 3023 819 3069; x_wconf 84' lang='lat' dir='ltr'><strong>Haec</strong></span> <span class='ocrx_word' id='word_1_293' title='bbox 831 3025 936 3072; x_wconf 86' lang='lat' dir='ltr'><strong>Gronov.</strong></span> <span class='ocrx_word' id='word_1_294' title='bbox 949 3023 1031 3072; x_wconf 92' lang='lat' dir='ltr'><strong>Potuit</strong></span> <span class='ocrx_word' id='word_1_295' title='bbox 1048 3039 1144 3086; x_wconf 89' lang='lat' dir='ltr'><strong>quoque</strong></span> <span class='ocrx_word' id='word_1_296' title='bbox 1161 3027 1199 3073; x_wconf 93' lang='lat' dir='ltr'><strong>lu-</strong></span> 
     </span>
     <span class='ocr_line' id='line_1_34' title="bbox 133 3083 1200 3151; baseline 0.001 -15"><span class='ocrx_word' id='word_1_297' title='bbox 133 3091 245 3148; x_wconf 76' lang='lat' dir='ltr'><strong>codicum</strong></span> <span class='ocrx_word' id='word_1_298' title='bbox 257 3083 382 3146; x_wconf 78' lang='lat' dir='ltr'><strong>scriptura,</strong></span> <span class='ocrx_word' id='word_1_299' title='bbox 394 3086 446 3134; x_wconf 86' lang='lat' dir='ltr'><strong>Hie</strong></span> <span class='ocrx_word' id='word_1_300' title='bbox 459 3088 558 3135; x_wconf 81' lang='lat' dir='ltr'><strong>Touroo.</strong></span> <span class='ocrx_word' id='word_1_301' title='bbox 599 3103 603 3113; x_wconf 93' lang='lat'>·</span> <span class='ocrx_word' id='word_1_302' title='bbox 681 3087 737 3132; x_wconf 87' lang='lat' dir='ltr'><strong>dere</strong></span> <span class='ocrx_word' id='word_1_303' title='bbox 753 3085 848 3135; x_wconf 81' lang='lat' dir='ltr'><strong>Taurea</strong></span> <span class='ocrx_word' id='word_1_304' title='bbox 863 3089 890 3136; x_wconf 88' lang='lat' dir='ltr'><strong>in</strong></span> <span class='ocrx_word' id='word_1_305' title='bbox 907 3103 1041 3151; x_wconf 82' lang='lat' dir='ltr'><strong>cognomen</strong></span> <span class='ocrx_word' id='word_1_306' title='bbox 1059 3092 1200 3150; x_wconf 86' lang='lat' dir='ltr'><strong>adversarii,</strong></span> 
     </span>
    </p>

    <p class='ocr_par' dir='ltr' id='par_1_6' title="bbox 132 3151 1211 3474">
     <span class='ocr_line' id='line_1_35' title="bbox 168 3151 1211 3220; baseline 0.007 -23"><span class='ocrx_word' id='word_1_307' title='bbox 168 3152 219 3200; x_wconf 79' lang='lat'><strong>12·</strong></span> <span class='ocrx_word' id='word_1_308' title='bbox 229 3151 307 3206; x_wconf 65' lang='lat' dir='ltr'><strong>Qum</strong></span> <span class='ocrx_word' id='word_1_309' title='bbox 316 3153 379 3220; x_wconf 70' lang='lat' dir='ltr'><strong>joam¹</strong></span> <span class='ocrx_word' id='word_1_310' title='bbox 389 3156 442 3197; x_wconf 82' lang='lat' dir='ltr'><strong>unte</strong></span> <span class='ocrx_word' id='word_1_311' title='bbox 451 3151 569 3214; x_wconf 71' lang='lat' dir='ltr'><strong>firooilma</strong></span> <span class='ocrx_word' id='word_1_312' title='bbox 582 3151 649 3200; x_wconf 77' lang='lat' dir='ltr'><strong>dictis</strong></span> <span class='ocrx_word' id='word_1_313' title='bbox 681 3153 746 3212; x_wconf 86' lang='lat' dir='ltr'><strong>quod</strong></span> <span class='ocrx_word' id='word_1_314' title='bbox 758 3151 881 3207; x_wconf 58' lang='lat' dir='ltr'><strong>Karbinai</strong></span> <span class='ocrx_word' id='word_1_315' title='bbox 900 3157 965 3214; x_wconf 89' lang='lat' dir='ltr'><strong>apud</strong></span> <span class='ocrx_word' id='word_1_316' title='bbox 981 3156 1087 3210; x_wconf 76' lang='lat' dir='ltr'><strong>Graecos,</strong></span> <span class='ocrx_word' id='word_1_317' title='bbox 1099 3162 1129 3201; x_wconf 89' lang='lat' dir='ltr'><strong>ut</strong></span> <span class='ocrx_word' id='word_1_318' title='bbox 1144 3153 1211 3218; x_wconf 86' lang='lat' dir='ltr'><strong>jam·</strong></span> 
     </span>
     <span class='ocr_line' id='line_1_36' title="bbox 133 3213 1199 3278; baseline 0.004 -14"><span class='ocrx_word' id='word_1_319' title='bbox 133 3231 183 3264; x_wconf 85' lang='lat' dir='ltr'><strong>rem</strong></span> <span class='ocrx_word' id='word_1_320' title='bbox 204 3214 373 3278; x_wconf 66' lang='lat' dir='ltr'><strong>nobilitarunt]</strong></span> <span class='ocrx_word' id='word_1_321' title='bbox 396 3214 480 3268; x_wconf 83' lang='lat' dir='ltr'><strong>Quum</strong></span> <span class='ocrx_word' id='word_1_322' title='bbox 500 3213 570 3262; x_wconf 90' lang='lat' dir='ltr'><strong>initio</strong></span> <span class='ocrx_word' id='word_1_323' title='bbox 589 3217 649 3262; x_wconf 88' lang='lat' dir='ltr'><strong>cele·</strong></span> <span class='ocrx_word' id='word_1_324' title='bbox 681 3217 871 3278; x_wconf 86' lang='lat' dir='ltr'><strong>observavimus,</strong></span> <span class='ocrx_word' id='word_1_325' title='bbox 894 3219 983 3277; x_wconf 61' lang='lat' dir='ltr'><strong>mour,</strong></span> <span class='ocrx_word' id='word_1_326' title='bbox 1006 3221 1130 3266; x_wconf 75' lang='lat' dir='ltr'><strong>Romanus</strong></span> <span class='ocrx_word' id='word_1_327' title='bbox 1155 3235 1199 3268; x_wconf 87' lang='lat' dir='ltr'><strong>au·</strong></span> 
     </span>
     <span class='ocr_line' id='line_1_37' title="bbox 133 3279 1199 3344; baseline 0.004 -16"><span class='ocrx_word' id='word_1_328' title='bbox 133 3282 245 3340; x_wconf 72' lang='lat' dir='ltr'><strong>biitatem</strong></span> <span class='ocrx_word' id='word_1_329' title='bbox 266 3280 397 3340; x_wconf 85' lang='lat' dir='ltr'><strong>quamdam</strong></span> <span class='ocrx_word' id='word_1_330' title='bbox 419 3279 558 3340; x_wconf 67' lang='lat' dir='ltr'><strong>testumque</strong></span> <span class='ocrx_word' id='word_1_331' title='bbox 574 3287 650 3327; x_wconf 85' lang='lat' dir='ltr'><strong>certa-</strong></span> <span class='ocrx_word' id='word_1_332' title='bbox 682 3286 732 3327; x_wconf 89' lang='lat' dir='ltr'><strong>tem</strong></span> <span class='ocrx_word' id='word_1_333' title='bbox 748 3280 840 3329; x_wconf 81' lang='lat' dir='ltr'><strong>Asellus</strong></span> <span class='ocrx_word' id='word_1_334' title='bbox 855 3284 1076 3344; x_wconf 82' lang='lat' dir='ltr'><strong>cognominabatur.</strong></span> <span class='ocrx_word' id='word_1_335' title='bbox 1111 3285 1199 3332; x_wconf 85' lang='lat' dir='ltr'><strong>obser-</strong></span> 
     </span>
     <span class='ocr_line' id='line_1_38' title="bbox 133 3345 1200 3408; baseline 0.002 -15"><span class='ocrx_word' id='word_1_336' title='bbox 133 3346 367 3405; x_wconf 65' lang='lat' dir='ltr'><strong>mipjmoxtoturo</strong></span> <span class='ocrx_word' id='word_1_337' title='bbox 382 3345 651 3405; x_wconf 34' lang='lat' dir='ltr'><strong>perstaociaalctaut-</strong></span> <span class='ocrx_word' id='word_1_338' title='bbox 682 3351 723 3392; x_wconf 89' lang='lat' dir='ltr'><strong>vat</strong></span> <span class='ocrx_word' id='word_1_339' title='bbox 758 3347 826 3392; x_wconf 86' lang='lat' dir='ltr'><strong>idem</strong></span> <span class='ocrx_word' id='word_1_340' title='bbox 856 3349 991 3394; x_wconf 79' lang='lat' dir='ltr'><strong>Gronovius</strong></span> <span class='ocrx_word' id='word_1_341' title='bbox 1023 3349 1070 3393; x_wconf 92' lang='lat' dir='ltr'><strong>hoc</strong></span> <span class='ocrx_word' id='word_1_342' title='bbox 1101 3361 1200 3408; x_wconf 80' lang='lat' dir='ltr'><strong>prover·</strong></span> 
     </span>
     <span class='ocr_line' id='line_1_39' title="bbox 132 3410 1200 3474; baseline 0.003 -18"><span class='ocrx_word' id='word_1_343' title='bbox 132 3411 257 3458; x_wconf 74' lang='lat' dir='ltr'><strong>uidissent.</strong></span> <span class='ocrx_word' id='word_1_344' title='bbox 681 3410 750 3456; x_wconf 91' lang='lat' dir='ltr'><strong>bium</strong></span> <span class='ocrx_word' id='word_1_345' title='bbox 771 3412 845 3458; x_wconf 87' lang='lat' dir='ltr'><strong>aliam</strong></span> <span class='ocrx_word' id='word_1_346' title='bbox 866 3413 916 3458; x_wconf 90' lang='lat' dir='ltr'><strong>vim</strong></span> <span class='ocrx_word' id='word_1_347' title='bbox 938 3413 1059 3470; x_wconf 84' lang='lat' dir='ltr'><strong>babuisse,</strong></span> <span class='ocrx_word' id='word_1_348' title='bbox 1081 3414 1123 3458; x_wconf 87' lang='lat' dir='ltr'><strong>sed</strong></span> <span class='ocrx_word' id='word_1_349' title='bbox 1145 3427 1200 3474; x_wconf 79' lang='lat' dir='ltr'><strong>quoe</strong></span> 
     </span>
    </p>

    <p class='ocr_par' dir='ltr' id='par_1_7' title="bbox 131 3473 1274 4370">
     <span class='ocr_line' id='line_1_40' title="bbox 167 3473 1198 3535; baseline 0.002 -13"><span class='ocrx_word' id='word_1_350' title='bbox 167 3477 199 3522; x_wconf 79' lang='lat'><strong>13</strong></span> <span class='ocrx_word' id='word_1_351' title='bbox 215 3475 321 3520; x_wconf 76' lang='lat' dir='ltr'><strong>Minime</strong></span> <span class='ocrx_word' id='word_1_352' title='bbox 331 3474 382 3523; x_wconf 77' lang='lat' dir='ltr'><strong>sir.</strong></span> <span class='ocrx_word' id='word_1_353' title='bbox 393 3473 555 3522; x_wconf 61' lang='lat' dir='ltr'><strong>mediatum</strong></span> <span class='ocrx_word' id='word_1_354' title='bbox 566 3473 649 3535; x_wconf 81' lang='lat' dir='ltr'><strong>insor-</strong></span> <span class='ocrx_word' id='word_1_355' title='bbox 681 3473 743 3520; x_wconf 88' lang='lat' dir='ltr'><strong>nihil</strong></span> <span class='ocrx_word' id='word_1_356' title='bbox 755 3476 787 3520; x_wconf 89' lang='lat' dir='ltr'><strong>ad</strong></span> <span class='ocrx_word' id='word_1_357' title='bbox 803 3477 868 3523; x_wconf 90' lang='lat' dir='ltr'><strong>bunc</strong></span> <span class='ocrx_word' id='word_1_358' title='bbox 885 3477 967 3523; x_wconf 89' lang='lat' dir='ltr'><strong>locum</strong></span> <span class='ocrx_word' id='word_1_359' title='bbox 986 3476 1105 3535; x_wconf 87' lang='lat' dir='ltr'><strong>pertinere</strong></span> <span class='ocrx_word' id='word_1_360' title='bbox 1115 3477 1198 3524; x_wconf 88' lang='lat' dir='ltr'><strong>videa·</strong></span> 
     </span>
     <span class='ocr_line' id='line_1_41' title="bbox 133 3536 1274 3602; baseline 0.001 -16"><span class='ocrx_word' id='word_1_361' title='bbox 133 3539 171 3602; x_wconf 84' lang='lat' dir='ltr'><strong>ro]</strong></span> <span class='ocrx_word' id='word_1_362' title='bbox 186 3536 650 3596; x_wconf 53' lang='lat' dir='ltr'><strong>xurSslMGraecieartuursttltavsrl-</strong></span> <span class='ocrx_word' id='word_1_363' title='bbox 681 3543 730 3584; x_wconf 84' lang='lat' dir='ltr'><strong>tur·</strong></span> <span class='ocrx_word' id='word_1_364' title='bbox 762 3539 1064 3587; x_wconf 68' lang='lat' dir='ltr'><strong>Mtntmtucautlertem</strong></span> <span class='ocrx_word' id='word_1_365' title='bbox 1078 3540 1197 3602; x_wconf 75' lang='lat' dir='ltr'><strong>informe</strong></span> <span class='ocrx_word' id='word_1_366' title='bbox 1272 3569 1274 3576; x_wconf 92' lang='lat'>·</span> 
     </span>
     <span class='ocr_line' id='line_1_42' title="bbox 134 3601 1197 3666; baseline 0 -14"><span class='ocrx_word' id='word_1_367' title='bbox 134 3613 174 3652; x_wconf 75' lang='lat' dir='ltr'><strong>m</strong></span> <span class='ocrx_word' id='word_1_368' title='bbox 188 3605 286 3652; x_wconf 71' lang='lat' dir='ltr'><strong>clitella.</strong></span> <span class='ocrx_word' id='word_1_369' title='bbox 298 3644 303 3657; x_wconf 84' lang='lat'>‚</span> <span class='ocrx_word' id='word_1_370' title='bbox 317 3604 411 3650; x_wconf 83' lang='lat' dir='ltr'><strong>Latinis</strong></span> <span class='ocrx_word' id='word_1_371' title='bbox 427 3603 558 3650; x_wconf 75' lang='lat' dir='ltr'><strong>metherius</strong></span> <span class='ocrx_word' id='word_1_372' title='bbox 573 3617 650 3664; x_wconf 89' lang='lat' dir='ltr'><strong>equus</strong></span> <span class='ocrx_word' id='word_1_373' title='bbox 681 3601 707 3648; x_wconf 89' lang='lat' dir='ltr'><strong>id</strong></span> <span class='ocrx_word' id='word_1_374' title='bbox 724 3609 769 3657; x_wconf 87' lang='lat' dir='ltr'><strong>est,</strong></span> <span class='ocrx_word' id='word_1_375' title='bbox 787 3619 818 3650; x_wconf 89' lang='lat' dir='ltr'><strong>ne</strong></span> <span class='ocrx_word' id='word_1_376' title='bbox 834 3606 898 3650; x_wconf 76' lang='lat' dir='ltr'><strong>sirim</strong></span> <span class='ocrx_word' id='word_1_377' title='bbox 916 3607 975 3651; x_wconf 84' lang='lat' dir='ltr'><strong>elios</strong></span> <span class='ocrx_word' id='word_1_378' title='bbox 992 3607 1023 3651; x_wconf 91' lang='lat' dir='ltr'><strong>‹le</strong></span> <span class='ocrx_word' id='word_1_379' title='bbox 1039 3610 1064 3651; x_wconf 86' lang='lat' dir='ltr'><strong>te</strong></span> <span class='ocrx_word' id='word_1_380' title='bbox 1080 3619 1197 3666; x_wconf 68' lang='lat' dir='ltr'><strong>crescas,</strong></span> 
     </span>
     <span class='ocr_line' id='line_1_43' title="bbox 132 3667 1199 3728; baseline 0.002 -12"><span class='ocrx_word' id='word_1_381' title='bbox 132 3675 262 3726; x_wconf 75' lang='lat' dir='ltr'><strong>carnatus,</strong></span> <span class='ocrx_word' id='word_1_382' title='bbox 285 3667 469 3714; x_wconf 72' lang='lat' dir='ltr'><strong>et‘currtlrerr&#39;ut</strong></span> <span class='ocrx_word' id='word_1_383' title='bbox 492 3667 529 3714; x_wconf 84' lang='lat' dir='ltr'><strong>vel</strong></span> <span class='ocrx_word' id='word_1_384' title='bbox 558 3667 651 3716; x_wconf 77' lang='lat' dir='ltr'><strong>contle·</strong></span> <span class='ocrx_word' id='word_1_385' title='bbox 681 3673 709 3712; x_wconf 91' lang='lat' dir='ltr'><strong>ut</strong></span> <span class='ocrx_word' id='word_1_386' title='bbox 731 3668 788 3713; x_wconf 86' lang='lat' dir='ltr'><strong>vitis</strong></span> <span class='ocrx_word' id='word_1_387' title='bbox 809 3669 895 3716; x_wconf 83' lang='lat' dir='ltr'><strong>crescit</strong></span> <span class='ocrx_word' id='word_1_388' title='bbox 916 3675 996 3718; x_wconf 82' lang='lat' dir='ltr'><strong>stante</strong></span> <span class='ocrx_word' id='word_1_389' title='bbox 1017 3676 1042 3717; x_wconf 85' lang='lat' dir='ltr'><strong>et</strong></span> <span class='ocrx_word' id='word_1_390' title='bbox 1063 3670 1199 3728; x_wconf 84' lang='lat' dir='ltr'><strong>adminicu-</strong></span> 
     </span>
     <span class='ocr_line' id='line_1_44' title="bbox 131 3731 888 3791; baseline 0.001 -11"><span class='ocrx_word' id='word_1_391' title='bbox 131 3737 196 3780; x_wconf 87' lang='lat' dir='ltr'><strong>rr&#39;um</strong></span> <span class='ocrx_word' id='word_1_392' title='bbox 222 3731 399 3779; x_wconf 85' lang='lat' dir='ltr'><strong>adminiculum</strong></span> <span class='ocrx_word' id='word_1_393' title='bbox 425 3737 451 3778; x_wconf 92' lang='lat' dir='ltr'><strong>et</strong></span> <span class='ocrx_word' id='word_1_394' title='bbox 476 3734 649 3791; x_wconf 87' lang='lat' dir='ltr'><strong>pedamentum</strong></span> <span class='ocrx_word' id='word_1_395' title='bbox 681 3731 888 3781; x_wconf 84' lang='lat' dir='ltr'><strong>lantecantherio.</strong></span> 
     </span>
     <span class='ocr_line' id='line_1_45' title="bbox 131 3792 1198 3862; baseline 0.003 -18"><span class='ocrx_word' id='word_1_396' title='bbox 131 3797 219 3862; x_wconf 74' lang='lat' dir='ltr'><strong>vitium</strong></span> <span class='ocrx_word' id='word_1_397' title='bbox 229 3797 308 3842; x_wconf 72' lang='lat' dir='ltr'><strong>iustu</strong></span> <span class='ocrx_word' id='word_1_398' title='bbox 318 3797 453 3851; x_wconf 79' lang='lat' dir='ltr'><strong>tlircoe,vel</strong></span> <span class='ocrx_word' id='word_1_399' title='bbox 465 3792 530 3858; x_wconf 86' lang='lat' dir='ltr'><strong>jugi.</strong></span> <span class='ocrx_word' id='word_1_400' title='bbox 563 3796 648 3844; x_wconf 87' lang='lat' dir='ltr'><strong>Fodie-</strong></span> <span class='ocrx_word' id='word_1_401' title='bbox 714 3796 746 3842; x_wconf 76' lang='lat' dir='ltr'><strong>tt</strong></span> <span class='ocrx_word' id='word_1_402' title='bbox 763 3795 821 3850; x_wconf 76' lang='lat' dir='ltr'><strong>Qua</strong></span> <span class='ocrx_word' id='word_1_403' title='bbox 842 3811 886 3843; x_wconf 82' lang='lat' dir='ltr'><strong>voa</strong></span> <span class='ocrx_word' id='word_1_404' title='bbox 908 3800 934 3844; x_wconf 84' lang='lat' dir='ltr'><strong>to</strong></span> <span class='ocrx_word' id='word_1_405' title='bbox 955 3795 1081 3861; x_wconf 76' lang='lat' dir='ltr'><strong>rusticam]</strong></span> <span class='ocrx_word' id='word_1_406' title='bbox 1107 3796 1198 3848; x_wconf 80' lang='lat' dir='ltr'><strong>Merito</strong></span> 
     </span>
     <span class='ocr_line' id='line_1_46' title="bbox 132 3860 1198 3926; baseline 0.002 -18"><span class='ocrx_word' id='word_1_407' title='bbox 132 3863 221 3908; x_wconf 82' lang='lat' dir='ltr'><strong>bantm</strong></span> <span class='ocrx_word' id='word_1_408' title='bbox 247 3861 342 3908; x_wconf 75' lang='lat' dir='ltr'><strong>vinear</strong></span> <span class='ocrx_word' id='word_1_409' title='bbox 371 3861 398 3907; x_wconf 82' lang='lat' dir='ltr'><strong>iti</strong></span> <span class='ocrx_word' id='word_1_410' title='bbox 425 3861 490 3906; x_wconf 81' lang='lat' dir='ltr'><strong>fossa</strong></span> <span class='ocrx_word' id='word_1_411' title='bbox 514 3862 649 3921; x_wconf 79' lang='lat' dir='ltr'><strong>figebantur</strong></span> <span class='ocrx_word' id='word_1_412' title='bbox 680 3861 964 3910; x_wconf 85' lang='lat' dir='ltr'><strong>videturGronovioboc</strong></span> <span class='ocrx_word' id='word_1_413' title='bbox 976 3863 1130 3924; x_wconf 87' lang='lat' dir='ltr'><strong>proverbium</strong></span> <span class='ocrx_word' id='word_1_414' title='bbox 1143 3860 1198 3926; x_wconf 80' lang='lat' dir='ltr'><strong>jam</strong></span> 
     </span>
     <span class='ocr_line' id='line_1_47' title="bbox 131 3924 1199 3990; baseline 0.003 -18"><span class='ocrx_word' id='word_1_415' title='bbox 131 3924 259 3986; x_wconf 63' lang='lat' dir='ltr'><strong>antherii,</strong></span> <span class='ocrx_word' id='word_1_416' title='bbox 289 3925 377 3985; x_wconf 84' lang='lat' dir='ltr'><strong>quibua</strong></span> <span class='ocrx_word' id='word_1_417' title='bbox 409 3924 592 3984; x_wconf 74' lang='lat' dir='ltr'><strong>applicabantur</strong></span> <span class='ocrx_word' id='word_1_418' title='bbox 624 3932 649 3973; x_wconf 86' lang='lat' dir='ltr'><strong>et</strong></span> <span class='ocrx_word' id='word_1_419' title='bbox 680 3925 814 3985; x_wconf 88' lang='lat' dir='ltr'><strong>antiquitus</strong></span> <span class='ocrx_word' id='word_1_420' title='bbox 846 3933 971 3986; x_wconf 87' lang='lat' dir='ltr'><strong>receptum</strong></span> <span class='ocrx_word' id='word_1_421' title='bbox 1003 3929 1087 3982; x_wconf 77' lang='lat' dir='ltr'><strong>mnae,</strong></span> <span class='ocrx_word' id='word_1_422' title='bbox 1120 3941 1199 3990; x_wconf 90' lang='lat' dir='ltr'><strong>neque</strong></span> 
     </span>
     <span class='ocr_line' id='line_1_48' title="bbox 131 3988 1199 4061; baseline 0.006 -25"><span class='ocrx_word' id='word_1_423' title='bbox 131 3990 319 4050; x_wconf 80' lang='lat' dir='ltr'><strong>imponebantur</strong></span> <span class='ocrx_word' id='word_1_424' title='bbox 343 3996 433 4036; x_wconf 66' lang='lat' dir='ltr'><strong>tenues</strong></span> <span class='ocrx_word' id='word_1_425' title='bbox 459 3991 528 4036; x_wconf 82' lang='lat' dir='ltr'><strong>vitea.</strong></span> <span class='ocrx_word' id='word_1_426' title='bbox 570 3989 649 4050; x_wconf 78' lang='lat' dir='ltr'><strong>Igitur</strong></span> <span class='ocrx_word' id='word_1_427' title='bbox 680 3990 738 4036; x_wconf 90' lang='lat' dir='ltr'><strong>huic</strong></span> <span class='ocrx_word' id='word_1_428' title='bbox 759 3988 861 4037; x_wconf 76' lang='lat' dir='ltr'><strong>Taureae</strong></span> <span class='ocrx_word' id='word_1_429' title='bbox 886 3992 951 4040; x_wconf 87' lang='lat' dir='ltr'><strong>dicto</strong></span> <span class='ocrx_word' id='word_1_430' title='bbox 973 3994 1059 4040; x_wconf 88' lang='lat' dir='ltr'><strong>debere</strong></span> <span class='ocrx_word' id='word_1_431' title='bbox 1078 3992 1199 4061; x_wconf 74' lang='lat' dir='ltr'><strong>originem</strong></span> 
     </span>
     <span class='ocr_line' id='line_1_49' title="bbox 132 4053 1199 4114; baseline 0.002 -14"><span class='ocrx_word' id='word_1_432' title='bbox 132 4054 227 4114; x_wconf 84' lang='lat' dir='ltr'><strong>proprie</strong></span> <span class='ocrx_word' id='word_1_433' title='bbox 248 4053 390 4099; x_wconf 64' lang='lat' dir='ltr'><strong>crunnum</strong></span> <span class='ocrx_word' id='word_1_434' title='bbox 412 4056 439 4100; x_wconf 79' lang='lat' dir='ltr'><strong>ta</strong></span> <span class='ocrx_word' id='word_1_435' title='bbox 452 4053 520 4114; x_wconf 82' lang='lat' dir='ltr'><strong>sorra</strong></span> <span class='ocrx_word' id='word_1_436' title='bbox 541 4059 587 4112; x_wconf 86' lang='lat' dir='ltr'><strong>est,</strong></span> <span class='ocrx_word' id='word_1_437' title='bbox 606 4055 649 4102; x_wconf 88' lang='lat' dir='ltr'><strong>ubi</strong></span> <span class='ocrx_word' id='word_1_438' title='bbox 680 4065 760 4101; x_wconf 83' lang='lat' dir='ltr'><strong>suum.</strong></span> <span class='ocrx_word' id='word_1_439' title='bbox 785 4085 789 4095; x_wconf 57' lang='grc' dir='ltr'><em>ι</em></span> <span class='ocrx_word' id='word_1_440' title='bbox 1125 4063 1128 4070; x_wconf 92' lang='grc'><strong><em>·</em></strong></span> <span class='ocrx_word' id='word_1_441' title='bbox 1196 4063 1199 4068; x_wconf 89' lang='grc'><strong>“</strong></span> 
     </span>
     <span class='ocr_line' id='line_1_50' title="bbox 132 4117 1198 4186; baseline 0.004 -22"><span class='ocrx_word' id='word_1_442' title='bbox 132 4117 281 4164; x_wconf 70' lang='lat' dir='ltr'><strong>cantheriata</strong></span> <span class='ocrx_word' id='word_1_443' title='bbox 299 4117 355 4163; x_wconf 87' lang='lat' dir='ltr'><strong>vitis</strong></span> <span class='ocrx_word' id='word_1_444' title='bbox 373 4123 419 4166; x_wconf 82' lang='lat' dir='ltr'><strong>est.</strong></span> <span class='ocrx_word' id='word_1_445' title='bbox 451 4117 498 4165; x_wconf 87' lang='lat' dir='ltr'><strong>Sed</strong></span> <span class='ocrx_word' id='word_1_446' title='bbox 514 4118 572 4178; x_wconf 86' lang='lat' dir='ltr'><strong>quia</strong></span> <span class='ocrx_word' id='word_1_447' title='bbox 591 4133 648 4166; x_wconf 86' lang='lat' dir='ltr'><strong>can·</strong></span> <span class='ocrx_word' id='word_1_448' title='bbox 715 4117 746 4164; x_wconf 79' lang='lat'><strong>15</strong></span> <span class='ocrx_word' id='word_1_449' title='bbox 764 4117 878 4165; x_wconf 74' lang='lat' dir='ltr'><strong>Claudius</strong></span> <span class='ocrx_word' id='word_1_450' title='bbox 888 4135 972 4182; x_wconf 73' lang='lat' dir='ltr'><strong>,quum</strong></span> <span class='ocrx_word' id='word_1_451' title='bbox 995 4136 1024 4168; x_wconf 85' lang='lat' dir='ltr'><strong>erc</strong></span> <span class='ocrx_word' id='word_1_452' title='bbox 1045 4119 1098 4186; x_wconf 77' lang='lat' dir='ltr'><strong>vta]</strong></span> <span class='ocrx_word' id='word_1_453' title='bbox 1126 4121 1198 4171; x_wconf 77' lang='lat' dir='ltr'><strong>crau·</strong></span> 
     </span>
     <span class='ocr_line' id='line_1_51' title="bbox 132 4181 1198 4248; baseline 0.006 -20"><span class='ocrx_word' id='word_1_454' title='bbox 132 4183 223 4229; x_wconf 67' lang='lat' dir='ltr'><strong>menne</strong></span> <span class='ocrx_word' id='word_1_455' title='bbox 239 4181 313 4228; x_wconf 84' lang='lat' dir='ltr'><strong>etiam</strong></span> <span class='ocrx_word' id='word_1_456' title='bbox 332 4195 409 4245; x_wconf 84' lang='lat' dir='ltr'><strong>genus</strong></span> <span class='ocrx_word' id='word_1_457' title='bbox 424 4183 481 4242; x_wconf 86' lang='lat' dir='ltr'><strong>equi</strong></span> <span class='ocrx_word' id='word_1_458' title='bbox 497 4187 543 4237; x_wconf 83' lang='lat' dir='ltr'><strong>est,</strong></span> <span class='ocrx_word' id='word_1_459' title='bbox 556 4183 648 4230; x_wconf 86' lang='lat' dir='ltr'><strong>viaau·</strong></span> <span class='ocrx_word' id='word_1_460' title='bbox 681 4183 916 4244; x_wconf 84' lang='lat' dir='ltr'><strong>diusquumexvia</strong></span> <span class='ocrx_word' id='word_1_461' title='bbox 930 4185 955 4230; x_wconf 93' lang='lat' dir='ltr'><strong>in</strong></span> <span class='ocrx_word' id='word_1_462' title='bbox 969 4199 1083 4248; x_wconf 86' lang='lat' dir='ltr'><strong>campum</strong></span> <span class='ocrx_word' id='word_1_463' title='bbox 1100 4192 1198 4234; x_wconf 78' lang='lat' dir='ltr'><strong>rursum</strong></span> 
     </span>
     <span class='ocr_line' id='line_1_52' title="bbox 131 4247 1050 4312; baseline 0.007 -20"><span class='ocrx_word' id='word_1_464' title='bbox 131 4250 180 4292; x_wconf 73' lang='lat' dir='ltr'><strong>tan</strong></span> <span class='ocrx_word' id='word_1_465' title='bbox 198 4257 258 4292; x_wconf 81' lang='lat' dir='ltr'><strong>cura</strong></span> <span class='ocrx_word' id='word_1_466' title='bbox 280 4252 376 4306; x_wconf 82' lang='lat' dir='ltr'><strong>propter</strong></span> <span class='ocrx_word' id='word_1_467' title='bbox 394 4247 504 4294; x_wconf 82' lang='lat' dir='ltr'><strong>altiorem</strong></span> <span class='ocrx_word' id='word_1_468' title='bbox 526 4247 650 4308; x_wconf 87' lang='lat' dir='ltr'><strong>utrimque</strong></span> <span class='ocrx_word' id='word_1_469' title='bbox 681 4248 1050 4312; x_wconf 81' lang='lat' dir='ltr'><strong>evectuslongeperequitasset.</strong></span> 
     </span>
     <span class='ocr_line' id='line_1_53' title="bbox 132 4305 650 4370; baseline 0.004 -14"><span class='ocrx_word' id='word_1_470' title='bbox 132 4320 255 4370; x_wconf 71' lang='lat' dir='ltr'><strong>amputa,</strong></span> <span class='ocrx_word' id='word_1_471' title='bbox 266 4310 344 4358; x_wconf 86' lang='lat' dir='ltr'><strong>instar</strong></span> <span class='ocrx_word' id='word_1_472' title='bbox 357 4305 430 4358; x_wconf 82' lang='lat' dir='ltr'><strong>iossoe</strong></span> <span class='ocrx_word' id='word_1_473' title='bbox 439 4323 454 4368; x_wconf 70' lang='grc' dir='ltr'><strong>ς’</strong></span> <span class='ocrx_word' id='word_1_474' title='bbox 465 4312 569 4359; x_wconf 88' lang='lat' dir='ltr'><strong>illudens</strong></span> <span class='ocrx_word' id='word_1_475' title='bbox 584 4311 650 4360; x_wconf 81' lang='lat' dir='ltr'><strong>Tau·</strong></span> 
     </span>
    </p>
   </div>
   <div class='ocr_carea' id='block_1_6' title="bbox 0 0 1522 4972">
    <p class='ocr_par' dir='ltr' id='par_1_8' title="bbox 0 0 1522 4972">
     <span class='ocr_line' id='line_1_54' title="bbox 0 0 1522 4972; baseline 0 0"><span class='ocrx_word' id='word_1_476' title='bbox 0 0 1522 4972; x_wconf 95' lang='lat' dir='ltr'><strong> </strong></span> 
     </span>
    </p>
   </div>
  </div>
 </body>
</html>
