3060 4960
438 105 532 221 Llll.
552 159 654 220 XXX.
681 157 785 218 CAP.
805 157 956 218 XXXIX.
1163 161 1220 216 585

155 324 242 390 coelo
266 336 368 392 taeter
389 327 481 392 etiu
503 323 627 404 Palatio
652 321 812 410 lapidibus
836 323 927 410 pluit.
973 319 1014 386 ld
1038 319 1221 410 prodigium
1231 341 1369 414 u.c.sso.

155 433 247 478 mors
267 413 371 500 patrio
391 411 584 478 novemdiali
602 433 704 488 sacro,
719 425 825 476 cetera
848 409 959 475 hostiis
981 408 1368 494 atquepater-eccm·

156 499 254 583 piata.
275 501 359 565 inter
373 522 445 587 quta
459 500 554 566 etiam
575 519 729 585 aquarum
752 496 878 562 insolita
900 495 1088 584 magnitudo
1101 495 1134 558 in
1150 493 1225 560 reli·
1289 535 1294 546 .

157 585 285 672 gionem
299 609 400 652 versa.
424 607 498 652 nam
521 587 567 650 ita
580 584 755 652 abundavit
770 583 907 660 liberis,
918 595 959 649 'ut
974 581 1040 647 ludi
1058 581 1226 669 Apollina-

159 693 220 750 res,
232 676 319 738 circo
332 673 498 751 inundato,
511 683 605 737 extra
617 685 745 758 portam
762 669 922 735 Collinam
938 669 978 734 ad
994 669 1096 734 aedem
1113 668 1226 754 Eryci-

157 779 211 824 nae
226 760 360 826 Veneris
380 760 483 848 parati
496 759 571 827 sint.
615 758 767 824 Ceterum
788 757 937 821 ludomm
957 757 1029 842 ipso
1042 756 1105 833 die,
1122 755 1228 819 subita
1271 799 1274 802 -

160 846 328 912 serenitate
341 859 422 924 orta,
438 867 567 932 pompa,
578 845 652 910 duci
667 855 777 930 coepta
790 843 831 908 ad
847 855 973 929 portam
990 841 1162 919 Collinam,
1178 861 1227 906 re·

161 945 272 998 vocata
295 933 493 1020 deductaque
512 933 545 998 iu
570 933 689 998 circum
713 943 770 1007 eet,
785 951 884 1016 quum
906 929 1074 994 decessisse
1096 928 1173 993 inde
1193 951 1227 992 a·
1320 995 1322 1002 ,

157 1041 258 1104 quum
279 1021 463 1086 nunciatum
477 1029 567 1084 esset.
589 1018 797 1104 laetitiamque
809 1019 932 1102 populo
947 1028 978 1080 et
999 1015 1082 1080 ludis
1096 1014 1228 1080 celebri-

162 1118 260 1174 tatem
276 1105 400 1171 addidit
414 1103 503 1172 sedes
518 1127 575 1170 sua
588 1105 733 1170 sollemni
748 1103 926 1190 spectaculo
940 1103 1075 1168 reddita.

207 1193 378 1259 XXXIX.
402 1192 574 1262 Claudium
607 1189 788 1267 consulemp
809 1189 986 1276 profectum
1021 1187 1149 1254 taudem
1186 1188 1324 1276 abortant

159 1279 252 1358 urbe,
268 1280 351 1344 inter
372 1292 484 1366 portus
499 1279 658 1344 Coranum
674 1278 956 1362 Lauretanumque
973 1289 1067 1341 atrox
1083 1275 1128 1340 vis
1148 1267 1392 1380 tem-gwdfftfftf·
1409 1263 1412 1286 ¹

163 1365 292 1451 pestatis
317 1366 429 1431 adorta
454 1368 486 1430 in
512 1379 632 1430 metum
655 1365 815 1451 ingentem
842 1363 987 1427 adduxit.
1033 1347 1328 1446 ΡοριιΙοιιίω,ε’,ῗῖᾇΛ

164 1451 241 1517 iude
255 1475 352 1540 quum
375 1452 576 1537 pervenisset,
591 1447 786 1537 stetissetque
806 1449 862 1528 ibi,
879 1449 955 1514 dum
977 1449 1134 1536 reliquum
1149 1462 1229 1513 tem-

165 1542 295 1624 pestatis
320 1539 493 1616 exsaeriret,
510 1538 610 1603 Ilvam
636 1537 780 1614 insulam,
801 1548 833 1600 et
857 1535 898 1600 ab
925 1536 994 1601 llva
1018 1536 1191 1614 Corsicam,
1211 1557 1230 1600 a

167 1625 297 1692 Corsica
325 1626 359 1690 in
390 1625 568 1692 Sardiniam
597 1624 730 1710 trajecit.
783 1622 834 1686 Ibi
863 1633 1063 1708 superantem
1095 1621 1231 1687 insanos

168 1725 302 1794 montes,
327 1712 432 1777 multo
459 1717 491 1776 et
515 1711 627 1776 saevior
651 1724 685 1775 et
712 1709 927 1774 infestioribus
956 1709 1034 1774 l'ocia
1063 1722 1231 1794 tempestas

165 1799 291 1877 adorta,
309 1798 431 1886 disjecit
454 1798 596 1864 classem.
640 1795 759 1863 Multa
785 1807 940 1884 quassatae
969 1796 1234 1880 annamentisque

167 1886 312 1969 spoliatae
335 1907 447 1950 nares:
477 1883 626 1972 quaedam
654 1883 773 1948 fractae.
819 1883 870 1948 Ita
895 1894 1006 1948 vexata
1031 1904 1069 1946 ac
1098 1881 1235 1946 lacerata

167 1973 272 2037 classis
288 1973 418 2038 Carales
432 1972 546 2037 tenuit.
567 1971 623 2037 ubi
638 1971 715 2035 dum
733 1969 899 2034 subductas
920 1968 1109 2034 reficiuntur
1129 1989 1233 2045 naves,

169 2057 270 2124 hiems
295 2059 468 2146 obpressit:
497 2059 787 2144 circumactumque
811 2056 887 2130 aopi
916 2068 1052 2140 tempus,
1078 2067 1119 2132 et,
1145 2054 1235 2119 nullo
1288 2061 1291 2066 “

170 2161 366 2234 prorogante
388 2145 569 2230 imperium,
593 2145 733 2228 privatus
760 2143 813 2208 Ti.
837 2141 991 2209 Claudius
1015 2142 1144 2207 classem
1168 2142 1235 2206 Ro·

171 2253 257 2295 mam
280 2230 420 2296 reduxit.
465 2230 514 2295 M.
532 2231 693 2309 Servilius,
709 2251 750 2294 ue
765 2230 965 2295 comitiorum
988 2249 1099 2293 caussa
1117 2229 1158 2294 ad
1173 2249 1236 2294 nr·

172 2317 245 2382 bem
274 2329 483 2393 revocaretur,
506 2315 661 2402 dictatore
686 2317 773 2382 dicto
801 2315 840 2381 C.
865 2315 999 2382 Servilio
1026 2315 1176 2395 Gemino,
1204 2316 1237 2380 in

170 2403 367 2488 provinciam
380 2416 428 2468 est
449 2401 617 2488 profectus.
661 2403 810 2468 Dictator
830 2403 1018 2491 magistrum
1039 2403 1182 2490 equitum
1199 2401 1236 2466 P.

173 2489 298 2554 AElium
325 2488 450 2555 Paetum
476 2489 566 2554 dixit
612 2490 706 2575 Soepo
731 2490 858 2555 comitia
883 2489 1005 2556 indicta
1026 2489 1135 2576 perfici
1158 2503 1238 2554 tem·

171 2587 305 2662 penteres
333 2575 578 2660 prohibuerunt.
607 2577 722 2662 itaque,
753 2598 851 2663 quum
877 2576 1017 2661 ⁶³pridie
1043 2571 1119 2642 Idus
1145 2575 1238 2640 Mar-

173 2663 232 2727 tias
245 2662 272 2702 ⁶¹
280 2674 399 2727 veteres
414 2662 616 2747 magistratu‘
629 2663 777 2740 abissent,
793 2664 867 2729 novi
888 2663 1021 2729 subiecti
1043 2686 1108 2728 non
1124 2675 1237 2738 essent,

174 2747 351 2834 respublica
372 2751 439 2814 sine
460 2748 623 2814 curulibus
644 2750 878 2838 magistratibus
900 2763 978 2816 erut.
1023 2749 1078 2814 T!
1096 2749 1239 2814 Manlius
1275 2819 1279 2826 ,

175 2835 364 2922 Torquatus
378 2835 520 2920 pontifex
533 2858 572 2900 eo
586 2857 671 2900 anno
693 2848 847 2902 mortuus.
868 2836 1020 2904 inlocum
1037 2838 1103 2922 ejus
1117 2836 1240 2902 subfec-

174 2934 226 2987 tus
245 2923 284 2987 C.
302 2922 461 3007 Sulpicius
476 2921 594 2990 Galba.
639 2923 692 2988 Ab
707 2923 747 2987 L.
764 2921 1040 3008 LicinioLucullo
1054 2937 1087 2988 et
1100 2924 1145 3000 Q.
1162 2925 1240 2994 Ful·

175 3009 227 3072 vio
237 3009 389 3075 aedilibus
404 3009 565 3074 curulibus
580 3009 646 3074 ludi
664 3009 803 3074 Romani
820 3009 942 3074 terrori
957 3011 1133 3075 instaurati.
1180 3009 1240 3075 Pe·
1289 3059 1291 3072 .

175 3095 300 3160 cuniam
315 3119 356 3160 err
370 3096 484 3160 aerario
506 3093 619 3160 scribta
634 3095 830 3182 viatoresque
853 3095 974 3161 aedilitii
994 3097 1075 3162 clam
1091 3099 1241 3184 egessisse

176 3203 235 3266 per
256 3182 394 3246 indicem
415 3204 485 3246 com
510 3183 580 3262 etti,
594 3181 737 3246 damnati
758 3195 841 3259 suut,
857 3204 922 3247 nou
945 3183 1013 3247 sine
1031 3182 1162 3247 iufamia
1176 3186 1240 3246 Lu-

178 3267 255 3332 culli
269 3267 381 3332 oedilis.
424 3267 461 3332 P.
524 3268 585 3333 lius
600 3268 731 3334 Tubero
749 3281 781 3333 et
795 3268 836 3334 L.
847 3269 1005 3334 Laetorius
1019 3269 1127 3334 aediles
1141 3269 1242 3354 plebis

172 3355 255 3418 ⁴vitiu
270 3355 377 3432 creati,
394 3375 443 3418 ma
469 3354 578 3419 ‘stratu
593 3377 626 3418 se
641 3348 840 3436 abdicarirut,
854 3378 954 3442 quum
968 3355 1063 3420 ludos
1077 3355 1242 3421 ludorum·

178 3463 240 3526 que
253 3463 362 3506 caussa
383 3462 446 3526 epu
459 3459 512 3505 um
527 3441 599 3506 Jovi
623 3440 777 3520 fecissent,
793 3455 825 3506 et
847 3443 937 3530 signa
957 3443 1019 3508 tria
1040 3464 1079 3506 ex
1102 3443 1242 3508 multati·

177 3527 229 3592 cio
243 3540 376 3615 argento
394 3527 476 3592 facta
496 3529 528 3591 in
546 3527 705 3612 Capitolio
727 3528 915 3614 posuissent.
959 3528 1137 3604 ⁶⁵Cerealia
1150 3529 1244 3594 ludos

178 3613 315 3680 dictator
328 3626 361 3679 et
374 3615 524 3702 magister
538 3616 680 3701 equitum
697 3637 738 3679 ex
752 3615 1025 3682 senatusconsulto
1038 3615 1193 3682 fecerunt.

405 3755 590 3864 ‘magddtratur
601 3801 676 3849 Gran.
689 3802 758 3848 Cret.
888 3793 939 3848 fl..
951 3801 1018 3850 End.

214 3965 245 4008 63
262 3962 347 4008 Pridie
357 3961 418 4010 Idus
427 3960 545 4026 Martias]
561 3964 625 4012 Olim
642 3964 695 4010 ede·
728 3962 794 4008 xime
809 3969 923 4022 sequente
940 3963 1046 4010 membro
1060 3964 1181 4024 repetendi
1196 3964 1246 4012 sint

181 4029 252 4076 batur
258 4034 347 4088 proter
357 4028 424 4074 Iduu-
456 4029 696 4090 conexitSigouius,
729 4027 870 4073 nominativi
894 4030 1056 4090 magistram
1079 4031 1181 4088 armies,
1205 4031 1246 4090 qui

182 4093 696 4150 inquoasseutiaatesbabetduoaenostriu
729 4093 898 4140 referanturad
915 4093 1152 4142 abuetmeaetnmi.
1185 4095 1247 4143 Sane

171 4157 252 4204 ¹codd.
505 4183 509 4191 ·
730 4155 817 4216 ubique
825 4157 907 4204 Livius
918 4159 1000 4205 scribit
1008 4159 1073 4205 abire
1082 4161 1245 4222 magistratu

215 4225 247 4266 64
273 4220 367 4268 Veteres
392 4224 552 4283 mgistratua
567 4220 696 4285 amamur]
729 4235 852 4282 nunquam
863 4227 1022 4284 magistratus
1032 4226 1126 4271 abeunt

181 4286 256 4333 dubet
277 4286 323 4346 legi
341 4287 476 4335 Gronovius
497 4295 585 4336 urtam
605 4291 697 4350 mugir-
761 4291 793 4334 6⁵
811 4288 919 4337 Cerealia
930 4287 1007 4350 ludos]
1018 4291 1056 4338 Sic
1064 4298 1088 4337 et
1099 4292 1116 4336 l.
1124 4290 1248 4338 xxxiv.

183 4358 249 4398 tratas
263 4351 381 4403 abuerat:
397 4353 434 4400 'sta
443 4360 472 4400 ut
486 4367 514 4402 ex
525 4367 596 4402 sensu
607 4359 631 4408 at
642 4369 695 4417 pro·
729 4368 749 4399 c.
762 4359 800 4400 5⁴.
818 4353 953 4415 Megalesia
971 4356 1037 4404 ludos
1054 4357 1172 4404 amariora:
1189 4361 1215 4402 et
1229 4357 1246 4404 l.
