3122 4962
343 211 401 266 oss
734 206 845 279 riri
876 203 1011 266 ntuli

187 395 215 440 u.
227 375 254 440 cl
266 377 321 440 tls.
345 373 386 436 ab
406 369 472 436 alto
493 363 620 457 portum
642 369 683 435 ab
705 371 853 435 omnibus
867 371 978 450 ventis,
995 377 1204 460 proeter'qunm
1221 363 1340 451 ulrico,
1357 383 1407 439 ta'«

185 463 215 508 Α·
227 459 255 506 C·
266 459 320 505 ²¹⁰·
333 471 414 522 *tum
426 455 511 523 fucit.
534 457 574 522 ab
586 457 700 521 intimo
711 457 782 520 sinu
795 459 962 542 peninsula
971 460 1121 537 excurrit,
1133 459 1273 542 tumulus
1287 461 1315 526 is
1329 461 1405 546 ipse,

347 543 464 648 inquo
486 543 614 611 conditu
636 545 712 609 urbs
735 557 791 620 est,
806 547 846 607 ab
867 557 944 609 ortu·
962 543 1037 609 solis
1056 558 1087 610 et
1110 569 1130 610 a
1151 547 1283 612 meridie
1305 547 1405 611 cincta

346 652 443 696 man:
467 630 634 696 abscessu
649 644 794 715 stagnum
811 631 938 711 claudit,
954 630 1095 714 paullum
1117 632 1203 697 etad
1220 635 1405 718 septentrio-

346 739 419 787 nem
441 716 564 794 fusum3
587 717 716 780 incertae
741 715 927 796 altitudinis,
950 717 1155 806 ”utcumque
1176 734 1331 784 exaestuat
1353 731 1406 784 aut

346 804 455 888 delicit¹
478 799 589 868 mere(
623 803 807 868 Continenti
832 803 948 867 urbem
964 805 1079 890 jugum
1108 806 1262 870 ducentos
1287 805 1352 870 iere
1376 819 1407 870 et

347 889 577 978 quinquaginta
592 911 704 976 passus
714 905 825 975 patens
838 889 1010 976 conjungit.
1033 891 1118 956 unde
1129 915 1226 978 quum
1239 906 1303 956 tam
1319 891 1406 977 parvi

346 978 451 1062 operis
473 977 608 1041 munitio
628 989 718 1052 esset,
733 997 800 1040 uon
820 976 936 1063 objecit
952 976 1066 1041 vallum
1090 979 1265 1064 imperator
1289 978 1407 1044 Romu-

347 1085 424 1129 nus:
448 1085 501 1128 seu
517 1063 665 1128 fiduciam
680 1061 763 1128 hosti
785 1065 920 1148 superbe
941 1076 1110 1142 ostentans,
1126 1065 1191 1129 sive
1206 1077 1241 1130 ut
1261 1063 1406 1130 subeunti

347 1171 432 1234 saepe
446 1149 488 1215 ad
503 1149 620 1214 moenis
637 1148 722 1212 urbis
738 1169 880 1213 recursus
897 1163 1025 1234 pateret.
1324 1213 1327 1218 .

392 1233 527 1302 XLIII.
551 1235 679 1315 Cetera,
700 1256 771 1320 quae
793 1235 964 1301 munienda
985 1249 1085 1315 erant,
1101 1259 1201 1323 quum
1218 1235 1408 1324 perfecisset,

347 1343 442 1387 neves
464 1322 558 1386 etiam
581 1322 614 1385 in
640 1334 746 1406 portu,
767 1321 852 1385 velut
873 1322 1062 1388 maritimam
1093 1346 1219 1410 quoque
1247 1336 1407 1392 ostentans

348 1408 555 1483 obsidionem,
571 1408 720 1472 instruxit
730 1430 750 1470 ε-
761 1408 1050 1495 circumvectusque
1067 1408 1211 1489 classem,
1227 1425 1329 1498 quum¹
1341 1429 1407 1474 mo·

347 1495 465 1560 nuisset
487 1493 651 1580 praefectos
671 1495 811 1571 nuvium,
829 1508 862 1558 ut
877 1495 905 1558 vi
930 1495 996 1561 ‘lias
1018 1508 1188 1562 nocturnas
1210 1497 1323 1563 intenti
1344 1519 1407 1561 ser·

348 1595 469 1658 vetent,
492 1583 600 1646 omnia
622 1580 738 1668 ubique
758 1581 863 1667 primo
884 1517 1043 1646 offiessum
1067 1581 1187 1647 hostem
1210 1585 1336 1648 conari:
1360 1606 1406 1648 re-

346 1691 472 1756 gressus
488 1667 519 1731 in
535 1680 645 1746 eastre,
662 1682 698 1732 ut
712 1667 834 1734 consilii
849 1669 895 1731 sui
917 1670 1085 1746 rationem,
1101 1668 1188 1755 qnod
1202 1669 1243 1735 ab
1258 1669 1337 1734 urbe
1351 1693 1407 1755 po·

348 1755 500 1821 tissimum
516 1753 731 1844 obpugnanda
745 1753 863 1818 bellum
879 1775 968 1819 orsus
988 1768 1077 1831 esset,
1094 1755 1245 1822 militibus
1259 1756 1406 1822 ostende-

348 1855 406 1918 ret,
426 1855 456 1906 et
480 1865 494 1906 s
518 1863 568 1905 em
589 1839 755 1926 potiundae
776 1839 975 1906 cohortando
995 1842 1121 1920 faceret,
1136 1842 1290 1908 concione
1312 1843 1408 1908 advo·

185 1943 332 2018 conomius
347 1941 417 1995 cata
431 1928 476 1993 ito
489 1863 655 1992 disseruit:
670 1928 733 2018 ,Aa
745 1927 845 1992 urbem
859 1949 951 1992 unam
972 1929 1204 2014 obpugnandum
1218 1931 1248 1995 si
1268 1932 1337 2014 quis
1358 1952 1408 1996 uos

183 2007 275 2054 ΝΜ
287 2005 492 2082 sc'’adductos
506 2016 614 2092 credit,
632 2015 771 2098 ismagis
784 2015 887 2097 aperis
900 2015 1005 2090 astri,
1021 2037 1111 2100 quam
1121 2018 1312 2080 emolumenti
1324 2015 1408 2080 ³⁰ra·

186 2071 235 2134 1³¹0·
346 2107 458 2170 tionem
467 2111 614 2178 exactam,
626 2102 746 2175 milites,
759 2099 860 2164 babet.
896 2099 1207 2186 Odpugaabitiseuiu
1218 2104 1409 2168 menania

345 2193 436 2256 unitis
450 2190 544 2266 urbis,
559 2190 612 2252 sed
633 2189 667 2251 in
687 2187 836 2251 una'urue
856 2189 1026 2252 uniuersam
1048 2187 1189 2271 ceperitis
1206 2188 1408 2272 Hispaniam.

348 2278 413 2343 Hie
426 2285 497 2342 sunt
510 2275 627 2339 obsides
640 2273 770 2336 omnium
785 2273 930 2336 nobilium
952 2296 1054 2359 regum
1060 2277 1321 2360 populorumque.-
1344 2276 1408 2360 qui,

345 2367 434 2430 simul
449 2365 482 2426 in
490 2369 646 2445 potestate
658 2369 758 2424 uestra
773 2369 872 2436 erunt,
888 2363 1037 2438 cntempla
1051 2363 1166 2439 annia,
1181 2383 1249 2446 qua
1263 2383 1342 2426 nunc
1355 2361 1410 2426 sub

346 2447 658 2532 Karthaginiensibus
671 2455 751 2523 sunt,
763 2447 797 2509 in
808 2447 954 2510 ditionem
965 2449 1100 2512 tradent.
1132 2447 1336 2530 Hicpeeunia
1348 2470 1410 2512 om·

346 2537 396 2599 uis
409 2537 547 2609 hostiurn,
563 2535 630 2598 sinc
644 2553 705 2616 qua
726 2553 821 2616 raeque
835 2533 886 2596 illi
896 2555 1004 2618 gerere
1017 2533 1123 2597 bellam
1140 2543 1278 2616 possunt,
1295 2537 1411 2618 qurime

274 2659 279 2666 ·
344 2623 402 2706 qui
414 2621 615 2684 mercenarios
625 2620 773 2682 exereitus
782 2621 901 2690 aiant&-
925 2628 955 2682 ct
965 2639 1033 2704 quce
1043 2619 1130 2684 nobis
1142 2621 1274 2684 manime
1287 2623 1358 2685 usui
1365 2623 1412 2684 ud

346 2707 551 2772 conciliandos
571 2706 689 2768 animos
706 2703 904 2768 barbararum
926 2707 998 2770 erit.
1042 2706 1111 2770 Hic
1132 2715 1292 2782 tumenta,
1308 2727 1410 2782 armo,

346 2801 546 2869 armamenta,
562 2802 593 2856 et
606 2792 702 2866 annis
718 2791 890 2873 adparatus
904 2791 977 2854 belli
990 2801 1043 2868 est,
1060 2793 1114 2875 qui
1133 2794 1223 2856 simul
1243 2803 1339 2858 etuas
1360 2795 1413 2856 in·

346 2891 453 2956 stnrct,
464 2889 494 2944 et
504 2880 602 2942 hostes
612 2877 749 2941 nudabit.
773 2878 933 2942 Potiemur
943 2875 1096 2960 praterea
1106 2899 1195 2962 quum
1204 2880 1413 2960 pulcherrima

345 2968 633 3050 opulentissimaque
642 2963 724 3038 urbe,
737 2973 798 3026 mne
813 2965 1068 3046 opportunissima
1078 2975 1174 3046 portu
1185 2967 1317 3050 egregie,
1328 2969 1414 3028 unde

346 3065 432 3119 terra
443 3053 590 3135 marique,
602 3071 671 3134 qua
681 3051 754 3113 belli
763 3071 832 3114 iesus
840 3060 982 3132 poscunt,
991 3051 1229 3134 suppeditentur.
1245 3073 1312 3134 qua
1320 3073 1413 3134 quim

346 3161 460 3224 magna
474 3140 537 3221 ipsi
549 3136 732 3214 habebimus,
747 3145 809 3199 tum
824 3137 1014 3202 deterserimus
1028 3137 1161 3204 hostibus
1170 3139 1264 3200 multo
1277 3136 1412 3220 majora.

347 3227 426 3292 Hcec
437 3225 501 3290 illis
515 3247 585 3300 aru,
594 3224 649 3287 dac
659 3223 809 3298 horreum,
822 3224 977 3301 erarium,
988 3225 1268 3300 amnamentarium,
1280 3225 1337 3288 doc
1347 3246 1413 3290 oru-

346 3315 429 3376 nium
443 3331 543 3376 rerum
557 3311 776 3392 rcccptoadurn
790 3318 844 3373 est.
889 3308 976 3374 Hinc
990 3319 1087 3374 rectus
1101 3311 1134 3372 in
1149 3309 1293 3394 Africani
1308 3331 1415 3376 uermes

345 3409 410 3464 cst:
431 3400 496 3462 trac
516 3419 579 3462 una
601 3399 684 3460 inter
696 3396 879 3480 Burunaeum
900 3404 931 3460 et
947 3393 1053 3460 Gades
1071 3397 1185 3460 statio.-
1207 3394 1315 3460 ³¹irinc
1329 3399 1416 3462 orani

346 3487 519 3569 Hispania
530 3485 658 3548 inminet
669 3482 794 3566 Africa.
838 3482 906 3558 Sed,
920 3481 1060 3564 quoniam
1075 3503 1127 3546 uus
1141 3483 1347 3548 instructoset
1361 3505 1417 3546 or-

346 3576 470 3637 dinatos
490 3591 639 3656 cognosco,
655 3569 703 3630 aci
711 3567 936 3652 Karthaginem
953 3589 1061 3632 nevam
1082 3567 1316 3652 oiptegnaudam
1337 3571 1417 3634 totis

347 3660 463 3724 uiribus
477 3668 507 3722 ct
518 3657 595 3720 bono
604 3655 708 3718 animo
717 3663 915 3718 annuamus.
943 3653 1115 3742 Quumque
1125 3676 1235 3720 omnes
1248 3675 1311 3732 una
1320 3675 1417 3733 uoce,

749 3808 838 3856 talant
849 3809 922 3856 Gian·
935 3809 1004 3860 Creu.

379 3945 412 3992 29
430 3943 560 4008 Utcunque]
581 3942 701 4004 nempe
715 3941 781 3988 idem
797 3941 863 3994 ruet
925 3941 956 3988 31
980 3939 1046 3986 Hinc
1068 3941 1131 3986 omni
1151 3937 1279 3999 tremate
1302 3941 1417 3996 imminet

348 4025 376 4058 ae
397 4007 599 4070 quomodocunque,
619 4007 657 4054 vel
673 4008 861 4066 quotiescunque
894 4000 991 4068 Africa]
1010 4005 1148 4064 Elegsnset
1165 4003 1417 4064 seduloquendi'fi·

349 4079 374 4119 at
397 4085 445 4119 non
467 4073 572 4118 sumitur
595 4073 680 4118 eodem
708 4083 790 4125 muru,
814 4083 862 4130 quo
894 4083 963 4130 gnra.
983 4081 1057 4130 quam
1077 4067 1111 4114 sic
1130 4070 1180 4116 fere
1199 4069 1299 4127 exponit
1316 4070 1419 4126 Grono-

344 4142 424 4198 prout.
458 4137 516 4182 ideo
532 4136 584 4182 Joe.
602 4136 740 4182 Gronovius
755 4136 863 4195 suspica·
894 4136 956 4182 vius.
990 4133 1065 4191 Hinc,
1084 4139 1200 4194 tanquam
1223 4145 1254 4180 ex
1274 4146 1330 4181 arce
1350 4147 1418 4194 quu-

350 4209 390 4248 tur
404 4201 544 4262 legendum,
554 4205 623 4260 utque
638 4202 750 4245 exarmat
766 4204 807 4245 aut
823 4199 861 4246 dc-
894 4199 960 4252 dnm,
977 4198 1089 4244 inauret
1105 4198 1198 4253 elisua,
1215 4197 1241 4245 id
1256 4205 1293 4244 est
1311 4198 1417 4252 raom.

344 4267 475 4328 Jtcitmare.
896 4263 940 4308 toti
953 4262 1089 4323 Hispania,
1101 4263 1140 4310 cui
1153 4258 1243 4332 jugam
1261 4263 1350 4322 partim
1364 4264 1419 4316 im·

381 4330 435 4384 30*
445 4331 571 4377 Rationem
591 4335 697 4374 sanctam
718 4359 744 4375 ..
757 4361 765 4376 .
784 4328 861 4390 lubet]
896 4328 984 4386 posuit,
996 4327 1085 4386 panim
1096 4327 1211 4386 mineum

351 4395 478 4450 Rationem
489 4394 577 4454 exegit,
587 4394 691 4442 calculas
702 4393 824 4460 subduxit·
840 4397 844 4405 “·
