<?xml version="1.0" encoding="UTF-8"?>
<!DOCTYPE html PUBLIC "-//W3C//DTD XHTML 1.0 Transitional//EN"
    "http://www.w3.org/TR/xhtml1/DTD/xhtml1-transitional.dtd">
<html xmlns="http://www.w3.org/1999/xhtml" xml:lang="en" lang="en">
 <head>
  <title>
</title>
<meta http-equiv="Content-Type" content="text/html;charset=utf-8" />
  <meta name='ocr-system' content='tesseract 3.04.00' />
  <meta name='ocr-capabilities' content='ocr_page ocr_carea ocr_par ocr_line ocrx_word'/>
</head>
<body>
  <div class='ocr_page' id='page_1' title='image "./tliviipatavinih00crevgoog/tliviipatavinih00crevgoog_0595.png"; bbox 0 0 3060 4960; ppageno 0'>
   <div class='ocr_carea' id='block_1_1' title="bbox 350 135 1068 220">
    <p class='ocr_par' dir='ltr' id='par_1_1' title="bbox 350 135 1068 220">
     <span class='ocr_line' id='line_1_1' title="bbox 350 135 1068 220; baseline -0.007 -18"><span class='ocrx_word' id='word_1_1' title='bbox 350 139 419 206; x_wconf 80' lang='lat' dir='ltr'><strong>:ms</strong></span> <span class='ocrx_word' id='word_1_2' title='bbox 614 151 616 158; x_wconf 45' lang='lat'><strong>⁴</strong></span> <span class='ocrx_word' id='word_1_3' title='bbox 755 135 1032 220; x_wconf 68' lang='lat' dir='ltr'><strong>r1r1uz1v1t</strong></span> <span class='ocrx_word' id='word_1_4' title='bbox 1064 145 1068 172; x_wconf 65' lang='lat'><em>2</em></span> 
     </span>
    </p>
   </div>
   <div class='ocr_carea' id='block_1_2' title="bbox 95 301 1402 485">
    <p class='ocr_par' dir='ltr' id='par_1_2' title="bbox 95 301 1402 485">
     <span class='ocr_line' id='line_1_2' title="bbox 198 301 1401 405; baseline 0.002 -36"><span class='ocrx_word' id='word_1_5' title='bbox 198 317 267 371; x_wconf 59' lang='lat' dir='ltr'><strong>ute.</strong></span> <span class='ocrx_word' id='word_1_6' title='bbox 279 325 334 369; x_wconf 80' lang='lat' dir='ltr'><strong>sn.</strong></span> <span class='ocrx_word' id='word_1_7' title='bbox 358 303 592 391; x_wconf 49' lang='lat' dir='ltr'><strong>gsss‘delsclu</strong></span> <span class='ocrx_word' id='word_1_8' title='bbox 615 301 735 381; x_wconf 82' lang='lat' dir='ltr'><strong>babitu,</strong></span> <span class='ocrx_word' id='word_1_9' title='bbox 755 302 944 405; x_wconf 68' lang='lat' dir='ltr'><strong>meurisse,</strong></span> <span class='ocrx_word' id='word_1_10' title='bbox 956 316 989 370; x_wconf 88' lang='lat' dir='ltr'><strong>et</strong></span> <span class='ocrx_word' id='word_1_11' title='bbox 1010 327 1044 370; x_wconf 88' lang='lat' dir='ltr'><strong>se</strong></span> <span class='ocrx_word' id='word_1_12' title='bbox 1066 303 1150 370; x_wconf 89' lang='lat' dir='ltr'><strong>bello</strong></span> <span class='ocrx_word' id='word_1_13' title='bbox 1170 305 1319 372; x_wconf 75' lang='lat' dir='ltr'><strong>lacessisse</strong></span> <span class='ocrx_word' id='word_1_14' title='bbox 1332 309 1401 372; x_wconf 54' lang='lat' dir='ltr'><strong>*een-</strong></span> 
     </span>
     <span class='ocr_line' id='line_1_3' title="bbox 95 388 1402 485; baseline 0.002 -30"><span class='ocrx_word' id='word_1_15' title='bbox 95 469 100 485; x_wconf 26' lang='lat' dir='ltr'>x</span> <span class='ocrx_word' id='word_1_16' title='bbox 196 388 226 434; x_wconf 65' lang='grc' dir='ltr'><strong>Α·</strong></span> <span class='ocrx_word' id='word_1_17' title='bbox 239 389 265 435; x_wconf 75' lang='lat'><strong>⁰·</strong></span> <span class='ocrx_word' id='word_1_18' title='bbox 278 395 336 436; x_wconf 61' lang='grc' dir='ltr'><strong>Μ’</strong></span> <span class='ocrx_word' id='word_1_19' title='bbox 359 391 537 468; x_wconf 72' lang='lat' dir='ltr'><strong>mainadas,</strong></span> <span class='ocrx_word' id='word_1_20' title='bbox 553 405 586 456; x_wconf 86' lang='lat' dir='ltr'><strong>et</strong></span> <span class='ocrx_word' id='word_1_21' title='bbox 607 412 692 475; x_wconf 76' lang='lat' dir='ltr'><strong>saepe</strong></span> <span class='ocrx_word' id='word_1_22' title='bbox 706 413 779 456; x_wconf 85' lang='lat' dir='ltr'><strong>cum</strong></span> <span class='ocrx_word' id='word_1_23' title='bbox 805 389 961 475; x_wconf 80' lang='lat' dir='ltr'><strong>praefecus</strong></span> <span class='ocrx_word' id='word_1_24' title='bbox 983 393 1049 456; x_wconf 90' lang='lat' dir='ltr'><strong>suis</strong></span> <span class='ocrx_word' id='word_1_25' title='bbox 1068 392 1166 480; x_wconf 87' lang='lat' dir='ltr'><strong>signis</strong></span> <span class='ocrx_word' id='word_1_26' title='bbox 1186 392 1315 458; x_wconf 85' lang='lat' dir='ltr'><strong>conlatis</strong></span> <span class='ocrx_word' id='word_1_27' title='bbox 1335 417 1402 481; x_wconf 88' lang='lat' dir='ltr'><strong>pug-</strong></span> 
     </span>
    </p>
   </div>
   <div class='ocr_carea' id='block_1_3' title="bbox 350 477 1414 1516">
    <p class='ocr_par' dir='ltr' id='par_1_3' title="bbox 350 477 1414 1516">
     <span class='ocr_line' id='line_1_4' title="bbox 357 477 1402 566; baseline 0.001 -24"><span class='ocrx_word' id='word_1_28' title='bbox 357 479 463 556; x_wconf 77' lang='lat' dir='ltr'><strong>nasse)</strong></span> <span class='ocrx_word' id='word_1_29' title='bbox 485 479 600 562; x_wconf 86' lang='lat' dir='ltr'><strong>partim</strong></span> <span class='ocrx_word' id='word_1_30' title='bbox 623 477 861 562; x_wconf 70' lang='lat' dir='ltr'><strong>postulantium,</strong></span> <span class='ocrx_word' id='word_1_31' title='bbox 885 492 920 542; x_wconf 91' lang='lat' dir='ltr'><strong>ut</strong></span> <span class='ocrx_word' id='word_1_32' title='bbox 942 477 1137 544; x_wconf 80' lang='lat' dir='ltr'><strong>Macedones</strong></span> <span class='ocrx_word' id='word_1_33' title='bbox 1161 479 1288 566; x_wconf 87' lang='lat' dir='ltr'><strong>duxque</strong></span> <span class='ocrx_word' id='word_1_34' title='bbox 1307 503 1402 545; x_wconf 89' lang='lat' dir='ltr'><strong>eorum</strong></span> 
     </span>
     <span class='ocr_line' id='line_1_5' title="bbox 356 563 1404 652; baseline 0 -22"><span class='ocrx_word' id='word_1_35' title='bbox 356 565 505 649; x_wconf 75' lang='lat' dir='ltr'><strong>sopater,</strong></span> <span class='ocrx_word' id='word_1_36' title='bbox 522 566 575 649; x_wconf 89' lang='lat' dir='ltr'><strong>qui</strong></span> <span class='ocrx_word' id='word_1_37' title='bbox 598 564 685 648; x_wconf 80' lang='lat' dir='ltr'><strong>apud</strong></span> <span class='ocrx_word' id='word_1_38' title='bbox 705 563 923 628; x_wconf 80' lang='lat' dir='ltr'><strong>Hannibalem</strong></span> <span class='ocrx_word' id='word_1_39' title='bbox 946 565 1091 630; x_wconf 83' lang='lat' dir='ltr'>mercede</span> <span class='ocrx_word' id='word_1_40' title='bbox 1112 566 1303 643; x_wconf 72' lang='lat' dir='ltr'><strong>militassent,</strong></span> <span class='ocrx_word' id='word_1_41' title='bbox 1318 567 1404 652; x_wconf 88' lang='lat' dir='ltr'><strong>capti-</strong></span> 
     </span>
     <span class='ocr_line' id='line_1_6' title="bbox 355 650 1403 736; baseline 0.001 -21"><span class='ocrx_word' id='word_1_42' title='bbox 355 673 419 736; x_wconf 86' lang='lat' dir='ltr'><strong>que</strong></span> <span class='ocrx_word' id='word_1_43' title='bbox 434 651 466 714; x_wconf 92' lang='lat' dir='ltr'><strong>iu</strong></span> <span class='ocrx_word' id='word_1_44' title='bbox 484 650 618 714; x_wconf 77' lang='lat' dir='ltr'><strong>sinordis</strong></span> <span class='ocrx_word' id='word_1_45' title='bbox 636 665 749 727; x_wconf 86' lang='lat' dir='ltr'><strong>essent,</strong></span> <span class='ocrx_word' id='word_1_46' title='bbox 764 650 824 714; x_wconf 82' lang='lat' dir='ltr'><strong>sibi</strong></span> <span class='ocrx_word' id='word_1_47' title='bbox 845 652 1095 717; x_wconf 85' lang='lat' dir='ltr'><strong>restituerentur.</strong></span> <span class='ocrx_word' id='word_1_48' title='bbox 1140 652 1300 736; x_wconf 86' lang='lat' dir='ltr'><strong>Adversus</strong></span> <span class='ocrx_word' id='word_1_49' title='bbox 1314 676 1349 718; x_wconf 87' lang='lat' dir='ltr'><strong>ea</strong></span> <span class='ocrx_word' id='word_1_50' title='bbox 1363 653 1403 716; x_wconf 90' lang='lat' dir='ltr'><strong>M.</strong></span> 
     </span>
     <span class='ocr_line' id='line_1_7' title="bbox 355 730 1414 822; baseline 0.004 -22"><span class='ocrx_word' id='word_1_51' title='bbox 355 737 484 815; x_wconf 82' lang='lat' dir='ltr'><strong>Furius,</strong></span> <span class='ocrx_word' id='word_1_52' title='bbox 503 737 619 801; x_wconf 87' lang='lat' dir='ltr'><strong>missus</strong></span> <span class='ocrx_word' id='word_1_53' title='bbox 632 737 672 802; x_wconf 87' lang='lat' dir='ltr'><strong>ad</strong></span> <span class='ocrx_word' id='word_1_54' title='bbox 688 737 721 801; x_wconf 91' lang='lat' dir='ltr'><strong>id</strong></span> <span class='ocrx_word' id='word_1_55' title='bbox 742 737 845 822; x_wconf 87' lang='lat' dir='ltr'><strong>ipsum</strong></span> <span class='ocrx_word' id='word_1_56' title='bbox 861 737 914 802; x_wconf 82' lang='lat' dir='ltr'><strong>ab</strong></span> <span class='ocrx_word' id='word_1_57' title='bbox 929 739 1064 804; x_wconf 89' lang='lat' dir='ltr'><strong>Aurelio</strong></span> <span class='ocrx_word' id='word_1_58' title='bbox 1076 760 1125 804; x_wconf 79' lang='lat' dir='ltr'><strong>ex</strong></span> <span class='ocrx_word' id='word_1_59' title='bbox 1141 738 1338 817; x_wconf 85' lang='lat' dir='ltr'><strong>Macedonia,</strong></span> <span class='ocrx_word' id='word_1_60' title='bbox 1351 730 1414 804; x_wconf 68' lang='lat' dir='ltr'><strong>dis-¹</strong></span> 
     </span>
     <span class='ocr_line' id='line_1_8' title="bbox 355 824 1405 911; baseline 0.002 -23"><span class='ocrx_word' id='word_1_61' title='bbox 355 824 463 901; x_wconf 66' lang='lat' dir='ltr'><strong>deruit,</strong></span> <span class='ocrx_word' id='word_1_62' title='bbox 480 825 640 888; x_wconf 79' lang='lat' dir='ltr'><strong>Aurelium</strong></span> <span class='ocrx_word' id='word_1_63' title='bbox 654 826 803 900; x_wconf 70' lang='lat' dir='ltr'><strong>relictura,</strong></span> <span class='ocrx_word' id='word_1_64' title='bbox 818 845 859 888; x_wconf 86' lang='lat' dir='ltr'><strong>ne</strong></span> <span class='ocrx_word' id='word_1_65' title='bbox 870 827 947 889; x_wconf 81' lang='lat' dir='ltr'><strong>socii</strong></span> <span class='ocrx_word' id='word_1_66' title='bbox 957 827 1068 908; x_wconf 83' lang='lat' dir='ltr'><strong>populi</strong></span> <span class='ocrx_word' id='word_1_67' title='bbox 1079 826 1225 902; x_wconf 79' lang='lat' dir='ltr'><strong>Rotnani,</strong></span> <span class='ocrx_word' id='word_1_68' title='bbox 1228 828 1311 911; x_wconf 85' lang='lat' dir='ltr'><strong>sessi</strong></span> <span class='ocrx_word' id='word_1_69' title='bbox 1318 848 1405 909; x_wconf 86' lang='lat' dir='ltr'><strong>popu·</strong></span> 
     </span>
     <span class='ocr_line' id='line_1_9' title="bbox 356 910 1406 996; baseline 0.002 -23"><span class='ocrx_word' id='word_1_70' title='bbox 356 911 524 974; x_wconf 79' lang='lat' dir='ltr'><strong>lotionibus</strong></span> <span class='ocrx_word' id='word_1_71' title='bbox 537 920 629 995; x_wconf 86' lang='lat' dir='ltr'><strong>atque</strong></span> <span class='ocrx_word' id='word_1_72' title='bbox 644 910 772 993; x_wconf 84' lang='lat' dir='ltr'><strong>injuria,</strong></span> <span class='ocrx_word' id='word_1_73' title='bbox 788 913 832 973; x_wconf 89' lang='lat' dir='ltr'><strong>od</strong></span> <span class='ocrx_word' id='word_1_74' title='bbox 847 932 946 996; x_wconf 87' lang='lat' dir='ltr'><strong>regern</strong></span> <span class='ocrx_word' id='word_1_75' title='bbox 962 913 1131 994; x_wconf 78' lang='lat' dir='ltr'><strong>deficerent,</strong></span> <span class='ocrx_word' id='word_1_76' title='bbox 1138 914 1257 995; x_wconf 75' lang='lat' dir='ltr'><strong>finibus</strong></span> <span class='ocrx_word' id='word_1_77' title='bbox 1275 915 1406 978; x_wconf 80' lang='lat' dir='ltr'><strong>socinum</strong></span> 
     </span>
     <span class='ocr_line' id='line_1_10' title="bbox 353 998 1407 1084; baseline 0 -24"><span class='ocrx_word' id='word_1_78' title='bbox 353 1017 417 1060; x_wconf 83' lang='lat' dir='ltr'><strong>aaa</strong></span> <span class='ocrx_word' id='word_1_79' title='bbox 432 999 607 1062; x_wconf 75' lang='lat' dir='ltr'><strong>earmsisse:</strong></span> <span class='ocrx_word' id='word_1_80' title='bbox 623 999 740 1062; x_wconf 79' lang='lat' dir='ltr'><strong>dedisse</strong></span> <span class='ocrx_word' id='word_1_81' title='bbox 753 1017 888 1080; x_wconf 69' lang='lat' dir='ltr'><strong>opnmn,</strong></span> <span class='ocrx_word' id='word_1_82' title='bbox 898 1019 936 1062; x_wconf 87' lang='lat' dir='ltr'><strong>ae</strong></span> <span class='ocrx_word' id='word_1_83' title='bbox 947 1000 1063 1079; x_wconf 88' lang='lat' dir='ltr'><strong>inpune</strong></span> <span class='ocrx_word' id='word_1_84' title='bbox 1074 998 1407 1084; x_wconf 77' lang='lat' dir='ltr'><strong>in‘agrmeorum&#39;tran-</strong></span> 
     </span>
     <span class='ocr_line' id='line_1_11' title="bbox 352 1083 1407 1170; baseline -0.001 -22"><span class='ocrx_word' id='word_1_85' title='bbox 352 1086 532 1148; x_wconf 82' lang='lat' dir='ltr'><strong>sceuderent</strong></span> <span class='ocrx_word' id='word_1_86' title='bbox 541 1085 759 1166; x_wconf 70' lang='lat' dir='ltr'><strong>populatores..</strong></span> <span class='ocrx_word' id='word_1_87' title='bbox 792 1085 955 1166; x_wconf 74' lang='lat' dir='ltr'><em>Sopatrum</em></span> <span class='ocrx_word' id='word_1_88' title='bbox 970 1083 1042 1148; x_wconf 75' lang='lat' dir='ltr'><strong>l⁰ea</strong></span> <span class='ocrx_word' id='word_1_89' title='bbox 1052 1087 1236 1168; x_wconf 73' lang='lat' dir='ltr'><strong>properatis</strong></span> <span class='ocrx_word' id='word_1_90' title='bbox 1250 1096 1281 1150; x_wconf 88' lang='lat' dir='ltr'><strong>et</strong></span> <span class='ocrx_word' id='word_1_91' title='bbox 1288 1087 1407 1170; x_wconf 86' lang='lat' dir='ltr'><strong>propin-</strong></span> 
     </span>
     <span class='ocr_line' id='line_1_12' title="bbox 350 1171 1407 1256; baseline 0 -22"><span class='ocrx_word' id='word_1_92' title='bbox 350 1171 425 1254; x_wconf 81' lang='lat' dir='ltr'><strong>¹quis</strong></span> <span class='ocrx_word' id='word_1_93' title='bbox 444 1172 528 1255; x_wconf 80' lang='lat' dir='ltr'><strong>regis</strong></span> <span class='ocrx_word' id='word_1_94' title='bbox 540 1193 619 1234; x_wconf 86' lang='lat' dir='ltr'><strong>esse:</strong></span> <span class='ocrx_word' id='word_1_95' title='bbox 641 1191 707 1234; x_wconf 81' lang='lat' dir='ltr'><strong>erem</strong></span> <span class='ocrx_word' id='word_1_96' title='bbox 720 1192 784 1234; x_wconf 76' lang='lat' dir='ltr'><strong>ctare</strong></span> <span class='ocrx_word' id='word_1_97' title='bbox 800 1180 932 1256; x_wconf 86' lang='lat' dir='ltr'><strong>quotuor</strong></span> <span class='ocrx_word' id='word_1_98' title='bbox 952 1171 1085 1236; x_wconf 69' lang='lat' dir='ltr'><strong>uiritim</strong></span> <span class='ocrx_word' id='word_1_99' title='bbox 1100 1172 1304 1236; x_wconf 76' lang='lat' dir='ltr'><em>Macedonum</em></span> <span class='ocrx_word' id='word_1_100' title='bbox 1315 1183 1346 1236; x_wconf 82' lang='lat' dir='ltr'><strong>et</strong></span> <span class='ocrx_word' id='word_1_101' title='bbox 1359 1195 1407 1254; x_wconf 88' lang='lat' dir='ltr'><strong>pe·</strong></span> 
     </span>
     <span class='ocr_line' id='line_1_13' title="bbox 352 1255 1407 1344; baseline 0.002 -24"><span class='ocrx_word' id='word_1_102' title='bbox 352 1258 578 1321; x_wconf 66' lang='lat' dir='ltr'><strong>unianimam</strong></span> <span class='ocrx_word' id='word_1_103' title='bbox 589 1279 688 1340; x_wconf 85' lang='lat' dir='ltr'><strong>nuper</strong></span> <span class='ocrx_word' id='word_1_104' title='bbox 697 1259 731 1320; x_wconf 85' lang='lat' dir='ltr'><strong>in</strong></span> <span class='ocrx_word' id='word_1_105' title='bbox 743 1255 887 1342; x_wconf 83' lang='lat' dir='ltr'><strong>Africam</strong></span> <span class='ocrx_word' id='word_1_106' title='bbox 898 1279 969 1335; x_wconf 87' lang='lat' dir='ltr'><strong>esse,</strong></span> <span class='ocrx_word' id='word_1_107' title='bbox 980 1258 1163 1322; x_wconf 82' lang='lat' dir='ltr'><strong>Haruribuli</strong></span> <span class='ocrx_word' id='word_1_108' title='bbox 1176 1257 1407 1344; x_wconf 75' lang='lat' dir='ltr'><strong>Karthaginien-</strong></span> 
     </span>
     <span class='ocr_line' id='line_1_14' title="bbox 350 1341 1407 1431; baseline 0 -23"><span class='ocrx_word' id='word_1_109' title='bbox 350 1343 493 1428; x_wconf 84' lang='lat' dir='ltr'><strong>sibusqae</strong></span> <span class='ocrx_word' id='word_1_110' title='bbox 507 1345 636 1407; x_wconf 72' lang='lat' dir='ltr'><strong>aumlio</strong></span> <span class='ocrx_word' id='word_1_111' title='bbox 659 1343 712 1408; x_wconf 91' lang='lat' dir='ltr'><strong>De</strong></span> <span class='ocrx_word' id='word_1_112' title='bbox 727 1341 777 1408; x_wconf 88' lang='lat' dir='ltr'><strong>bis</strong></span> <span class='ocrx_word' id='word_1_113' title='bbox 791 1343 886 1408; x_wconf 89' lang='lat' dir='ltr'><strong>rebus</strong></span> <span class='ocrx_word' id='word_1_114' title='bbox 898 1343 1086 1431; x_wconf 86' lang='lat' dir='ltr'><strong>interrogati</strong></span> <span class='ocrx_word' id='word_1_115' title='bbox 1103 1342 1311 1425; x_wconf 79' lang='lat' dir='ltr'><strong>Macedones,</strong></span> <span class='ocrx_word' id='word_1_116' title='bbox 1321 1366 1407 1431; x_wconf 89' lang='lat' dir='ltr'><strong>quum</strong></span> 
     </span>
     <span class='ocr_line' id='line_1_15' title="bbox 354 1429 1406 1516; baseline 0.001 -23"><span class='ocrx_word' id='word_1_117' title='bbox 354 1432 506 1514; x_wconf 74' lang='lat' dir='ltr'>perplexe</span> <span class='ocrx_word' id='word_1_118' title='bbox 542 1429 770 1512; x_wconf 82' lang='lat' dir='ltr'>responderent</span> <span class='ocrx_word' id='word_1_119' title='bbox 800 1430 907 1514; x_wconf 78' lang='lat' dir='ltr'><strong>⁷¹ipsi,</strong></span> <span class='ocrx_word' id='word_1_120' title='bbox 939 1443 1013 1496; x_wconf 82' lang='lat' dir='ltr'><strong>aute</strong></span> <span class='ocrx_word' id='word_1_121' title='bbox 1043 1453 1229 1516; x_wconf 84' lang='lat' dir='ltr'><strong>responsum</strong></span> <span class='ocrx_word' id='word_1_122' title='bbox 1268 1432 1406 1506; x_wconf 74' lang='lat' dir='ltr'><strong>tulerunt,</strong></span> 
     </span>
    </p>
   </div>
   <div class='ocr_carea' id='block_1_4' title="bbox 191 1517 1407 1702">
    <p class='ocr_par' dir='ltr' id='par_1_4' title="bbox 191 1517 1407 1702">
     <span class='ocr_line' id='line_1_16' title="bbox 193 1517 1407 1603; baseline 0.003 -27"><span class='ocrx_word' id='word_1_123' title='bbox 193 1524 254 1569; x_wconf 82' lang='lat' dir='ltr'><strong>cum</strong></span> <span class='ocrx_word' id='word_1_124' title='bbox 265 1521 333 1598; x_wconf 43' lang='lat' dir='ltr'><strong>tristi,</strong></span> <span class='ocrx_word' id='word_1_125' title='bbox 351 1517 476 1580; x_wconf 78' lang='lat' dir='ltr'><strong>Bellum</strong></span> <span class='ocrx_word' id='word_1_126' title='bbox 497 1537 634 1600; x_wconf 74' lang='lat' dir='ltr'><strong>querere</strong></span> <span class='ocrx_word' id='word_1_127' title='bbox 651 1539 760 1600; x_wconf 82' lang='lat' dir='ltr'><strong>regem,</strong></span> <span class='ocrx_word' id='word_1_128' title='bbox 776 1527 814 1592; x_wconf 86' lang='lat' dir='ltr'><strong>et,</strong></span> <span class='ocrx_word' id='word_1_129' title='bbox 831 1519 860 1582; x_wconf 88' lang='lat' dir='ltr'><strong>si</strong></span> <span class='ocrx_word' id='word_1_130' title='bbox 874 1529 1003 1603; x_wconf 85' lang='lat' dir='ltr'><strong>perget,</strong></span> <span class='ocrx_word' id='word_1_131' title='bbox 1019 1521 1200 1601; x_wconf 79' lang='lat' dir='ltr'>propediem</span> <span class='ocrx_word' id='word_1_132' title='bbox 1218 1521 1407 1584; x_wconf 85' lang='lat' dir='ltr'><strong>inuenturum.</strong></span> 
     </span>
     <span class='ocr_line' id='line_1_17' title="bbox 191 1588 1407 1702; baseline 0.002 -38"><span class='ocrx_word' id='word_1_133' title='bbox 191 1588 536 1702; x_wconf 49' lang='lat' dir='ltr'><strong>murmurare</strong></span> <span class='ocrx_word' id='word_1_134' title='bbox 549 1602 590 1666; x_wconf 76' lang='lat' dir='ltr'><strong>ao</strong></span> <span class='ocrx_word' id='word_1_135' title='bbox 602 1603 750 1687; x_wconf 66' lang='lat' dir='ltr'><strong>eoseum</strong></span> <span class='ocrx_word' id='word_1_136' title='bbox 763 1605 930 1670; x_wconf 62' lang='lat' dir='ltr'><strong>„rourum</strong></span> <span class='ocrx_word' id='word_1_137' title='bbox 945 1613 975 1668; x_wconf 78' lang='lat' dir='ltr'><strong>e</strong></span> <span class='ocrx_word' id='word_1_138' title='bbox 989 1607 1168 1688; x_wconf 60' lang='lat' dir='ltr'><strong>perosa</strong></span> <span class='ocrx_word' id='word_1_139' title='bbox 1179 1608 1293 1688; x_wconf 62' lang='lat' dir='ltr'><strong>paui</strong></span> <span class='ocrx_word' id='word_1_140' title='bbox 1305 1607 1407 1670; x_wconf 67' lang='lat' dir='ltr'><strong>noas</strong></span> 
     </span>
    </p>
   </div>
   <div class='ocr_carea' id='block_1_5' title="bbox 348 1687 1485 2296">
    <p class='ocr_par' dir='ltr' id='par_1_5' title="bbox 348 1687 1485 2296">
     <span class='ocr_line' id='line_1_18' title="bbox 350 1687 1408 1776; baseline 0.005 -27"><span class='ocrx_word' id='word_1_141' title='bbox 350 1689 390 1750; x_wconf 84' lang='lat' dir='ltr'><strong>ni</strong></span> <span class='ocrx_word' id='word_1_142' title='bbox 400 1687 534 1771; x_wconf 84' lang='lat' dir='ltr'><strong>r&#39;njurios</strong></span> <span class='ocrx_word' id='word_1_143' title='bbox 535 1690 663 1773; x_wconf 74' lang='lat' dir='ltr'><strong>severit,</strong></span> <span class='ocrx_word' id='word_1_144' title='bbox 674 1690 751 1754; x_wconf 84' lang='lat' dir='ltr'><strong>bello</strong></span> <span class='ocrx_word' id='word_1_145' title='bbox 761 1692 914 1774; x_wconf 84' lang='lat' dir='ltr'><strong>armisque</strong></span> <span class='ocrx_word' id='word_1_146' title='bbox 923 1691 1107 1756; x_wconf 79' lang='lat' dir='ltr'><strong>lacessierit:</strong></span> <span class='ocrx_word' id='word_1_147' title='bbox 1122 1702 1153 1756; x_wconf 84' lang='lat' dir='ltr'><strong>et</strong></span> <span class='ocrx_word' id='word_1_148' title='bbox 1163 1695 1246 1776; x_wconf 84' lang='lat' dir='ltr'><strong>quod</strong></span> <span class='ocrx_word' id='word_1_149' title='bbox 1260 1693 1408 1756; x_wconf 84' lang='lat' dir='ltr'><strong>lostesau·</strong></span> 
     </span>
     <span class='ocr_line' id='line_1_19' title="bbox 350 1775 1408 1862; baseline 0.004 -26"><span class='ocrx_word' id='word_1_150' title='bbox 350 1776 443 1840; x_wconf 72' lang='lat' dir='ltr'><strong>‚ciliis</strong></span> <span class='ocrx_word' id='word_1_151' title='bbox 453 1785 483 1840; x_wconf 89' lang='lat' dir='ltr'><strong>et</strong></span> <span class='ocrx_word' id='word_1_152' title='bbox 488 1777 623 1858; x_wconf 82' lang='lat' dir='ltr'><strong>pecunia</strong></span> <span class='ocrx_word' id='word_1_153' title='bbox 624 1775 755 1858; x_wconf 83' lang='lat' dir='ltr'><strong>juverit.</strong></span> <span class='ocrx_word' id='word_1_154' title='bbox 771 1778 817 1841; x_wconf 87' lang='lat' dir='ltr'><strong>Et</strong></span> <span class='ocrx_word' id='word_1_155' title='bbox 827 1778 867 1840; x_wconf 93' lang='lat' dir='ltr'><strong>P.</strong></span> <span class='ocrx_word' id='word_1_156' title='bbox 877 1778 1049 1860; x_wconf 77' lang='lat' dir='ltr'><strong>Scipionem</strong></span> <span class='ocrx_word' id='word_1_157' title='bbox 1060 1787 1140 1842; x_wconf 84' lang='lat' dir='ltr'><strong>recte</strong></span> <span class='ocrx_word' id='word_1_158' title='bbox 1150 1788 1243 1862; x_wconf 84' lang='lat' dir='ltr'><strong>atque</strong></span> <span class='ocrx_word' id='word_1_159' title='bbox 1254 1778 1408 1842; x_wconf 77' lang='lat' dir='ltr'><strong>ordineti-</strong></span> 
     </span>
     <span class='ocr_line' id='line_1_20' title="bbox 349 1863 1485 1947; baseline 0.004 -23"><span class='ocrx_word' id='word_1_160' title='bbox 349 1863 422 1924; x_wconf 88' lang='lat' dir='ltr'><strong>deri</strong></span> <span class='ocrx_word' id='word_1_161' title='bbox 420 1863 537 1945; x_wconf 82' lang='lat' dir='ltr'><strong>fecisse</strong></span> <span class='ocrx_word' id='word_1_162' title='bbox 547 1872 578 1926; x_wconf 85' lang='lat' dir='ltr'><strong>et</strong></span> <span class='ocrx_word' id='word_1_163' title='bbox 575 1863 699 1947; x_wconf 84' lang='lat' dir='ltr'><strong>facere,</strong></span> <span class='ocrx_word' id='word_1_164' title='bbox 709 1865 791 1946; x_wconf 85' lang='lat' dir='ltr'><strong>quod</strong></span> <span class='ocrx_word' id='word_1_165' title='bbox 800 1885 859 1940; x_wconf 87' lang='lat' dir='ltr'><strong>eos,</strong></span> <span class='ocrx_word' id='word_1_166' title='bbox 870 1865 924 1947; x_wconf 86' lang='lat' dir='ltr'><strong>qui</strong></span> <span class='ocrx_word' id='word_1_167' title='bbox 934 1886 1022 1928; x_wconf 81' lang='lat' dir='ltr'><strong>erma</strong></span> <span class='ocrx_word' id='word_1_168' title='bbox 1033 1873 1140 1929; x_wconf 86' lang='lat' dir='ltr'><strong>contro</strong></span> <span class='ocrx_word' id='word_1_169' title='bbox 1145 1867 1295 1947; x_wconf 82' lang='lat' dir='ltr'><strong>populum</strong></span> <span class='ocrx_word' id='word_1_170' title='bbox 1306 1865 1409 1930; x_wconf 84' lang='lat' dir='ltr'><strong>Ronm-</strong></span> <span class='ocrx_word' id='word_1_171' title='bbox 1484 1871 1485 1904; x_wconf 74' lang='lat'>³</span> 
     </span>
     <span class='ocr_line' id='line_1_21' title="bbox 349 1948 1485 2033; baseline 0.006 -24"><span class='ocrx_word' id='word_1_172' title='bbox 349 1969 423 2012; x_wconf 78' lang='lat' dir='ltr'><strong>erun</strong></span> <span class='ocrx_word' id='word_1_173' title='bbox 436 1950 579 2033; x_wconf 83' lang='lat' dir='ltr'>serentes</span> <span class='ocrx_word' id='word_1_174' title='bbox 600 1948 721 2032; x_wconf 77' lang='lat' dir='ltr'><strong>⁷²capti</strong></span> <span class='ocrx_word' id='word_1_175' title='bbox 745 1960 824 2026; x_wconf 86' lang='lat' dir='ltr'><strong>snut,</strong></span> <span class='ocrx_word' id='word_1_176' title='bbox 848 1951 977 2014; x_wconf 77' lang='lat' dir='ltr'><strong>hostium</strong></span> <span class='ocrx_word' id='word_1_177' title='bbox 1003 1971 1126 2016; x_wconf 80' lang='lat' dir='ltr'><strong>reumero</strong></span> <span class='ocrx_word' id='word_1_178' title='bbox 1152 1953 1186 2014; x_wconf 87' lang='lat' dir='ltr'><strong>in</strong></span> <span class='ocrx_word' id='word_1_179' title='bbox 1209 1953 1340 2016; x_wconf 86' lang='lat' dir='ltr'><strong>uinculis</strong></span> <span class='ocrx_word' id='word_1_180' title='bbox 1362 1952 1410 2014; x_wconf 78' lang='lat' dir='ltr'><strong>lio·</strong></span> <span class='ocrx_word' id='word_1_181' title='bbox 1484 2005 1485 2016; x_wconf 67' lang='grc'>,</span> 
     </span>
     <span class='ocr_line' id='line_1_22' title="bbox 351 2034 1485 2121; baseline 0.005 -23"><span class='ocrx_word' id='word_1_182' title='bbox 351 2035 432 2100; x_wconf 84' lang='lat' dir='ltr'><strong>beat.</strong></span> <span class='ocrx_word' id='word_1_183' title='bbox 452 2045 483 2100; x_wconf 88' lang='lat' dir='ltr'><strong>et</strong></span> <span class='ocrx_word' id='word_1_184' title='bbox 497 2035 547 2100; x_wconf 90' lang='grc' dir='ltr'><strong>Μ.</strong></span> <span class='ocrx_word' id='word_1_185' title='bbox 557 2034 717 2100; x_wconf 84' lang='lat' dir='ltr'><strong>Aurelium</strong></span> <span class='ocrx_word' id='word_1_186' title='bbox 732 2058 749 2100; x_wconf 89' lang='lat' dir='ltr'><strong>e</strong></span> <span class='ocrx_word' id='word_1_187' title='bbox 762 2037 1045 2120; x_wconf 83' lang='lat' dir='ltr'><strong>republicafacere,</strong></span> <span class='ocrx_word' id='word_1_188' title='bbox 1057 2047 1242 2121; x_wconf 84' lang='lat' dir='ltr'><strong>gratamque</strong></span> <span class='ocrx_word' id='word_1_189' title='bbox 1254 2040 1291 2102; x_wconf 86' lang='lat' dir='ltr'><strong>id</strong></span> <span class='ocrx_word' id='word_1_190' title='bbox 1303 2037 1411 2104; x_wconf 70' lang='lat' dir='ltr'><strong>unctui</strong></span> <span class='ocrx_word' id='word_1_191' title='bbox 1484 2079 1485 2086; x_wconf 24' lang='grc' dir='ltr'><strong>κ</strong></span> 
     </span>
     <span class='ocr_line' id='line_1_23' title="bbox 350 2122 1411 2208; baseline 0.002 -22"><span class='ocrx_word' id='word_1_192' title='bbox 350 2143 423 2198; x_wconf 85' lang='lat' dir='ltr'><strong>esse,</strong></span> <span class='ocrx_word' id='word_1_193' title='bbox 447 2124 529 2206; x_wconf 87' lang='lat' dir='ltr'><strong>qaod</strong></span> <span class='ocrx_word' id='word_1_194' title='bbox 548 2123 644 2188; x_wconf 86' lang='lat' dir='ltr'><strong>socios</strong></span> <span class='ocrx_word' id='word_1_195' title='bbox 666 2124 780 2204; x_wconf 85' lang='lat' dir='ltr'><strong>populi</strong></span> <span class='ocrx_word' id='word_1_196' title='bbox 799 2123 947 2200; x_wconf 84' lang='lat' dir='ltr'><strong>Romani,</strong></span> <span class='ocrx_word' id='word_1_197' title='bbox 970 2125 1094 2208; x_wconf 75' lang='lat' dir='ltr'><strong>prendo</strong></span> <span class='ocrx_word' id='word_1_198' title='bbox 1107 2122 1188 2207; x_wconf 55' lang='lat' dir='ltr'><strong>&#39;jure</strong></span> <span class='ocrx_word' id='word_1_199' title='bbox 1199 2125 1340 2208; x_wconf 84' lang='lat' dir='ltr'><strong>foederis</strong></span> <span class='ocrx_word' id='word_1_200' title='bbox 1359 2144 1411 2188; x_wconf 82' lang='lat' dir='ltr'><strong>nort</strong></span> 
     </span>
     <span class='ocr_line' id='line_1_24' title="bbox 348 2207 1410 2296; baseline -0.002 -22"><span class='ocrx_word' id='word_1_201' title='bbox 348 2219 461 2290; x_wconf 86' lang='lat' dir='ltr'><strong>posset,</strong></span> <span class='ocrx_word' id='word_1_202' title='bbox 483 2211 581 2276; x_wconf 84' lang='lat' dir='ltr'><strong>armis</strong></span> <span class='ocrx_word' id='word_1_203' title='bbox 608 2217 742 2274; x_wconf 87' lang='lat' dir='ltr'><strong>tueatur.</strong></span> <span class='ocrx_word' id='word_1_204' title='bbox 788 2208 872 2273; x_wconf 88' lang='lat' dir='ltr'><strong>Cum</strong></span> <span class='ocrx_word' id='word_1_205' title='bbox 903 2209 965 2274; x_wconf 90' lang='lat' dir='ltr'><strong>boc</strong></span> <span class='ocrx_word' id='word_1_206' title='bbox 990 2222 1055 2274; x_wconf 89' lang='lat' dir='ltr'><strong>tam</strong></span> <span class='ocrx_word' id='word_1_207' title='bbox 1086 2210 1168 2276; x_wconf 86' lang='lat' dir='ltr'><strong>tristi</strong></span> <span class='ocrx_word' id='word_1_208' title='bbox 1194 2232 1345 2296; x_wconf 89' lang='lat' dir='ltr'><strong>responso</strong></span> <span class='ocrx_word' id='word_1_209' title='bbox 1368 2207 1410 2274; x_wconf 91' lang='lat' dir='ltr'><strong>di·</strong></span> 
     </span>
    </p>
   </div>
   <div class='ocr_carea' id='block_1_6' title="bbox 190 2279 1485 2383">
    <p class='ocr_par' dir='ltr' id='par_1_6' title="bbox 190 2279 1485 2383">
     <span class='ocr_line' id='line_1_25' title="bbox 190 2279 1485 2383; baseline 0.005 -31"><span class='ocrx_word' id='word_1_210' title='bbox 190 2307 272 2367; x_wconf 67' lang='lat' dir='ltr'><strong>1egut</strong></span> <span class='ocrx_word' id='word_1_211' title='bbox 280 2307 339 2354; x_wconf 78' lang='lat' dir='ltr'><strong>Kar·</strong></span> <span class='ocrx_word' id='word_1_212' title='bbox 353 2294 455 2359; x_wconf 88' lang='lat' dir='ltr'><strong>missis</strong></span> <span class='ocrx_word' id='word_1_213' title='bbox 464 2293 713 2370; x_wconf 78' lang='lat' dir='ltr'><strong>Macedonibus,</strong></span> <span class='ocrx_word' id='word_1_214' title='bbox 730 2294 826 2382; x_wconf 83' lang='lat' dir='ltr'><strong>legati</strong></span> <span class='ocrx_word' id='word_1_215' title='bbox 844 2294 1123 2383; x_wconf 76' lang='lat' dir='ltr'><strong>Karthaginienses</strong></span> <span class='ocrx_word' id='word_1_216' title='bbox 1145 2298 1263 2362; x_wconf 86' lang='lat' dir='ltr'><strong>vocati.</strong></span> <span class='ocrx_word' id='word_1_217' title='bbox 1286 2317 1410 2381; x_wconf 88' lang='lat' dir='ltr'><strong>quorun</strong></span> <span class='ocrx_word' id='word_1_218' title='bbox 1484 2279 1485 2310; x_wconf 54' lang='lat'><strong>³</strong></span> 
     </span>
    </p>
   </div>
   <div class='ocr_carea' id='block_1_7' title="bbox 190 2451 260 2507">
    <p class='ocr_par' dir='ltr' id='par_1_7' title="bbox 190 2451 260 2507">
     <span class='ocr_line' id='line_1_26' title="bbox 190 2451 260 2507; baseline 0.043 -23"><span class='ocrx_word' id='word_1_219' title='bbox 190 2451 260 2507; x_wconf 70' lang='lat' dir='ltr'><strong>stupu.</strong></span> 
     </span>
    </p>
   </div>
   <div class='ocr_carea' id='block_1_8' title="bbox 189 2372 1410 2469">
    <p class='ocr_par' dir='ltr' id='par_1_8' title="bbox 189 2372 1410 2469">
     <span class='ocr_line' id='line_1_27' title="bbox 189 2372 1410 2469; baseline -0.003 -21"><span class='ocrx_word' id='word_1_220' title='bbox 189 2372 324 2448; x_wconf 70' lang='lat' dir='ltr'><strong>tpagtuen.</strong></span> <span class='ocrx_word' id='word_1_221' title='bbox 348 2382 500 2446; x_wconf 81' lang='lat' dir='ltr'><strong>aetatibus</strong></span> <span class='ocrx_word' id='word_1_222' title='bbox 515 2381 785 2468; x_wconf 76' lang='lat' dir='ltr'><strong>dignitatibusque</strong></span> <span class='ocrx_word' id='word_1_223' title='bbox 805 2383 990 2465; x_wconf 86' lang='lat' dir='ltr'><strong>conspectis,</strong></span> <span class='ocrx_word' id='word_1_224' title='bbox 1006 2387 1093 2466; x_wconf 87' lang='lat' dir='ltr'><strong>(nam</strong></span> <span class='ocrx_word' id='word_1_225' title='bbox 1115 2381 1210 2469; x_wconf 81' lang='lat' dir='ltr'><strong>longe</strong></span> <span class='ocrx_word' id='word_1_226' title='bbox 1230 2384 1330 2468; x_wconf 88' lang='lat' dir='ltr'><strong>primi</strong></span> <span class='ocrx_word' id='word_1_227' title='bbox 1343 2382 1410 2446; x_wconf 84' lang='lat' dir='ltr'><strong>civi·</strong></span> 
     </span>
    </p>
   </div>
   <div class='ocr_carea' id='block_1_9' title="bbox 352 2466 1411 2556">
    <p class='ocr_par' dir='ltr' id='par_1_9' title="bbox 352 2466 1411 2556">
     <span class='ocr_line' id='line_1_28' title="bbox 352 2466 1411 2556; baseline 0.002 -24"><span class='ocrx_word' id='word_1_228' title='bbox 352 2468 426 2532; x_wconf 86' lang='lat' dir='ltr'><strong>tatis</strong></span> <span class='ocrx_word' id='word_1_229' title='bbox 450 2469 553 2546; x_wconf 88' lang='lat' dir='ltr'><strong>erant)</strong></span> <span class='ocrx_word' id='word_1_230' title='bbox 577 2480 644 2533; x_wconf 89' lang='lat' dir='ltr'><strong>tum</strong></span> <span class='ocrx_word' id='word_1_231' title='bbox 671 2489 733 2552; x_wconf 91' lang='lat' dir='ltr'><strong>pro</strong></span> <span class='ocrx_word' id='word_1_232' title='bbox 757 2469 945 2555; x_wconf 89' lang='lat' dir='ltr'><strong>se.quisque</strong></span> <span class='ocrx_word' id='word_1_233' title='bbox 966 2469 1170 2545; x_wconf 63' lang='lat' dir='ltr'><strong>discrevere</strong></span> <span class='ocrx_word' id='word_1_234' title='bbox 1192 2470 1232 2533; x_wconf 90' lang='lat' dir='ltr'><strong>de</strong></span> <span class='ocrx_word' id='word_1_235' title='bbox 1257 2493 1336 2556; x_wconf 86' lang='lat' dir='ltr'><strong>pace</strong></span> <span class='ocrx_word' id='word_1_236' title='bbox 1356 2466 1411 2556; x_wconf 82' lang='lat' dir='ltr'><strong>agi.</strong></span> 
     </span>
    </p>
   </div>
   <div class='ocr_carea' id='block_1_10' title="bbox 346 2554 1411 2641">
    <p class='ocr_par' dir='ltr' id='par_1_10' title="bbox 346 2554 1411 2641">
     <span class='ocr_line' id='line_1_29' title="bbox 346 2554 1411 2641; baseline 0 -23"><span class='ocrx_word' id='word_1_237' title='bbox 346 2554 492 2641; x_wconf 66' lang='lat' dir='ltr'><strong>‹Insignis</strong></span> <span class='ocrx_word' id='word_1_238' title='bbox 504 2565 608 2620; x_wconf 88' lang='lat' dir='ltr'><strong>tamen</strong></span> <span class='ocrx_word' id='word_1_239' title='bbox 625 2555 707 2620; x_wconf 87' lang='lat' dir='ltr'><strong>inter</strong></span> <span class='ocrx_word' id='word_1_240' title='bbox 717 2567 839 2620; x_wconf 87' lang='lat' dir='ltr'><strong>ceteros</strong></span> <span class='ocrx_word' id='word_1_241' title='bbox 853 2554 1039 2620; x_wconf 85' lang='lat' dir='ltr'><strong>Hasdrubal</strong></span> <span class='ocrx_word' id='word_1_242' title='bbox 1053 2570 1130 2632; x_wconf 85' lang='lat' dir='ltr'><strong>erat,</strong></span> <span class='ocrx_word' id='word_1_243' title='bbox 1143 2555 1307 2640; x_wconf 74' lang='lat' dir='ltr'><strong>(Hedum</strong></span> <span class='ocrx_word' id='word_1_244' title='bbox 1319 2577 1411 2641; x_wconf 89' lang='lat' dir='ltr'><strong>popu·</strong></span> 
     </span>
    </p>
   </div>
   <div class='ocr_carea' id='block_1_11' title="bbox 351 2641 1412 2814">
    <p class='ocr_par' dir='ltr' id='par_1_11' title="bbox 351 2641 1412 2814">
     <span class='ocr_line' id='line_1_30' title="bbox 352 2641 1412 2728; baseline 0 -24"><span class='ocrx_word' id='word_1_245' title='bbox 352 2644 431 2706; x_wconf 86' lang='lat' dir='ltr'><strong>lares</strong></span> <span class='ocrx_word' id='word_1_246' title='bbox 446 2641 638 2728; x_wconf 85' lang='lat' dir='ltr'><strong>cognomine</strong></span> <span class='ocrx_word' id='word_1_247' title='bbox 653 2641 866 2726; x_wconf 88' lang='lat' dir='ltr'><strong>adpellabaut)</strong></span> <span class='ocrx_word' id='word_1_248' title='bbox 880 2642 965 2724; x_wconf 89' lang='lat' dir='ltr'><strong>pacis</strong></span> <span class='ocrx_word' id='word_1_249' title='bbox 979 2664 1102 2726; x_wconf 86' lang='lat' dir='ltr'><strong>semper</strong></span> <span class='ocrx_word' id='word_1_250' title='bbox 1116 2656 1238 2719; x_wconf 82' lang='lat' dir='ltr'><strong>auctor,</strong></span> <span class='ocrx_word' id='word_1_251' title='bbox 1256 2643 1412 2715; x_wconf 77' lang='lat' dir='ltr'><strong>aduersus·</strong></span> 
     </span>
     <span class='ocr_line' id='line_1_31' title="bbox 351 2727 1410 2814; baseline 0 -23"><span class='ocrx_word' id='word_1_252' title='bbox 351 2751 413 2812; x_wconf 91' lang='lat' dir='ltr'><strong>que</strong></span> <span class='ocrx_word' id='word_1_253' title='bbox 429 2727 563 2792; x_wconf 84' lang='lat' dir='ltr'><strong>lectioni</strong></span> <span class='ocrx_word' id='word_1_254' title='bbox 575 2727 729 2792; x_wconf 82' lang='lat' dir='ltr'><strong>Barcinae.</strong></span> <span class='ocrx_word' id='word_1_255' title='bbox 774 2727 862 2792; x_wconf 74' lang='lat' dir='ltr'><strong>⁷³Eo</strong></span> <span class='ocrx_word' id='word_1_256' title='bbox 876 2741 943 2792; x_wconf 88' lang='lat' dir='ltr'><strong>tum</strong></span> <span class='ocrx_word' id='word_1_257' title='bbox 967 2729 1039 2814; x_wconf 90' lang='lat' dir='ltr'><strong>plus</strong></span> <span class='ocrx_word' id='word_1_258' title='bbox 1061 2727 1107 2792; x_wconf 87' lang='lat' dir='ltr'><strong>illi</strong></span> <span class='ocrx_word' id='word_1_259' title='bbox 1128 2729 1331 2796; x_wconf 86' lang='lat' dir='ltr'><strong>auctoritatis</strong></span> <span class='ocrx_word' id='word_1_260' title='bbox 1350 2727 1410 2803; x_wconf 83' lang='lat' dir='ltr'><strong>fuit,</strong></span> 
     </span>
    </p>
   </div>
   <div class='ocr_carea' id='block_1_12' title="bbox 233 2813 1412 2900">
    <p class='ocr_par' dir='ltr' id='par_1_12' title="bbox 233 2813 1412 2900">
     <span class='ocr_line' id='line_1_32' title="bbox 233 2813 1412 2900; baseline 0 -22"><span class='ocrx_word' id='word_1_261' title='bbox 233 2845 237 2860; x_wconf 72' lang='lat'>=</span> <span class='ocrx_word' id='word_1_262' title='bbox 345 2815 426 2880; x_wconf 89' lang='lat' dir='ltr'><strong>belli</strong></span> <span class='ocrx_word' id='word_1_263' title='bbox 443 2813 569 2899; x_wconf 85' lang='lat' dir='ltr'><strong>culpam</strong></span> <span class='ocrx_word' id='word_1_264' title='bbox 584 2814 618 2881; x_wconf 87' lang='lat' dir='ltr'><strong>in</strong></span> <span class='ocrx_word' id='word_1_265' title='bbox 643 2835 817 2900; x_wconf 89' lang='lat' dir='ltr'><strong>paucorum</strong></span> <span class='ocrx_word' id='word_1_266' title='bbox 840 2815 1081 2898; x_wconf 87' lang='lat' dir='ltr'><strong>cupiditatema</strong></span> <span class='ocrx_word' id='word_1_267' title='bbox 1103 2814 1269 2899; x_wconf 89' lang='lat' dir='ltr'><strong>republica</strong></span> <span class='ocrx_word' id='word_1_268' title='bbox 1290 2813 1412 2880; x_wconf 87' lang='lat' dir='ltr'><strong>transle-</strong></span> 
     </span>
    </p>
   </div>
   <div class='ocr_carea' id='block_1_13' title="bbox 350 2900 1416 3505">
    <p class='ocr_par' dir='ltr' id='par_1_13' title="bbox 350 2900 1416 3505">
     <span class='ocr_line' id='line_1_33' title="bbox 350 2900 1412 2990; baseline -0.001 -27"><span class='ocrx_word' id='word_1_269' title='bbox 350 2902 445 2966; x_wconf 88' lang='lat' dir='ltr'><strong>renti.</strong></span> <span class='ocrx_word' id='word_1_270' title='bbox 466 2901 522 2986; x_wconf 90' lang='lat' dir='ltr'><strong>qui</strong></span> <span class='ocrx_word' id='word_1_271' title='bbox 542 2923 640 2986; x_wconf 91' lang='lat' dir='ltr'><strong>quum</strong></span> <span class='ocrx_word' id='word_1_272' title='bbox 664 2901 751 2967; x_wconf 83' lang='lat' dir='ltr'><strong>varis</strong></span> <span class='ocrx_word' id='word_1_273' title='bbox 770 2901 915 2966; x_wconf 89' lang='lat' dir='ltr'><strong>oratione</strong></span> <span class='ocrx_word' id='word_1_274' title='bbox 933 2924 1013 2966; x_wconf 90' lang='lat' dir='ltr'><strong>unus</strong></span> <span class='ocrx_word' id='word_1_275' title='bbox 1034 2913 1124 2978; x_wconf 89' lang='lat' dir='ltr'><strong>esset,</strong></span> <span class='ocrx_word' id='word_1_276' title='bbox 1141 2923 1228 2966; x_wconf 89' lang='lat' dir='ltr'><strong>nunc</strong></span> <span class='ocrx_word' id='word_1_277' title='bbox 1250 2900 1412 2990; x_wconf 83' lang='lat' dir='ltr'><strong>purgando</strong></span> 
     </span>
     <span class='ocr_line' id='line_1_34' title="bbox 351 2987 1412 3074; baseline -0.002 -23"><span class='ocrx_word' id='word_1_278' title='bbox 351 2988 495 3063; x_wconf 87' lang='lat' dir='ltr'><strong>crimine,</strong></span> <span class='ocrx_word' id='word_1_279' title='bbox 511 3009 598 3052; x_wconf 90' lang='lat' dir='ltr'><strong>nunc</strong></span> <span class='ocrx_word' id='word_1_280' title='bbox 612 2988 759 3074; x_wconf 87' lang='lat' dir='ltr'><strong>quoedam</strong></span> <span class='ocrx_word' id='word_1_281' title='bbox 776 2987 912 3066; x_wconf 81' lang='lat' dir='ltr'><strong>latendo,</strong></span> <span class='ocrx_word' id='word_1_282' title='bbox 929 3010 969 3052; x_wconf 90' lang='lat' dir='ltr'><strong>ne</strong></span> <span class='ocrx_word' id='word_1_283' title='bbox 993 2987 1183 3072; x_wconf 89' lang='lat' dir='ltr'><strong>inpudenter</strong></span> <span class='ocrx_word' id='word_1_284' title='bbox 1196 3004 1288 3058; x_wconf 84' lang='lat' dir='ltr'><strong>certo</strong></span> <span class='ocrx_word' id='word_1_285' title='bbox 1302 3008 1412 3070; x_wconf 86' lang='lat' dir='ltr'><strong>negan-</strong></span> 
     </span>
     <span class='ocr_line' id='line_1_35' title="bbox 351 3073 1413 3150; baseline -0.002 -11"><span class='ocrx_word' id='word_1_286' title='bbox 351 3075 435 3140; x_wconf 85' lang='lat' dir='ltr'><strong>tibus</strong></span> <span class='ocrx_word' id='word_1_287' title='bbox 461 3073 620 3138; x_wconf 87' lang='lat' dir='ltr'><strong>difficilior</strong></span> <span class='ocrx_word' id='word_1_288' title='bbox 647 3075 741 3140; x_wconf 87' lang='lat' dir='ltr'><strong>venia</strong></span> <span class='ocrx_word' id='word_1_289' title='bbox 766 3084 856 3150; x_wconf 88' lang='lat' dir='ltr'><strong>esset,</strong></span> <span class='ocrx_word' id='word_1_290' title='bbox 879 3095 964 3140; x_wconf 88' lang='lat' dir='ltr'><strong>nuuc</strong></span> <span class='ocrx_word' id='word_1_291' title='bbox 994 3073 1164 3138; x_wconf 84' lang='lat' dir='ltr'><strong>monendo</strong></span> <span class='ocrx_word' id='word_1_292' title='bbox 1181 3075 1279 3140; x_wconf 88' lang='lat' dir='ltr'><strong>etiam</strong></span> <span class='ocrx_word' id='word_1_293' title='bbox 1313 3076 1413 3140; x_wconf 87' lang='lat' dir='ltr'><strong>Patres</strong></span> 
     </span>
     <span class='ocr_line' id='line_1_36' title="bbox 350 3161 1412 3245; baseline -0.002 -19"><span class='ocrx_word' id='word_1_294' title='bbox 350 3162 558 3245; x_wconf 88' lang='lat' dir='ltr'><strong>conscriptos,</strong></span> <span class='ocrx_word' id='word_1_295' title='bbox 575 3173 609 3226; x_wconf 89' lang='lat' dir='ltr'><strong>ut</strong></span> <span class='ocrx_word' id='word_1_296' title='bbox 623 3161 718 3226; x_wconf 88' lang='lat' dir='ltr'><strong>rebus</strong></span> <span class='ocrx_word' id='word_1_297' title='bbox 741 3161 887 3226; x_wconf 88' lang='lat' dir='ltr'><strong>secundis</strong></span> <span class='ocrx_word' id='word_1_298' title='bbox 906 3161 1047 3228; x_wconf 87' lang='lat' dir='ltr'><strong>modeste</strong></span> <span class='ocrx_word' id='word_1_299' title='bbox 1060 3182 1098 3228; x_wconf 90' lang='lat' dir='ltr'><strong>ac</strong></span> <span class='ocrx_word' id='word_1_300' title='bbox 1118 3163 1281 3226; x_wconf 87' lang='lat' dir='ltr'><strong>moderate</strong></span> <span class='ocrx_word' id='word_1_301' title='bbox 1296 3169 1412 3226; x_wconf 89' lang='lat' dir='ltr'><strong>uter&#39;eu·</strong></span> 
     </span>
     <span class='ocr_line' id='line_1_37' title="bbox 351 3247 1414 3332; baseline -0.008 -16"><span class='ocrx_word' id='word_1_302' title='bbox 351 3262 421 3325; x_wconf 67' lang='lat' dir='ltr'><strong>tun</strong></span> <span class='ocrx_word' id='word_1_303' title='bbox 444 3249 480 3314; x_wconf 82' lang='lat' dir='ltr'><strong>st</strong></span> <span class='ocrx_word' id='word_1_304' title='bbox 504 3271 536 3314; x_wconf 89' lang='lat' dir='ltr'><strong>se</strong></span> <span class='ocrx_word' id='word_1_305' title='bbox 560 3257 652 3332; x_wconf 85' lang='lat' dir='ltr'><strong>atque</strong></span> <span class='ocrx_word' id='word_1_306' title='bbox 680 3249 865 3324; x_wconf 80' lang='lat' dir='ltr'><strong>Hannonem</strong></span> <span class='ocrx_word' id='word_1_307' title='bbox 890 3250 1047 3312; x_wconf 81' lang='lat' dir='ltr'><strong>audissent</strong></span> <span class='ocrx_word' id='word_1_308' title='bbox 1071 3247 1366 3332; x_wconf 81' lang='lat' dir='ltr'><strong>Karthaginienses,</strong></span> <span class='ocrx_word' id='word_1_309' title='bbox 1390 3255 1414 3310; x_wconf 87' lang='lat' dir='ltr'><strong>et</strong></span> 
     </span>
     <span class='ocr_line' id='line_1_38' title="bbox 350 3335 1415 3420; baseline -0.005 -21"><span class='ocrx_word' id='word_1_310' title='bbox 350 3345 484 3420; x_wconf 83' lang='lat' dir='ltr'><strong>ternpore</strong></span> <span class='ocrx_word' id='word_1_311' title='bbox 505 3337 553 3398; x_wconf 87' lang='lat' dir='ltr'><strong>uti</strong></span> <span class='ocrx_word' id='word_1_312' title='bbox 573 3337 744 3408; x_wconf 85' lang='lat' dir='ltr'><strong>voluissent,</strong></span> <span class='ocrx_word' id='word_1_313' title='bbox 760 3337 887 3398; x_wconf 87' lang='lat' dir='ltr'><strong>daturos</strong></span> <span class='ocrx_word' id='word_1_314' title='bbox 895 3335 1002 3418; x_wconf 82' lang='lat' dir='ltr'><strong>faisse</strong></span> <span class='ocrx_word' id='word_1_315' title='bbox 1018 3335 1108 3416; x_wconf 88' lang='lat' dir='ltr'><strong>pacis</strong></span> <span class='ocrx_word' id='word_1_316' title='bbox 1129 3335 1331 3411; x_wconf 83' lang='lat' dir='ltr'><strong>conditiones,</strong></span> <span class='ocrx_word' id='word_1_317' title='bbox 1347 3353 1415 3418; x_wconf 84' lang='lat' dir='ltr'><strong>quas</strong></span> 
     </span>
     <span class='ocr_line' id='line_1_39' title="bbox 350 3421 1416 3505; baseline -0.004 -19"><span class='ocrx_word' id='word_1_318' title='bbox 350 3432 424 3486; x_wconf 83' lang='lat' dir='ltr'><strong>turre</strong></span> <span class='ocrx_word' id='word_1_319' title='bbox 432 3429 583 3505; x_wconf 80' lang='lat' dir='ltr'><strong>peterent.</strong></span> <span class='ocrx_word' id='word_1_320' title='bbox 618 3423 707 3486; x_wconf 83' lang='lat' dir='ltr'><strong>Raro</strong></span> <span class='ocrx_word' id='word_1_321' title='bbox 717 3423 807 3484; x_wconf 85' lang='lat' dir='ltr'><strong>simul</strong></span> <span class='ocrx_word' id='word_1_322' title='bbox 820 3421 989 3486; x_wconf 84' lang='lat' dir='ltr'><strong>luminibus</strong></span> <span class='ocrx_word' id='word_1_323' title='bbox 1003 3421 1284 3504; x_wconf 81' lang='lat' dir='ltr'><strong>bonurnsortuuarn</strong></span> <span class='ocrx_word' id='word_1_324' title='bbox 1299 3423 1416 3488; x_wconf 82' lang='lat' dir='ltr'><strong>bonau-</strong></span> 
     </span>
    </p>
   </div>
   <div class='ocr_carea' id='block_1_14' title="bbox 304 3505 1416 3593">
    <p class='ocr_par' dir='ltr' id='par_1_14' title="bbox 304 3505 1416 3593">
     <span class='ocr_line' id='line_1_40' title="bbox 304 3505 1416 3593; baseline -0.004 -21"><span class='ocrx_word' id='word_1_325' title='bbox 304 3509 315 3528; x_wconf 70' lang='grc'><strong>“</strong></span> <span class='ocrx_word' id='word_1_326' title='bbox 351 3529 409 3593; x_wconf 79' lang='lat' dir='ltr'><strong>que</strong></span> <span class='ocrx_word' id='word_1_327' title='bbox 423 3518 549 3576; x_wconf 86' lang='lat' dir='ltr'><strong>meatem</strong></span> <span class='ocrx_word' id='word_1_328' title='bbox 563 3509 645 3572; x_wconf 82' lang='lat' dir='ltr'><strong>deri.</strong></span> <span class='ocrx_word' id='word_1_329' title='bbox 692 3509 843 3590; x_wconf 79' lang='lat' dir='ltr'><strong>Populum</strong></span> <span class='ocrx_word' id='word_1_330' title='bbox 859 3508 1028 3572; x_wconf 57' lang='lat' dir='ltr'><strong>&amp;nauum</strong></span> <span class='ocrx_word' id='word_1_331' title='bbox 1042 3529 1078 3570; x_wconf 90' lang='lat' dir='ltr'><strong>eo</strong></span> <span class='ocrx_word' id='word_1_332' title='bbox 1092 3507 1236 3572; x_wconf 86' lang='lat' dir='ltr'><strong>inuictum</strong></span> <span class='ocrx_word' id='word_1_333' title='bbox 1251 3529 1328 3586; x_wconf 85' lang='lat' dir='ltr'><strong>esse,</strong></span> <span class='ocrx_word' id='word_1_334' title='bbox 1342 3505 1416 3590; x_wconf 87' lang='lat' dir='ltr'><strong>quod</strong></span> 
     </span>
    </p>
   </div>
   <div class='ocr_carea' id='block_1_15' title="bbox 349 3591 1416 3765">
    <p class='ocr_par' dir='ltr' id='par_1_15' title="bbox 349 3591 1416 3765">
     <span class='ocr_line' id='line_1_41' title="bbox 349 3591 1415 3676; baseline -0.008 -15"><span class='ocrx_word' id='word_1_335' title='bbox 349 3595 537 3661; x_wconf 78' lang='lat' dir='ltr'><strong>inserendis</strong></span> <span class='ocrx_word' id='word_1_336' title='bbox 558 3594 645 3660; x_wconf 85' lang='lat' dir='ltr'><strong>rebus</strong></span> <span class='ocrx_word' id='word_1_337' title='bbox 665 3615 774 3676; x_wconf 83' lang='lat' dir='ltr'><strong>sapere</strong></span> <span class='ocrx_word' id='word_1_338' title='bbox 788 3603 818 3656; x_wconf 87' lang='lat' dir='ltr'><strong>et</strong></span> <span class='ocrx_word' id='word_1_339' title='bbox 838 3596 991 3658; x_wconf 77' lang='lat' dir='ltr'><strong>consedere</strong></span> <span class='ocrx_word' id='word_1_340' title='bbox 1013 3591 1193 3657; x_wconf 86' lang='lat' dir='ltr'><strong>meminerit.</strong></span> <span class='ocrx_word' id='word_1_341' title='bbox 1215 3603 1255 3670; x_wconf 87' lang='lat' dir='ltr'><strong>et,</strong></span> <span class='ocrx_word' id='word_1_342' title='bbox 1275 3593 1415 3665; x_wconf 87' lang='lat' dir='ltr'><strong>Hercule,</strong></span> 
     </span>
     <span class='ocr_line' id='line_1_42' title="bbox 349 3677 1416 3765; baseline -0.007 -17"><span class='ocrx_word' id='word_1_343' title='bbox 349 3681 649 3765; x_wconf 78' lang='lat' dir='ltr'><strong>mirandamfuisse,</strong></span> <span class='ocrx_word' id='word_1_344' title='bbox 664 3682 693 3744; x_wconf 85' lang='lat' dir='ltr'><strong>si</strong></span> <span class='ocrx_word' id='word_1_345' title='bbox 712 3682 805 3744; x_wconf 87' lang='lat' dir='ltr'><strong>aliter</strong></span> <span class='ocrx_word' id='word_1_346' title='bbox 813 3680 972 3763; x_wconf 80' lang='lat' dir='ltr'><strong>facerent.</strong></span> <span class='ocrx_word' id='word_1_347' title='bbox 1015 3677 1098 3744; x_wconf 74' lang='lat' dir='ltr'><strong>‘&#39;⁴Ea</strong></span> <span class='ocrx_word' id='word_1_348' title='bbox 1120 3681 1298 3756; x_wconf 77' lang='lat' dir='ltr'><strong>insoluttia,</strong></span> <span class='ocrx_word' id='word_1_349' title='bbox 1315 3678 1416 3764; x_wconf 79' lang='lat' dir='ltr'><strong>quibu</strong></span> 
     </span>
    </p>
   </div>
   <div class='ocr_carea' id='block_1_16' title="bbox 350 3813 1417 4412">
    <p class='ocr_par' dir='ltr' id='par_1_16' title="bbox 350 3813 1417 4207">
     <span class='ocr_line' id='line_1_43' title="bbox 377 3813 1158 3883; baseline -0.004 -16"><span class='ocrx_word' id='word_1_350' title='bbox 377 3827 416 3872; x_wconf 76' lang='lat'><strong>¹70</strong></span> <span class='ocrx_word' id='word_1_351' title='bbox 433 3821 477 3868; x_wconf 79' lang='lat' dir='ltr'><strong>Ee</strong></span> <span class='ocrx_word' id='word_1_352' title='bbox 499 3813 654 3883; x_wconf 82' lang='lat' dir='ltr'><strong>purpuratis]</strong></span> <span class='ocrx_word' id='word_1_353' title='bbox 688 3819 814 3878; x_wconf 83' lang='lat' dir='ltr'><strong>Purpurati</strong></span> <span class='ocrx_word' id='word_1_354' title='bbox 844 3817 871 3865; x_wconf 86' lang='lat' dir='ltr'><strong>iu</strong></span> <span class='ocrx_word' id='word_1_355' title='bbox 902 3822 938 3864; x_wconf 87' lang='lat' dir='ltr'><strong>tet</strong></span> <span class='ocrx_word' id='word_1_356' title='bbox 951 3816 1158 3865; x_wconf 69' lang='lat' dir='ltr'><strong>inremissam</strong></span> 
     </span>
     <span class='ocr_line' id='line_1_44' title="bbox 352 3881 1284 3948; baseline -0.003 -14"><span class='ocrx_word' id='word_1_357' title='bbox 352 3901 433 3948; x_wconf 79' lang='lat' dir='ltr'><strong>regum</strong></span> <span class='ocrx_word' id='word_1_358' title='bbox 454 3886 660 3932; x_wconf 81' lang='lat' dir='ltr'><strong>Macedonicorum</strong></span> <span class='ocrx_word' id='word_1_359' title='bbox 680 3885 741 3931; x_wconf 84' lang='lat' dir='ltr'><strong>aulis</strong></span> <span class='ocrx_word' id='word_1_360' title='bbox 760 3884 778 3930; x_wconf 87' lang='lat' dir='ltr'><strong>il</strong></span> <span class='ocrx_word' id='word_1_361' title='bbox 793 3889 870 3937; x_wconf 86' lang='lat' dir='ltr'><strong>erant,</strong></span> <span class='ocrx_word' id='word_1_362' title='bbox 935 3889 966 3932; x_wconf 74' lang='lat'><strong>72</strong></span> <span class='ocrx_word' id='word_1_363' title='bbox 985 3881 1134 3944; x_wconf 75' lang='lat' dir='ltr'><strong>captiosus]</strong></span> <span class='ocrx_word' id='word_1_364' title='bbox 1151 3883 1284 3944; x_wconf 69' lang='lat' dir='ltr'><strong>legerint.</strong></span> 
     </span>
     <span class='ocr_line' id='line_1_45' title="bbox 352 3944 1416 4012; baseline -0.009 -13"><span class='ocrx_word' id='word_1_365' title='bbox 352 3954 405 4012; x_wconf 91' lang='lat' dir='ltr'><strong>qui,</strong></span> <span class='ocrx_word' id='word_1_366' title='bbox 421 3952 477 4012; x_wconf 88' lang='lat' dir='ltr'><strong>quia</strong></span> <span class='ocrx_word' id='word_1_367' title='bbox 493 3952 609 4012; x_wconf 78' lang='lat' dir='ltr'><strong>dignitate</strong></span> <span class='ocrx_word' id='word_1_368' title='bbox 628 3957 718 3997; x_wconf 81' lang='lat' dir='ltr'><strong>eeteros</strong></span> <span class='ocrx_word' id='word_1_369' title='bbox 737 3949 871 4006; x_wconf 78' lang='lat' dir='ltr'><strong>anteibant,</strong></span> <span class='ocrx_word' id='word_1_370' title='bbox 935 3949 1035 3996; x_wconf 60' lang='lat' dir='ltr'><strong>rarus</strong></span> <span class='ocrx_word' id='word_1_371' title='bbox 1058 3954 1110 3994; x_wconf 81' lang='lat' dir='ltr'><strong>tuns</strong></span> <span class='ocrx_word' id='word_1_372' title='bbox 1129 3949 1185 4008; x_wconf 79' lang='lat' dir='ltr'><strong>plear</strong></span> <span class='ocrx_word' id='word_1_373' title='bbox 1207 3949 1246 3996; x_wconf 68' lang='lat' dir='ltr'><strong>tue·</strong></span> <span class='ocrx_word' id='word_1_374' title='bbox 1268 3944 1416 3994; x_wconf 65' lang='lat' dir='ltr'><strong>auctoritati</strong></span> 
     </span>
     <span class='ocr_line' id='line_1_46' title="bbox 350 4010 1417 4080; baseline -0.007 -17"><span class='ocrx_word' id='word_1_375' title='bbox 350 4031 469 4080; x_wconf 85' lang='lat' dir='ltr'><strong>purpurea</strong></span> <span class='ocrx_word' id='word_1_376' title='bbox 481 4021 544 4062; x_wconf 82' lang='lat' dir='ltr'><strong>reste</strong></span> <span class='ocrx_word' id='word_1_377' title='bbox 553 4017 688 4064; x_wconf 78' lang='lat' dir='ltr'><strong>utebantur.</strong></span> <span class='ocrx_word' id='word_1_378' title='bbox 718 4014 869 4061; x_wconf 85' lang='lat' dir='ltr'><strong>Horumlre-</strong></span> <span class='ocrx_word' id='word_1_379' title='bbox 895 4010 963 4076; x_wconf 82' lang='lat' dir='ltr'><strong>sur&#39;t]</strong></span> <span class='ocrx_word' id='word_1_380' title='bbox 988 4014 1024 4060; x_wconf 84' lang='lat' dir='ltr'><strong>Eo</strong></span> <span class='ocrx_word' id='word_1_381' title='bbox 1046 4019 1098 4080; x_wconf 78' lang='lat' dir='ltr'><strong>tum</strong></span> <span class='ocrx_word' id='word_1_382' title='bbox 1120 4020 1145 4060; x_wconf 87' lang='lat' dir='ltr'><strong>et</strong></span> <span class='ocrx_word' id='word_1_383' title='bbox 1166 4013 1289 4061; x_wconf 87' lang='lat' dir='ltr'><strong>decentior</strong></span> <span class='ocrx_word' id='word_1_384' title='bbox 1311 4012 1417 4074; x_wconf 80' lang='lat' dir='ltr'><strong>gravique</strong></span> 
     </span>
     <span class='ocr_line' id='line_1_47' title="bbox 352 4077 1415 4145; baseline -0.008 -17"><span class='ocrx_word' id='word_1_385' title='bbox 352 4091 427 4145; x_wconf 85' lang='lat' dir='ltr'><strong>quens</strong></span> <span class='ocrx_word' id='word_1_386' title='bbox 445 4082 571 4129; x_wconf 87' lang='lat' dir='ltr'><strong>mentiost</strong></span> <span class='ocrx_word' id='word_1_387' title='bbox 586 4083 611 4128; x_wconf 88' lang='lat' dir='ltr'><strong>in</strong></span> <span class='ocrx_word' id='word_1_388' title='bbox 629 4081 694 4128; x_wconf 86' lang='lat' dir='ltr'><strong>libris</strong></span> <span class='ocrx_word' id='word_1_389' title='bbox 707 4079 869 4140; x_wconf 83' lang='lat' dir='ltr'><strong>sequentibus,</strong></span> <span class='ocrx_word' id='word_1_390' title='bbox 902 4078 953 4126; x_wconf 83' lang='lat' dir='ltr'><strong>viro</strong></span> <span class='ocrx_word' id='word_1_391' title='bbox 972 4079 1066 4140; x_wconf 83' lang='lat' dir='ltr'><strong>dignior</strong></span> <span class='ocrx_word' id='word_1_392' title='bbox 1082 4078 1134 4137; x_wconf 83' lang='lat' dir='ltr'><strong>ejus</strong></span> <span class='ocrx_word' id='word_1_393' title='bbox 1151 4081 1228 4126; x_wconf 78' lang='lat' dir='ltr'><strong>oratio</strong></span> <span class='ocrx_word' id='word_1_394' title='bbox 1246 4079 1306 4137; x_wconf 79' lang='lat' dir='ltr'><strong>luit,</strong></span> <span class='ocrx_word' id='word_1_395' title='bbox 1321 4085 1346 4124; x_wconf 84' lang='lat' dir='ltr'><strong>ct</strong></span> <span class='ocrx_word' id='word_1_396' title='bbox 1364 4077 1415 4122; x_wconf 71' lang='lat' dir='ltr'><strong>tae</strong></span> 
     </span>
     <span class='ocr_line' id='line_1_48' title="bbox 351 4144 1244 4207; baseline -0.007 -11"><span class='ocrx_word' id='word_1_397' title='bbox 351 4155 377 4196; x_wconf 88' lang='lat' dir='ltr'><strong>et</strong></span> <span class='ocrx_word' id='word_1_398' title='bbox 387 4148 449 4207; x_wconf 85' lang='lat' dir='ltr'><strong>apud</strong></span> <span class='ocrx_word' id='word_1_399' title='bbox 462 4148 583 4204; x_wconf 87' lang='lat' dir='ltr'><strong>Curtium,</strong></span> <span class='ocrx_word' id='word_1_400' title='bbox 594 4153 618 4192; x_wconf 82' lang='lat' dir='ltr'><strong>et</strong></span> <span class='ocrx_word' id='word_1_401' title='bbox 629 4148 684 4193; x_wconf 82' lang='lat' dir='ltr'><strong>alibi</strong></span> <span class='ocrx_word' id='word_1_402' title='bbox 698 4145 793 4204; x_wconf 78' lang='lat' dir='ltr'><strong>passim.</strong></span> <span class='ocrx_word' id='word_1_403' title='bbox 902 4144 936 4190; x_wconf 88' lang='lat' dir='ltr'><strong>illi</strong></span> <span class='ocrx_word' id='word_1_404' title='bbox 949 4145 1040 4190; x_wconf 81' lang='lat' dir='ltr'><strong>facilius</strong></span> <span class='ocrx_word' id='word_1_405' title='bbox 1052 4144 1132 4190; x_wconf 82' lang='lat' dir='ltr'><strong>baberi</strong></span> <span class='ocrx_word' id='word_1_406' title='bbox 1142 4151 1244 4204; x_wconf 82' lang='lat' dir='ltr'><strong>poterat.</strong></span> 
     </span>
    </p>

    <p class='ocr_par' dir='ltr' id='par_1_17' title="bbox 350 4205 1416 4412">
     <span class='ocr_line' id='line_1_49' title="bbox 386 4205 1416 4273; baseline -0.004 -15"><span class='ocrx_word' id='word_1_407' title='bbox 386 4219 414 4263; x_wconf 81' lang='lat'><strong>71</strong></span> <span class='ocrx_word' id='word_1_408' title='bbox 435 4213 488 4273; x_wconf 82' lang='lat' dir='ltr'><strong>Ipsi</strong></span> <span class='ocrx_word' id='word_1_409' title='bbox 515 4219 571 4258; x_wconf 82' lang='lat' dir='ltr'><strong>ante</strong></span> <span class='ocrx_word' id='word_1_410' title='bbox 593 4227 728 4272; x_wconf 78' lang='lat' dir='ltr'><strong>responsum</strong></span> <span class='ocrx_word' id='word_1_411' title='bbox 753 4205 870 4272; x_wconf 84' lang='lat' dir='ltr'><strong>tulerunt]</strong></span> <span class='ocrx_word' id='word_1_412' title='bbox 935 4208 1036 4258; x_wconf 78' lang='lat' dir='ltr'><strong>74&#39;Ea</strong></span> <span class='ocrx_word' id='word_1_413' title='bbox 1052 4209 1190 4271; x_wconf 71' lang='lat' dir='ltr'><strong>uualmte&#39;a]</strong></span> <span class='ocrx_word' id='word_1_414' title='bbox 1207 4211 1255 4256; x_wconf 81' lang='lat' dir='ltr'><strong>Eos</strong></span> <span class='ocrx_word' id='word_1_415' title='bbox 1273 4209 1362 4268; x_wconf 82' lang='lat' dir='ltr'><strong>quibus</strong></span> <span class='ocrx_word' id='word_1_416' title='bbox 1378 4219 1416 4250; x_wconf 78' lang='lat' dir='ltr'><strong>nt·</strong></span> 
     </span>
     <span class='ocr_line' id='line_1_50' title="bbox 350 4273 1415 4338; baseline -0.008 -12"><span class='ocrx_word' id='word_1_417' title='bbox 350 4282 402 4336; x_wconf 79' lang='lat' dir='ltr'><strong>An,</strong></span> <span class='ocrx_word' id='word_1_418' title='bbox 412 4285 538 4338; x_wconf 86' lang='lat' dir='ltr'><strong>autequam</strong></span> <span class='ocrx_word' id='word_1_419' title='bbox 554 4278 680 4338; x_wconf 82' lang='lat' dir='ltr'><strong>quidquam</strong></span> <span class='ocrx_word' id='word_1_420' title='bbox 701 4277 759 4324; x_wconf 87' lang='lat' dir='ltr'><strong>satis</strong></span> <span class='ocrx_word' id='word_1_421' title='bbox 779 4282 868 4322; x_wconf 86' lang='lat' dir='ltr'><strong>certum</strong></span> <span class='ocrx_word' id='word_1_422' title='bbox 903 4289 932 4320; x_wconf 87' lang='lat' dir='ltr'><strong>ra</strong></span> <span class='ocrx_word' id='word_1_423' title='bbox 947 4275 1011 4321; x_wconf 84' lang='lat' dir='ltr'><strong>bona</strong></span> <span class='ocrx_word' id='word_1_424' title='bbox 1027 4277 1124 4322; x_wconf 79' lang='lat' dir='ltr'><strong>fortuna</strong></span> <span class='ocrx_word' id='word_1_425' title='bbox 1138 4275 1179 4330; x_wconf 82' lang='lat' dir='ltr'><strong>eit,</strong></span> <span class='ocrx_word' id='word_1_426' title='bbox 1191 4273 1347 4336; x_wconf 62' lang='lat' dir='ltr'><strong>quisidtillis</strong></span> <span class='ocrx_word' id='word_1_427' title='bbox 1365 4283 1415 4330; x_wconf 77' lang='lat' dir='ltr'><strong>pre-</strong></span> 
     </span>
     <span class='ocr_line' id='line_1_51' title="bbox 352 4325 1413 4412; baseline -0.012 -19"><span class='ocrx_word' id='word_1_428' title='bbox 352 4341 545 4408; x_wconf 84' lang='lat' dir='ltr'><strong>respondissent?</strong></span> <span class='ocrx_word' id='word_1_429' title='bbox 574 4343 813 4397; x_wconf 77' lang='lat' dir='ltr'><strong>Fortasscmeudum</strong></span> <span class='ocrx_word' id='word_1_430' title='bbox 836 4344 868 4388; x_wconf 84' lang='lat' dir='ltr'><strong>la·</strong></span> <span class='ocrx_word' id='word_1_431' title='bbox 901 4346 938 4386; x_wconf 85' lang='lat' dir='ltr'><strong>ter</strong></span> <span class='ocrx_word' id='word_1_432' title='bbox 966 4341 1074 4391; x_wconf 84' lang='lat' dir='ltr'><strong>solitum&#39;&#39;</strong></span> <span class='ocrx_word' id='word_1_433' title='bbox 1090 4341 1190 4412; x_wconf 67' lang='lat' dir='ltr'><strong>ueddst,</strong></span> <span class='ocrx_word' id='word_1_434' title='bbox 1219 4325 1274 4392; x_wconf 56' lang='lat' dir='ltr'><strong>ndei*</strong></span> <span class='ocrx_word' id='word_1_435' title='bbox 1301 4337 1413 4398; x_wconf 80' lang='lat' dir='ltr'><strong>capientes</strong></span> 
     </span>
    </p>
   </div>
   <div class='ocr_carea' id='block_1_17' title="bbox 0 0 1541 4960">
    <p class='ocr_par' dir='ltr' id='par_1_18' title="bbox 0 0 1541 4960">
     <span class='ocr_line' id='line_1_52' title="bbox 0 0 1541 4960; baseline 0 0"><span class='ocrx_word' id='word_1_436' title='bbox 0 0 1541 4960; x_wconf 95' lang='lat' dir='ltr'><strong> </strong></span> 
     </span>
    </p>
   </div>
  </div>
 </body>
</html>
