<?xml version="1.0" encoding="UTF-8"?>
<!DOCTYPE html PUBLIC "-//W3C//DTD XHTML 1.0 Transitional//EN"
    "http://www.w3.org/TR/xhtml1/DTD/xhtml1-transitional.dtd">
<html xmlns="http://www.w3.org/1999/xhtml" xml:lang="en" lang="en">
 <head>
  <title>
</title>
<meta http-equiv="Content-Type" content="text/html;charset=utf-8" />
  <meta name='ocr-system' content='tesseract 3.04.00' />
  <meta name='ocr-capabilities' content='ocr_page ocr_carea ocr_par ocr_line ocrx_word'/>
</head>
<body>
  <div class='ocr_page' id='page_1' title='image "./tliviipatavinih00crevgoog/tliviipatavinih00crevgoog_0218.png"; bbox 0 0 3140 4972; ppageno 0'>
   <div class='ocr_carea' id='block_1_1' title="bbox 457 163 1204 276">
    <p class='ocr_par' dir='ltr' id='par_1_1' title="bbox 457 163 1204 276">
     <span class='ocr_line' id='line_1_1' title="bbox 457 163 1204 276; baseline 0.003 -36"><span class='ocrx_word' id='word_1_1' title='bbox 457 179 551 240; x_wconf 79' lang='lat' dir='ltr'><em>urs.</em></span> <span class='ocrx_word' id='word_1_2' title='bbox 573 177 687 240; x_wconf 83' lang='lat' dir='ltr'><em>xxm.</em></span> <span class='ocrx_word' id='word_1_3' title='bbox 713 177 816 240; x_wconf 78' lang='lat' dir='ltr'><em>cnr.</em></span> <span class='ocrx_word' id='word_1_4' title='bbox 836 179 903 240; x_wconf 89' lang='lat' dir='ltr'><em>xv.</em></span> <span class='ocrx_word' id='word_1_5' title='bbox 1027 271 1030 276; x_wconf 22' lang='grc' dir='ltr'>Ι</span> <span class='ocrx_word' id='word_1_6' title='bbox 1149 163 1204 242; x_wconf 78' lang='lat' dir='ltr'><em>en</em></span> 
     </span>
    </p>
   </div>
   <div class='ocr_carea' id='block_1_2' title="bbox 133 341 1365 3378">
    <p class='ocr_par' dir='ltr' id='par_1_2' title="bbox 140 341 1362 1710">
     <span class='ocr_line' id='line_1_2' title="bbox 146 341 1361 431; baseline -0.002 -19"><span class='ocrx_word' id='word_1_7' title='bbox 146 361 225 412; x_wconf 83' lang='lat' dir='ltr'><em>num</em></span> <span class='ocrx_word' id='word_1_8' title='bbox 246 347 435 423; x_wconf 62' lang='lat' dir='ltr'><em>noumreret,</em></span> <span class='ocrx_word' id='word_1_9' title='bbox 455 345 663 431; x_wconf 81' lang='lat' dir='ltr'><em>pronuncint3</em></span> <span class='ocrx_word' id='word_1_10' title='bbox 685 341 810 430; x_wconf 79' lang='lat' dir='ltr'><em>ternpus</em></span> <span class='ocrx_word' id='word_1_11' title='bbox 823 345 1023 411; x_wconf 72' lang='lat' dir='ltr'><em>misseris·</em></span> <span class='ocrx_word' id='word_1_12' title='bbox 1043 345 1246 424; x_wconf 68' lang='lat' dir='ltr'><em>libertatico.</em></span> <span class='ocrx_word' id='word_1_13' title='bbox 1260 345 1361 410; x_wconf 59' lang='lat' dir='ltr'><em>cumi</em></span> 
     </span>
     <span class='ocr_line' id='line_1_3' title="bbox 145 425 1353 538; baseline 0 -42"><span class='ocrx_word' id='word_1_14' title='bbox 145 453 234 515; x_wconf 75' lang='lat' dir='ltr'><em>qurum</em></span> <span class='ocrx_word' id='word_1_15' title='bbox 243 433 299 496; x_wconf 86' lang='lat' dir='ltr'><em>diu</em></span> <span class='ocrx_word' id='word_1_16' title='bbox 308 433 490 516; x_wconf 68' lang='lat' dir='ltr'><em>sperauerit,</em></span> <span class='ocrx_word' id='word_1_17' title='bbox 497 435 667 516; x_wconf 76' lang='lat' dir='ltr'><em>putente.</em></span> <span class='ocrx_word' id='word_1_18' title='bbox 678 443 804 516; x_wconf 85' lang='lat' dir='ltr'><em>postero</em></span> <span class='ocrx_word' id='word_1_19' title='bbox 814 433 973 518; x_wconf 69' lang='lat' dir='ltr'><em>dissiperis</em></span> <span class='ocrx_word' id='word_1_20' title='bbox 980 435 1109 498; x_wconf 81' lang='lat' dir='ltr'><em>conlatis</em></span> <span class='ocrx_word' id='word_1_21' title='bbox 1116 425 1247 537; x_wconf 51' lang='lat' dir='ltr'><em>dimi-&#39;g</em></span> <span class='ocrx_word' id='word_1_22' title='bbox 1257 427 1285 474; x_wconf 79' lang='lat'><em>⁰·</em></span> <span class='ocrx_word' id='word_1_23' title='bbox 1293 427 1353 538; x_wconf 58' lang='grc' dir='ltr'><em>ἔμ’·</em></span> 
     </span>
     <span class='ocr_line' id='line_1_4' title="bbox 146 505 1355 603; baseline 0.002 -21"><span class='ocrx_word' id='word_1_24' title='bbox 146 527 284 582; x_wconf 79' lang='lat' dir='ltr'><em>catorum</em></span> <span class='ocrx_word' id='word_1_25' title='bbox 297 539 377 601; x_wconf 85' lang='lat' dir='ltr'><em>puro</em></span> <span class='ocrx_word' id='word_1_26' title='bbox 388 541 426 584; x_wconf 89' lang='lat' dir='ltr'><em>oc</em></span> <span class='ocrx_word' id='word_1_27' title='bbox 434 522 561 603; x_wconf 78' lang='lat' dir='ltr'><em>patenti</em></span> <span class='ocrx_word' id='word_1_28' title='bbox 574 539 690 602; x_wconf 83' lang='lat' dir='ltr'><em>campo,</em></span> <span class='ocrx_word' id='word_1_29' title='bbox 706 519 759 582; x_wconf 75' lang='lat' dir='ltr'><em>oti</em></span> <span class='ocrx_word' id='word_1_30' title='bbox 776 521 844 583; x_wconf 85' lang='lat' dir='ltr'><em>sine</em></span> <span class='ocrx_word' id='word_1_31' title='bbox 853 521 916 583; x_wconf 83' lang='lat' dir='ltr'><em>ulio</em></span> <span class='ocrx_word' id='word_1_32' title='bbox 931 521 1115 584; x_wconf 81' lang='lat' dir='ltr'><em>insidiarum</em></span> <span class='ocrx_word' id='word_1_33' title='bbox 1129 505 1355 602; x_wconf 50' lang='lat' dir='ltr'><em>metuiffiff„</em></span> 
     </span>
     <span class='ocr_line' id='line_1_5' title="bbox 146 605 1334 690; baseline -0.002 -22"><span class='ocrx_word' id='word_1_34' title='bbox 146 625 219 668; x_wconf 82' lang='lat' dir='ltr'><em>uero</em></span> <span class='ocrx_word' id='word_1_35' title='bbox 233 605 348 670; x_wconf 63' lang='lat' dir='ltr'><em>virtue</em></span> <span class='ocrx_word' id='word_1_36' title='bbox 365 608 438 690; x_wconf 85' lang='lat' dir='ltr'><em>geri</em></span> <span class='ocrx_word' id='word_1_37' title='bbox 450 628 499 670; x_wconf 90' lang='lat' dir='ltr'><em>res</em></span> <span class='ocrx_word' id='word_1_38' title='bbox 516 615 627 689; x_wconf 88' lang='lat' dir='ltr'><em>posset.</em></span> <span class='ocrx_word' id='word_1_39' title='bbox 674 605 740 682; x_wconf 79' lang='lat' dir='ltr'><em>Qui</em></span> <span class='ocrx_word' id='word_1_40' title='bbox 751 615 844 688; x_wconf 81' lang='lat' dir='ltr'><em>captet</em></span> <span class='ocrx_word' id='word_1_41' title='bbox 857 606 953 669; x_wconf 75' lang='lat' dir='ltr'><em>hostis</em></span> <span class='ocrx_word' id='word_1_42' title='bbox 965 609 1127 684; x_wconf 78' lang='lat' dir='ltr'><em>retulisset,</em></span> <span class='ocrx_word' id='word_1_43' title='bbox 1144 615 1266 688; x_wconf 71' lang='lat' dir='ltr'><em>merrtem</em></span> <span class='ocrx_word' id='word_1_44' title='bbox 1278 633 1334 679; x_wconf 68' lang='lat' dir='ltr'><em>pcc</em></span> 
     </span>
     <span class='ocr_line' id='line_1_6' title="bbox 140 684 1358 776; baseline 0.002 -23"><span class='ocrx_word' id='word_1_45' title='bbox 140 712 177 767; x_wconf 75' lang='lat' dir='ltr'><em>¹se</em></span> <span class='ocrx_word' id='word_1_46' title='bbox 190 693 341 774; x_wconf 71' lang='lat' dir='ltr'><em>extempio</em></span> <span class='ocrx_word' id='word_1_47' title='bbox 354 693 481 756; x_wconf 80' lang='lat' dir='ltr'><em>liberam</em></span> <span class='ocrx_word' id='word_1_48' title='bbox 496 689 653 776; x_wconf 81' lang='lat' dir='ltr'><em>jussumm</em></span> <span class='ocrx_word' id='word_1_49' title='bbox 666 713 746 757; x_wconf 80' lang='lat' dir='ltr'><em>esse:</em></span> <span class='ocrx_word' id='word_1_50' title='bbox 767 693 822 776; x_wconf 79' lang='lat' dir='ltr'><em>qui</em></span> <span class='ocrx_word' id='word_1_51' title='bbox 843 693 910 756; x_wconf 87' lang='lat' dir='ltr'><em>ioco</em></span> <span class='ocrx_word' id='word_1_52' title='bbox 929 694 1072 769; x_wconf 78' lang='lat' dir='ltr'><em>cessisset,</em></span> <span class='ocrx_word' id='word_1_53' title='bbox 1088 696 1123 757; x_wconf 83' lang='lat' dir='ltr'><em>in</em></span> <span class='ocrx_word' id='word_1_54' title='bbox 1143 687 1303 763; x_wconf 62' lang='lat' dir='ltr'><em>menime,</em></span> <span class='ocrx_word' id='word_1_55' title='bbox 1314 684 1358 744; x_wconf 76' lang='lat'>‘¹¹¹¹</span> 
     </span>
     <span class='ocr_line' id='line_1_7' title="bbox 145 750 1362 864; baseline 0.001 -24"><span class='ocrx_word' id='word_1_56' title='bbox 145 779 253 844; x_wconf 83' lang='lat' dir='ltr'><em>seruili</em></span> <span class='ocrx_word' id='word_1_57' title='bbox 272 780 425 860; x_wconf 83' lang='lat' dir='ltr'><em>supplicio</em></span> <span class='ocrx_word' id='word_1_58' title='bbox 438 781 730 844; x_wconf 82' lang='lat' dir='ltr'><em>animaduersurum.</em></span> <span class='ocrx_word' id='word_1_59' title='bbox 773 779 866 842; x_wconf 66' lang='lat' dir='ltr'><em>&amp;om</em></span> <span class='ocrx_word' id='word_1_60' title='bbox 880 779 987 864; x_wconf 71' lang='lat' dir='ltr'><em>orique</em></span> <span class='ocrx_word' id='word_1_61' title='bbox 994 780 1160 864; x_wconf 84' lang='lat' dir='ltr'><em>fortunam</em></span> <span class='ocrx_word' id='word_1_62' title='bbox 1176 750 1362 861; x_wconf 54' lang='lat' dir='ltr'><em>inffl&#39;ffissf</em></span> 
     </span>
     <span class='ocr_line' id='line_1_8' title="bbox 147 863 1309 948; baseline -0.004 -20"><span class='ocrx_word' id='word_1_63' title='bbox 147 885 242 928; x_wconf 83' lang='lat' dir='ltr'><em>manu</em></span> <span class='ocrx_word' id='word_1_64' title='bbox 256 887 333 930; x_wconf 87' lang='lat' dir='ltr'><em>esse.-</em></span> <span class='ocrx_word' id='word_1_65' title='bbox 356 865 511 930; x_wconf 71' lang='lat' dir='ltr'><em>litoreus</em></span> <span class='ocrx_word' id='word_1_66' title='bbox 523 875 675 928; x_wconf 83' lang='lat' dir='ltr'><em>auctorem</em></span> <span class='ocrx_word' id='word_1_67' title='bbox 689 867 734 929; x_wconf 91' lang='lat' dir='ltr'><em>eis</em></span> <span class='ocrx_word' id='word_1_68' title='bbox 748 885 809 927; x_wconf 83' lang='lat' dir='ltr'><em>mom</em></span> <span class='ocrx_word' id='word_1_69' title='bbox 828 863 940 948; x_wconf 81' lang='lat' dir='ltr'><em>sefore</em></span> <span class='ocrx_word' id='word_1_70' title='bbox 953 867 1057 943; x_wconf 84' lang='lat' dir='ltr'><em>solum,</em></span> <span class='ocrx_word' id='word_1_71' title='bbox 1072 869 1127 930; x_wconf 88' lang='lat' dir='ltr'><em>sed</em></span> <span class='ocrx_word' id='word_1_72' title='bbox 1139 887 1209 930; x_wconf 85' lang='lat' dir='ltr'><em>eorr-</em></span> <span class='ocrx_word' id='word_1_73' title='bbox 1218 880 1309 926; x_wconf 78' lang='lat' dir='ltr'><em>lucent.</em></span> 
     </span>
     <span class='ocr_line' id='line_1_9' title="bbox 145 949 1211 1036; baseline 0.001 -20"><span class='ocrx_word' id='word_1_74' title='bbox 145 953 238 1016; x_wconf 77' lang='lat' dir='ltr'><em>sulem</em></span> <span class='ocrx_word' id='word_1_75' title='bbox 265 951 316 1016; x_wconf 85' lang='lat' dir='ltr'><em>M.</em></span> <span class='ocrx_word' id='word_1_76' title='bbox 329 949 524 1032; x_wconf 83' lang='lat' dir='ltr'><em>Marcellum,</em></span> <span class='ocrx_word' id='word_1_77' title='bbox 546 953 600 1016; x_wconf 84' lang='lat' dir='ltr'><em>sed</em></span> <span class='ocrx_word' id='word_1_78' title='bbox 626 953 782 1016; x_wconf 84' lang='lat' dir='ltr'><em>uniuersos</em></span> <span class='ocrx_word' id='word_1_79' title='bbox 801 951 934 1022; x_wconf 88' lang='lat' dir='ltr'><em>Potres‚·</em></span> <span class='ocrx_word' id='word_1_80' title='bbox 958 971 1042 1036; x_wconf 82' lang='lat' dir='ltr'><em>quos,</em></span> <span class='ocrx_word' id='word_1_81' title='bbox 1061 956 1211 1017; x_wconf 79' lang='lat' dir='ltr'><em>consrdtos</em></span> 
     </span>
     <span class='ocr_line' id='line_1_10' title="bbox 146 1035 1211 1120; baseline 0.001 -19"><span class='ocrx_word' id='word_1_82' title='bbox 146 1037 187 1101; x_wconf 79' lang='lat' dir='ltr'><em>ab</em></span> <span class='ocrx_word' id='word_1_83' title='bbox 199 1059 233 1102; x_wconf 90' lang='lat' dir='ltr'><em>se</em></span> <span class='ocrx_word' id='word_1_84' title='bbox 247 1040 286 1101; x_wconf 84' lang='lat' dir='ltr'><em>de</em></span> <span class='ocrx_word' id='word_1_85' title='bbox 299 1038 443 1102; x_wconf 82' lang='lat' dir='ltr'><em>libertate</em></span> <span class='ocrx_word' id='word_1_86' title='bbox 452 1059 564 1114; x_wconf 78' lang='lat' dir='ltr'><em>contu,</em></span> <span class='ocrx_word' id='word_1_87' title='bbox 577 1037 638 1102; x_wconf 85' lang='lat' dir='ltr'><em>sibi</em></span> <span class='ocrx_word' id='word_1_88' title='bbox 648 1038 831 1120; x_wconf 75' lang='lat' dir='ltr'><em>permisisse.</em></span> <span class='ocrx_word' id='word_1_89' title='bbox 868 1035 992 1101; x_wconf 85' lang='lat' dir='ltr'><em>Litcms</em></span> <span class='ocrx_word' id='word_1_90' title='bbox 1007 1036 1081 1102; x_wconf 88' lang='lat' dir='ltr'><em>inde</em></span> <span class='ocrx_word' id='word_1_91' title='bbox 1095 1059 1211 1103; x_wconf 87' lang='lat' dir='ltr'><em>consu-</em></span> 
     </span>
     <span class='ocr_line' id='line_1_11' title="bbox 147 1121 1211 1208; baseline 0.001 -21"><span class='ocrx_word' id='word_1_92' title='bbox 147 1122 185 1188; x_wconf 90' lang='lat' dir='ltr'><em>lis</em></span> <span class='ocrx_word' id='word_1_93' title='bbox 204 1145 242 1188; x_wconf 84' lang='lat' dir='ltr'><em>sc</em></span> <span class='ocrx_word' id='word_1_94' title='bbox 263 1123 570 1190; x_wconf 72' lang='lat' dir='ltr'><em>senatusconsultum</em></span> <span class='ocrx_word' id='word_1_95' title='bbox 587 1123 736 1188; x_wconf 73' lang='lat' dir='ltr'><em>recitavit.</em></span> <span class='ocrx_word' id='word_1_96' title='bbox 781 1121 834 1188; x_wconf 89' lang='lat' dir='ltr'><em>Ad</em></span> <span class='ocrx_word' id='word_1_97' title='bbox 850 1145 923 1208; x_wconf 84' lang='lat' dir='ltr'><em>quae</em></span> <span class='ocrx_word' id='word_1_98' title='bbox 939 1122 1059 1188; x_wconf 80' lang='lat' dir='ltr'><em>clamor</em></span> <span class='ocrx_word' id='word_1_99' title='bbox 1072 1145 1144 1188; x_wconf 90' lang='lat' dir='ltr'><em>cnm</em></span> <span class='ocrx_word' id='word_1_100' title='bbox 1161 1126 1211 1188; x_wconf 53' lang='lat' dir='ltr'><em>in:</em></span> 
     </span>
     <span class='ocr_line' id='line_1_12' title="bbox 147 1209 1212 1298; baseline 0.002 -24"><span class='ocrx_word' id='word_1_101' title='bbox 147 1211 235 1297; x_wconf 86' lang='lat' dir='ltr'><em>genti</em></span> <span class='ocrx_word' id='word_1_102' title='bbox 257 1209 391 1275; x_wconf 76' lang='lat' dir='ltr'><em>adsensu</em></span> <span class='ocrx_word' id='word_1_103' title='bbox 413 1225 460 1276; x_wconf 86' lang='lat' dir='ltr'><em>est</em></span> <span class='ocrx_word' id='word_1_104' title='bbox 483 1211 636 1276; x_wconf 89' lang='lat' dir='ltr'><em>sublatus.</em></span> <span class='ocrx_word' id='word_1_105' title='bbox 658 1231 798 1298; x_wconf 83' lang='lat' dir='ltr'><em>pugnam</em></span> <span class='ocrx_word' id='word_1_106' title='bbox 822 1209 1005 1292; x_wconf 78' lang='lat' dir='ltr'><em>poscebant,</em></span> <span class='ocrx_word' id='word_1_107' title='bbox 1021 1211 1212 1298; x_wconf 80' lang='lat' dir='ltr'><em>signumque</em></span> 
     </span>
     <span class='ocr_line' id='line_1_13' title="bbox 148 1295 1211 1382; baseline 0.001 -22"><span class='ocrx_word' id='word_1_108' title='bbox 148 1311 183 1362; x_wconf 91' lang='lat' dir='ltr'><em>ut</em></span> <span class='ocrx_word' id='word_1_109' title='bbox 206 1296 297 1362; x_wconf 83' lang='lat' dir='ltr'><em>daret</em></span> <span class='ocrx_word' id='word_1_110' title='bbox 319 1300 493 1382; x_wconf 82' lang='lat' dir='ltr'><em>extemplo,</em></span> <span class='ocrx_word' id='word_1_111' title='bbox 515 1295 658 1362; x_wconf 88' lang='lat' dir='ltr'><em>ferociter</em></span> <span class='ocrx_word' id='word_1_112' title='bbox 679 1295 850 1363; x_wconf 76' lang='lat' dir='ltr'><em>instabant.</em></span> <span class='ocrx_word' id='word_1_113' title='bbox 896 1295 1073 1376; x_wconf 82' lang='lat' dir='ltr'><strong>Gracchus,</strong></span> <span class='ocrx_word' id='word_1_114' title='bbox 1092 1298 1211 1382; x_wconf 89' lang='lat' dir='ltr'><em>proelio</em></span> 
     </span>
     <span class='ocr_line' id='line_1_14' title="bbox 149 1381 1211 1469; baseline 0.001 -22"><span class='ocrx_word' id='word_1_115' title='bbox 149 1384 182 1448; x_wconf 89' lang='lat' dir='ltr'><em>in</em></span> <span class='ocrx_word' id='word_1_116' title='bbox 195 1395 361 1468; x_wconf 90' lang='lat' dir='ltr'><em>posterum</em></span> <span class='ocrx_word' id='word_1_117' title='bbox 376 1384 460 1448; x_wconf 86' lang='lat' dir='ltr'><em>diem</em></span> <span class='ocrx_word' id='word_1_118' title='bbox 472 1383 697 1469; x_wconf 85' lang='lat' dir='ltr'><em>pronuncinto,</em></span> <span class='ocrx_word' id='word_1_119' title='bbox 712 1384 897 1448; x_wconf 81' lang='lat' dir='ltr'>concionem</span> <span class='ocrx_word' id='word_1_120' title='bbox 912 1381 1042 1450; x_wconf 85' lang='lat' dir='ltr'><em>dimisit.</em></span> <span class='ocrx_word' id='word_1_121' title='bbox 1088 1383 1211 1450; x_wconf 80' lang='lat' dir='ltr'><em>Milites</em></span> 
     </span>
     <span class='ocr_line' id='line_1_15' title="bbox 149 1467 1212 1557; baseline 0.002 -23"><span class='ocrx_word' id='word_1_122' title='bbox 149 1467 223 1547; x_wconf 67' lang='lat' dir='ltr'><em>lecti,</em></span> <span class='ocrx_word' id='word_1_123' title='bbox 263 1471 402 1557; x_wconf 83' lang='lat' dir='ltr'><em>raecipue</em></span> <span class='ocrx_word' id='word_1_124' title='bbox 415 1470 562 1557; x_wconf 80' lang='lat' dir='ltr'><em>⁶⁸quibus</em></span> <span class='ocrx_word' id='word_1_125' title='bbox 578 1491 697 1534; x_wconf 86' lang='lat' dir='ltr'><em>merces</em></span> <span class='ocrx_word' id='word_1_126' title='bbox 716 1480 844 1534; x_wconf 83' lang='lat' dir='ltr'><em>navntae</em></span> <span class='ocrx_word' id='word_1_127' title='bbox 865 1469 898 1531; x_wconf 89' lang='lat' dir='ltr'><em>in</em></span> <span class='ocrx_word' id='word_1_128' title='bbox 922 1493 1021 1534; x_wconf 74' lang='lat' dir='ltr'><em>unium</em></span> <span class='ocrx_word' id='word_1_129' title='bbox 1036 1470 1120 1536; x_wconf 85' lang='lat' dir='ltr'><em>diem</em></span> <span class='ocrx_word' id='word_1_130' title='bbox 1135 1493 1212 1556; x_wconf 89' lang='lat' dir='ltr'><em>ope-</em></span> 
     </span>
     <span class='ocr_line' id='line_1_16' title="bbox 149 1493 1211 1644; baseline 0.002 -24"><span class='ocrx_word' id='word_1_131' title='bbox 149 1578 194 1622; x_wconf 82' lang='lat' dir='ltr'><em>rae</em></span> <span class='ocrx_word' id='word_1_132' title='bbox 215 1493 344 1624; x_wconf 66' lang='lat' dir='ltr'><em>tilerias</em></span> <span class='ocrx_word' id='word_1_133' title='bbox 366 1557 475 1623; x_wconf 86' lang='lat' dir='ltr'><em>sutura</em></span> <span class='ocrx_word' id='word_1_134' title='bbox 496 1570 573 1634; x_wconf 82' lang='lat' dir='ltr'><em>erut,</em></span> <span class='ocrx_word' id='word_1_135' title='bbox 590 1557 686 1622; x_wconf 85' lang='lat' dir='ltr'><em>ermis</em></span> <span class='ocrx_word' id='word_1_136' title='bbox 707 1555 914 1642; x_wconf 85' lang='lat' dir='ltr'><em>expediendis</em></span> <span class='ocrx_word' id='word_1_137' title='bbox 928 1557 1038 1642; x_wconf 71' lang='lat' dir='ltr'><em>quod*</em></span> <span class='ocrx_word' id='word_1_138' title='bbox 1052 1556 1211 1644; x_wconf 87' lang='lat' dir='ltr'><em>reliquum</em></span> 
     </span>
     <span class='ocr_line' id='line_1_17' title="bbox 149 1656 351 1710; baseline 0.01 -2"><span class='ocrx_word' id='word_1_139' title='bbox 149 1656 351 1710; x_wconf 83' lang='lat' dir='ltr'><em>consumunt</em></span> 
     </span>
    </p>

    <p class='ocr_par' dir='ltr' id='par_1_3' title="bbox 133 1721 1365 2338">
     <span class='ocr_line' id='line_1_18' title="bbox 192 1721 1215 1818; baseline 0 -22"><span class='ocrx_word' id='word_1_140' title='bbox 192 1730 268 1796; x_wconf 90' lang='lat' dir='ltr'><em>XV.</em></span> <span class='ocrx_word' id='word_1_141' title='bbox 291 1730 426 1796; x_wconf 87' lang='lat' dir='ltr'><em>Postero</em></span> <span class='ocrx_word' id='word_1_142' title='bbox 444 1730 506 1810; x_wconf 88' lang='lat' dir='ltr'><em>die,</em></span> <span class='ocrx_word' id='word_1_143' title='bbox 523 1729 579 1796; x_wconf 89' lang='lat' dir='ltr'><em>ubi</em></span> <span class='ocrx_word' id='word_1_144' title='bbox 601 1729 692 1818; x_wconf 84' lang='lat' dir='ltr'><em>signu</em></span> <span class='ocrx_word' id='word_1_145' title='bbox 705 1742 873 1816; x_wconf 86' lang='lat' dir='ltr'><em>coeperunt</em></span> <span class='ocrx_word' id='word_1_146' title='bbox 887 1751 1010 1809; x_wconf 79' lang='lat' dir='ltr'><em>canere,</em></span> <span class='ocrx_word' id='word_1_147' title='bbox 1025 1731 1122 1818; x_wconf 86' lang='lat' dir='ltr'><em>primi</em></span> <span class='ocrx_word' id='word_1_148' title='bbox 1143 1721 1215 1796; x_wconf 60' lang='lat' dir='ltr'><em>‹1111-v</em></span> 
     </span>
     <span class='ocr_line' id='line_1_19' title="bbox 149 1815 1214 1905; baseline 0 -23"><span class='ocrx_word' id='word_1_149' title='bbox 149 1815 240 1882; x_wconf 89' lang='lat' dir='ltr'><em>nium</em></span> <span class='ocrx_word' id='word_1_150' title='bbox 262 1819 362 1904; x_wconf 83' lang='lat' dir='ltr'><em>pcruti</em></span> <span class='ocrx_word' id='word_1_151' title='bbox 387 1818 596 1905; x_wconf 85' lang='lat' dir='ltr'><em>instructique</em></span> <span class='ocrx_word' id='word_1_152' title='bbox 618 1817 660 1882; x_wconf 85' lang='lat' dir='ltr'><em>ad</em></span> <span class='ocrx_word' id='word_1_153' title='bbox 682 1818 868 1901; x_wconf 74' lang='lat' dir='ltr'><em>praetorium</em></span> <span class='ocrx_word' id='word_1_154' title='bbox 890 1819 1092 1884; x_wconf 87' lang='lat' dir='ltr'><em>conveniunt.</em></span> <span class='ocrx_word' id='word_1_155' title='bbox 1138 1818 1214 1884; x_wconf 86' lang='lat' dir='ltr'><em>Sole</em></span> 
     </span>
     <span class='ocr_line' id='line_1_20' title="bbox 150 1903 1365 1990; baseline 0.003 -24"><span class='ocrx_word' id='word_1_156' title='bbox 150 1914 232 1980; x_wconf 84' lang='lat' dir='ltr'><em>orto,</em></span> <span class='ocrx_word' id='word_1_157' title='bbox 250 1904 416 1970; x_wconf 81' lang='lat' dir='ltr'><em>Gracchus</em></span> <span class='ocrx_word' id='word_1_158' title='bbox 436 1906 470 1968; x_wconf 89' lang='lat' dir='ltr'><em>in</em></span> <span class='ocrx_word' id='word_1_159' title='bbox 485 1905 586 1969; x_wconf 83' lang='lat' dir='ltr'><em>aciem</em></span> <span class='ocrx_word' id='word_1_160' title='bbox 608 1905 716 1990; x_wconf 81' lang='lat' dir='ltr'><em>copias</em></span> <span class='ocrx_word' id='word_1_161' title='bbox 738 1903 856 1970; x_wconf 85' lang='lat' dir='ltr'><em>educit.</em></span> <span class='ocrx_word' id='word_1_162' title='bbox 878 1925 938 1969; x_wconf 88' lang='lat' dir='ltr'><em>nec</em></span> <span class='ocrx_word' id='word_1_163' title='bbox 960 1903 1065 1970; x_wconf 84' lang='lat' dir='ltr'><em>hostes</em></span> <span class='ocrx_word' id='word_1_164' title='bbox 1091 1927 1213 1970; x_wconf 81' lang='lat' dir='ltr'><em>morsm</em></span> <span class='ocrx_word' id='word_1_165' title='bbox 1222 1923 1365 1985; x_wconf 67' lang='lat' dir='ltr'><em>neespug-</em></span> 
     </span>
     <span class='ocr_line' id='line_1_21' title="bbox 150 1988 1263 2076; baseline 0 -21"><span class='ocrx_word' id='word_1_166' title='bbox 150 1988 323 2056; x_wconf 90' lang='lat' dir='ltr'><em>dimicaudi</em></span> <span class='ocrx_word' id='word_1_167' title='bbox 337 1990 489 2058; x_wconf 89' lang='lat' dir='ltr'><em>fecerunt.</em></span> <span class='ocrx_word' id='word_1_168' title='bbox 533 1990 656 2056; x_wconf 81' lang='lat' dir='ltr'><em>Decem</em></span> <span class='ocrx_word' id='word_1_169' title='bbox 668 2003 700 2055; x_wconf 88' lang='lat' dir='ltr'><em>et</em></span> <span class='ocrx_word' id='word_1_170' title='bbox 710 2005 828 2076; x_wconf 87' lang='lat' dir='ltr'><em>septem</em></span> <span class='ocrx_word' id='word_1_171' title='bbox 841 1990 941 2056; x_wconf 90' lang='lat' dir='ltr'><em>millia</em></span> <span class='ocrx_word' id='word_1_172' title='bbox 955 1991 1098 2076; x_wconf 88' lang='lat' dir='ltr'><em>peditum</em></span> <span class='ocrx_word' id='word_1_173' title='bbox 1111 2005 1212 2069; x_wconf 81' lang='lat' dir='ltr'><em>erant,</em></span> <span class='ocrx_word' id='word_1_174' title='bbox 1223 2003 1263 2036; x_wconf 72' lang='lat'><em>¹¹³·</em></span> 
     </span>
     <span class='ocr_line' id='line_1_22' title="bbox 151 2077 1214 2164; baseline 0.003 -24"><span class='ocrx_word' id='word_1_175' title='bbox 151 2079 291 2142; x_wconf 82' lang='lat' dir='ltr'><em>maxims</em></span> <span class='ocrx_word' id='word_1_176' title='bbox 320 2101 360 2143; x_wconf 84' lang='lat' dir='ltr'><em>cx</em></span> <span class='ocrx_word' id='word_1_177' title='bbox 390 2091 482 2164; x_wconf 87' lang='lat' dir='ltr'><em>parte</em></span> <span class='ocrx_word' id='word_1_178' title='bbox 511 2077 629 2143; x_wconf 89' lang='lat' dir='ltr'><em>Bruttii</em></span> <span class='ocrx_word' id='word_1_179' title='bbox 659 2099 697 2142; x_wconf 88' lang='lat' dir='ltr'><em>ac</em></span> <span class='ocrx_word' id='word_1_180' title='bbox 724 2077 860 2142; x_wconf 83' lang='lat' dir='ltr'><em>Lucani.</em></span> <span class='ocrx_word' id='word_1_181' title='bbox 889 2079 1009 2164; x_wconf 85' lang='lat' dir='ltr'><em>equites</em></span> <span class='ocrx_word' id='word_1_182' title='bbox 1038 2078 1125 2142; x_wconf 89' lang='lat' dir='ltr'><em>mille</em></span> <span class='ocrx_word' id='word_1_183' title='bbox 1153 2079 1214 2143; x_wconf 84' lang='lat' dir='ltr'><em>du-</em></span> 
     </span>
     <span class='ocr_line' id='line_1_23' title="bbox 133 2163 1215 2250; baseline 0 -22"><span class='ocrx_word' id='word_1_184' title='bbox 133 2163 253 2242; x_wconf 89' lang='lat' dir='ltr'><em>·centi;</em></span> <span class='ocrx_word' id='word_1_185' title='bbox 276 2164 359 2230; x_wconf 84' lang='lat' dir='ltr'><em>inter</em></span> <span class='ocrx_word' id='word_1_186' title='bbox 383 2185 462 2250; x_wconf 90' lang='lat' dir='ltr'><em>quos</em></span> <span class='ocrx_word' id='word_1_187' title='bbox 486 2165 580 2250; x_wconf 82' lang='lat' dir='ltr'><em>pauci</em></span> <span class='ocrx_word' id='word_1_188' title='bbox 604 2163 777 2228; x_wconf 78' lang='lat' dir='ltr'><em>ednundum</em></span> <span class='ocrx_word' id='word_1_189' title='bbox 803 2163 917 2246; x_wconf 82' lang='lat' dir='ltr'><em>Italici,</em></span> <span class='ocrx_word' id='word_1_190' title='bbox 940 2165 1035 2230; x_wconf 88' lang='lat' dir='ltr'><em>ceteri</em></span> <span class='ocrx_word' id='word_1_191' title='bbox 1063 2165 1215 2230; x_wconf 85' lang='lat' dir='ltr'><em>Numidae</em></span> 
     </span>
     <span class='ocr_line' id='line_1_24' title="bbox 151 2249 1214 2338; baseline 0.003 -25"><span class='ocrx_word' id='word_1_192' title='bbox 151 2249 215 2316; x_wconf 81' lang='lat' dir='ltr'><em>fere</em></span> <span class='ocrx_word' id='word_1_193' title='bbox 240 2272 351 2317; x_wconf 88' lang='lat' dir='ltr'><em>omnes</em></span> <span class='ocrx_word' id='word_1_194' title='bbox 379 2251 562 2338; x_wconf 88' lang='lat' dir='ltr'><em>Maurique.</em></span> <span class='ocrx_word' id='word_1_195' title='bbox 581 2253 584 2264; x_wconf 88' lang='lat'>&#39;</span> <span class='ocrx_word' id='word_1_196' title='bbox 610 2251 791 2337; x_wconf 81' lang='lat' dir='ltr'><em>Pugnatum</em></span> <span class='ocrx_word' id='word_1_197' title='bbox 817 2266 865 2318; x_wconf 85' lang='lat' dir='ltr'><em>est</em></span> <span class='ocrx_word' id='word_1_198' title='bbox 889 2251 1071 2330; x_wconf 76' lang='lat' dir='ltr'><em>mussites,</em></span> <span class='ocrx_word' id='word_1_199' title='bbox 1093 2264 1125 2315; x_wconf 87' lang='lat' dir='ltr'><em>et</em></span> <span class='ocrx_word' id='word_1_200' title='bbox 1147 2251 1214 2316; x_wconf 90' lang='lat' dir='ltr'><em>diu.</em></span> 
     </span>
    </p>

    <p class='ocr_par' dir='ltr' id='par_1_4' title="bbox 148 2337 1219 3378">
     <span class='ocr_line' id='line_1_25' title="bbox 173 2337 1214 2425; baseline -0.001 -23"><span class='ocrx_word' id='word_1_201' title='bbox 173 2352 290 2404; x_wconf 84' lang='lat' dir='ltr'><em>untuor</em></span> <span class='ocrx_word' id='word_1_202' title='bbox 310 2337 398 2403; x_wconf 88' lang='lat' dir='ltr'><em>horis</em></span> <span class='ocrx_word' id='word_1_203' title='bbox 421 2352 533 2418; x_wconf 80' lang='lat' dir='ltr'><em>rreutro</em></span> <span class='ocrx_word' id='word_1_204' title='bbox 554 2337 707 2402; x_wconf 83' lang='lat' dir='ltr'><em>inclinatu</em></span> <span class='ocrx_word' id='word_1_205' title='bbox 721 2351 767 2402; x_wconf 87' lang='lat' dir='ltr'><em>est</em></span> <span class='ocrx_word' id='word_1_206' title='bbox 787 2359 915 2424; x_wconf 84' lang='lat' dir='ltr'><em>pugne:</em></span> <span class='ocrx_word' id='word_1_207' title='bbox 939 2359 999 2402; x_wconf 90' lang='lat' dir='ltr'><em>nec</em></span> <span class='ocrx_word' id='word_1_208' title='bbox 1025 2338 1087 2402; x_wconf 87' lang='lat' dir='ltr'><em>alia</em></span> <span class='ocrx_word' id='word_1_209' title='bbox 1112 2344 1214 2425; x_wconf 80' lang='lat' dir='ltr'><em>magis</em></span> 
     </span>
     <span class='ocr_line' id='line_1_26' title="bbox 151 2359 1216 2510; baseline -0.003 -19"><span class='ocrx_word' id='word_1_210' title='bbox 151 2359 338 2491; x_wconf 49' lang='lat' dir='ltr'><em>lominum</em></span> <span class='ocrx_word' id='word_1_211' title='bbox 363 2423 545 2510; x_wconf 80' lang='lat' dir='ltr'><em>inpediebat</em></span> <span class='ocrx_word' id='word_1_212' title='bbox 567 2447 628 2504; x_wconf 87' lang='lat' dir='ltr'><em>res,</em></span> <span class='ocrx_word' id='word_1_213' title='bbox 643 2445 738 2510; x_wconf 82' lang='lat' dir='ltr'><em>quem</em></span> <span class='ocrx_word' id='word_1_214' title='bbox 761 2423 865 2509; x_wconf 85' lang='lat' dir='ltr'><em>capite</em></span> <span class='ocrx_word' id='word_1_215' title='bbox 886 2424 1026 2490; x_wconf 88' lang='lat' dir='ltr'><em>hostium</em></span> <span class='ocrx_word' id='word_1_216' title='bbox 1050 2425 1153 2510; x_wconf 83' lang='lat' dir='ltr'><em>pretia</em></span> <span class='ocrx_word' id='word_1_217' title='bbox 1178 2426 1216 2488; x_wconf 89' lang='lat' dir='ltr'><em>li-</em></span> 
     </span>
     <span class='ocr_line' id='line_1_27' title="bbox 152 2509 1215 2598; baseline 0 -23"><span class='ocrx_word' id='word_1_218' title='bbox 152 2509 267 2576; x_wconf 85' lang='lat' dir='ltr'><em>bertoti</em></span> <span class='ocrx_word' id='word_1_219' title='bbox 292 2511 384 2578; x_wconf 81' lang='lat' dir='ltr'><em>lecte.</em></span> <span class='ocrx_word' id='word_1_220' title='bbox 429 2511 514 2578; x_wconf 83' lang='lat' dir='ltr'><em>Num</em></span> <span class='ocrx_word' id='word_1_221' title='bbox 541 2523 578 2577; x_wconf 90' lang='lat' dir='ltr'><em>ut</em></span> <span class='ocrx_word' id='word_1_222' title='bbox 600 2511 735 2598; x_wconf 87' lang='lat' dir='ltr'><em>quisque</em></span> <span class='ocrx_word' id='word_1_223' title='bbox 755 2509 879 2576; x_wconf 89' lang='lat' dir='ltr'><em>hostem</em></span> <span class='ocrx_word' id='word_1_224' title='bbox 902 2512 1029 2598; x_wconf 79' lang='lat' dir='ltr'><em>inpigre</em></span> <span class='ocrx_word' id='word_1_225' title='bbox 1043 2513 1215 2588; x_wconf 83' lang='lat' dir='ltr'><em>occiderat,</em></span> 
     </span>
     <span class='ocr_line' id='line_1_28' title="bbox 151 2597 1216 2691; baseline 0 -29"><span class='ocrx_word' id='word_1_226' title='bbox 151 2599 292 2682; x_wconf 88' lang='lat' dir='ltr'><em>primum</em></span> <span class='ocrx_word' id='word_1_227' title='bbox 317 2597 455 2684; x_wconf 78' lang='lat' dir='ltr'><em>⁶⁹capite</em></span> <span class='ocrx_word' id='word_1_228' title='bbox 480 2619 567 2691; x_wconf 75' lang='lat' dir='ltr'><em>aegre</em></span> <span class='ocrx_word' id='word_1_229' title='bbox 592 2598 675 2663; x_wconf 90' lang='lat' dir='ltr'><em>iuter</em></span> <span class='ocrx_word' id='word_1_230' title='bbox 700 2597 827 2662; x_wconf 80' lang='lat' dir='ltr'><em>turbem</em></span> <span class='ocrx_word' id='word_1_231' title='bbox 854 2598 1090 2685; x_wconf 87' lang='lat' dir='ltr'><em>tumultumque</em></span> <span class='ocrx_word' id='word_1_232' title='bbox 1115 2599 1216 2664; x_wconf 82' lang='lat' dir='ltr'><em>absci-</em></span> 
     </span>
     <span class='ocr_line' id='line_1_29' title="bbox 150 2683 1216 2771; baseline 0.001 -21"><span class='ocrx_word' id='word_1_233' title='bbox 150 2683 278 2750; x_wconf 65' lang='lat' dir='ltr'><em>dendo!</em></span> <span class='ocrx_word' id='word_1_234' title='bbox 303 2698 428 2770; x_wconf 87' lang='lat' dir='ltr'><em>tempus</em></span> <span class='ocrx_word' id='word_1_235' title='bbox 453 2687 591 2750; x_wconf 80' lang='lat' dir='ltr'><em>terebat:</em></span> <span class='ocrx_word' id='word_1_236' title='bbox 615 2683 742 2762; x_wconf 88' lang='lat' dir='ltr'><em>deinde,</em></span> <span class='ocrx_word' id='word_1_237' title='bbox 763 2699 918 2771; x_wconf 85' lang='lat' dir='ltr'><em>occupata</em></span> <span class='ocrx_word' id='word_1_238' title='bbox 941 2684 1054 2750; x_wconf 83' lang='lat' dir='ltr'><em>dextra</em></span> <span class='ocrx_word' id='word_1_239' title='bbox 1079 2689 1216 2751; x_wconf 89' lang='lat' dir='ltr'><em>tenendo</em></span> 
     </span>
     <span class='ocr_line' id='line_1_30' title="bbox 149 2769 1217 2861; baseline 0 -25"><span class='ocrx_word' id='word_1_240' title='bbox 149 2779 257 2856; x_wconf 78' lang='lat' dir='ltr'><em>cupit,</em></span> <span class='ocrx_word' id='word_1_241' title='bbox 281 2769 468 2837; x_wconf 88' lang='lat' dir='ltr'><em>fortissimus</em></span> <span class='ocrx_word' id='word_1_242' title='bbox 490 2773 624 2860; x_wconf 88' lang='lat' dir='ltr'><em>quisque</em></span> <span class='ocrx_word' id='word_1_243' title='bbox 649 2783 811 2860; x_wconf 81' lang='lat' dir='ltr'><em>pugnator</em></span> <span class='ocrx_word' id='word_1_244' title='bbox 836 2795 904 2838; x_wconf 86' lang='lat' dir='ltr'><em>esse</em></span> <span class='ocrx_word' id='word_1_245' title='bbox 931 2773 1086 2838; x_wconf 83' lang='lat' dir='ltr'><em>desierat:</em></span> <span class='ocrx_word' id='word_1_246' title='bbox 1110 2773 1217 2861; x_wconf 86' lang='lat' dir='ltr'><em>segni·</em></span> 
     </span>
     <span class='ocr_line' id='line_1_31' title="bbox 151 2857 1217 2946; baseline 0.002 -24"><span class='ocrx_word' id='word_1_247' title='bbox 151 2857 210 2924; x_wconf 85' lang='lat' dir='ltr'><em>bus</em></span> <span class='ocrx_word' id='word_1_248' title='bbox 226 2881 265 2923; x_wconf 82' lang='lat' dir='ltr'><em>ee</em></span> <span class='ocrx_word' id='word_1_249' title='bbox 278 2857 399 2923; x_wconf 89' lang='lat' dir='ltr'><em>timidis</em></span> <span class='ocrx_word' id='word_1_250' title='bbox 421 2859 537 2924; x_wconf 82' lang='lat' dir='ltr'><em>traditu</em></span> <span class='ocrx_word' id='word_1_251' title='bbox 550 2879 662 2946; x_wconf 76' lang='lat' dir='ltr'><em>pugna</em></span> <span class='ocrx_word' id='word_1_252' title='bbox 680 2871 756 2924; x_wconf 79' lang='lat' dir='ltr'><em>erat</em></span> <span class='ocrx_word' id='word_1_253' title='bbox 802 2857 901 2934; x_wconf 87' lang='lat' dir='ltr'><em>Quod</em></span> <span class='ocrx_word' id='word_1_254' title='bbox 920 2859 976 2924; x_wconf 90' lang='lat' dir='ltr'><em>ubi</em></span> <span class='ocrx_word' id='word_1_255' title='bbox 997 2859 1118 2924; x_wconf 86' lang='lat' dir='ltr'><em>tribuni</em></span> <span class='ocrx_word' id='word_1_256' title='bbox 1132 2860 1217 2924; x_wconf 88' lang='lat' dir='ltr'><em>mili·</em></span> 
     </span>
     <span class='ocr_line' id='line_1_32' title="bbox 151 2944 1218 3030; baseline 0.003 -22"><span class='ocrx_word' id='word_1_257' title='bbox 151 2955 220 3010; x_wconf 89' lang='lat' dir='ltr'><em>tum</em></span> <span class='ocrx_word' id='word_1_258' title='bbox 237 2944 389 3010; x_wconf 74' lang='lat' dir='ltr'><em>Graccho</em></span> <span class='ocrx_word' id='word_1_259' title='bbox 401 2946 644 3022; x_wconf 17' lang='lat' dir='ltr'><em>*nunciaverunt</em></span> <span class='ocrx_word' id='word_1_260' title='bbox 659 2947 806 3010; x_wconf 83' lang='lat' dir='ltr'><em>neminem</em></span> <span class='ocrx_word' id='word_1_261' title='bbox 829 2956 958 3010; x_wconf 84' lang='lat' dir='ltr'><em>stentem</em></span> <span class='ocrx_word' id='word_1_262' title='bbox 972 2946 1043 3030; x_wconf 83' lang='lat' dir='ltr'><em>jam</em></span> <span class='ocrx_word' id='word_1_263' title='bbox 1058 2950 1218 3012; x_wconf 82' lang='lat' dir='ltr'><em>vulnerari</em></span> 
     </span>
     <span class='ocr_line' id='line_1_33' title="bbox 149 3032 1219 3120; baseline 0.003 -24"><span class='ocrx_word' id='word_1_264' title='bbox 149 3032 274 3110; x_wconf 79' lang='lat' dir='ltr'><em>hostem,</em></span> <span class='ocrx_word' id='word_1_265' title='bbox 286 3035 466 3116; x_wconf 69' lang='lat' dir='ltr'><em>carnificari</em></span> <span class='ocrx_word' id='word_1_266' title='bbox 471 3032 624 3117; x_wconf 81' lang='lat' dir='ltr'><em>jacentes,</em></span> <span class='ocrx_word' id='word_1_267' title='bbox 639 3041 670 3096; x_wconf 87' lang='lat' dir='ltr'><em>et</em></span> <span class='ocrx_word' id='word_1_268' title='bbox 685 3034 718 3095; x_wconf 87' lang='lat' dir='ltr'><em>im</em></span> <span class='ocrx_word' id='word_1_269' title='bbox 739 3034 857 3097; x_wconf 77' lang='lat' dir='ltr'><em>deutris</em></span> <span class='ocrx_word' id='word_1_270' title='bbox 871 3034 1002 3098; x_wconf 84' lang='lat' dir='ltr'><em>militum</em></span> <span class='ocrx_word' id='word_1_271' title='bbox 1017 3055 1080 3117; x_wconf 89' lang='lat' dir='ltr'><em>pro</em></span> <span class='ocrx_word' id='word_1_272' title='bbox 1097 3036 1219 3120; x_wconf 78' lang='lat' dir='ltr'><em>gladiis</em></span> 
     </span>
     <span class='ocr_line' id='line_1_34' title="bbox 150 3117 1218 3208; baseline 0.002 -26"><span class='ocrx_word' id='word_1_273' title='bbox 150 3119 286 3182; x_wconf 83' lang='lat' dir='ltr'><em>lrrmmmo</em></span> <span class='ocrx_word' id='word_1_274' title='bbox 299 3122 406 3203; x_wconf 85' lang='lat' dir='ltr'><em>capita</em></span> <span class='ocrx_word' id='word_1_275' title='bbox 430 3141 508 3184; x_wconf 83' lang='lat' dir='ltr'><em>esse:</em></span> <span class='ocrx_word' id='word_1_276' title='bbox 531 3117 693 3206; x_wconf 74' lang='lat' dir='ltr'><em>⁷⁰signum</em></span> <span class='ocrx_word' id='word_1_277' title='bbox 713 3117 783 3183; x_wconf 88' lang='lat' dir='ltr'><em>dari</em></span> <span class='ocrx_word' id='word_1_278' title='bbox 804 3141 942 3204; x_wconf 87' lang='lat' dir='ltr'><em>propere</em></span> <span class='ocrx_word' id='word_1_279' title='bbox 958 3120 1063 3208; x_wconf 87' lang='lat' dir='ltr'><em>jussit,</em></span> <span class='ocrx_word' id='word_1_280' title='bbox 1080 3121 1218 3205; x_wconf 81' lang='lat' dir='ltr'><em>prqjice-</em></span> 
     </span>
     <span class='ocr_line' id='line_1_35' title="bbox 148 3206 1219 3292; baseline 0.002 -23"><span class='ocrx_word' id='word_1_281' title='bbox 148 3215 220 3270; x_wconf 85' lang='lat' dir='ltr'><em>rent</em></span> <span class='ocrx_word' id='word_1_282' title='bbox 233 3208 351 3290; x_wconf 85' lang='lat' dir='ltr'><em>capita,</em></span> <span class='ocrx_word' id='word_1_283' title='bbox 368 3207 606 3290; x_wconf 84' lang='lat' dir='ltr'><em>invaderentque</em></span> <span class='ocrx_word' id='word_1_284' title='bbox 619 3206 742 3270; x_wconf 77' lang='lat' dir='ltr'><em>hostem.</em></span> <span class='ocrx_word' id='word_1_285' title='bbox 789 3208 915 3274; x_wconf 83' lang='lat' dir='ltr'><em>Claram</em></span> <span class='ocrx_word' id='word_1_286' title='bbox 931 3209 1008 3272; x_wconf 85' lang='lat' dir='ltr'><em>satis</em></span> <span class='ocrx_word' id='word_1_287' title='bbox 1022 3217 1053 3271; x_wconf 88' lang='lat' dir='ltr'><em>et</em></span> <span class='ocrx_word' id='word_1_288' title='bbox 1067 3210 1219 3292; x_wconf 80' lang='lat' dir='ltr'><em>insignem</em></span> 
     </span>
     <span class='ocr_line' id='line_1_36' title="bbox 149 3291 1218 3378; baseline 0.001 -22"><span class='ocrx_word' id='word_1_289' title='bbox 149 3293 294 3358; x_wconf 84' lang='lat' dir='ltr'><em>uirtutem</em></span> <span class='ocrx_word' id='word_1_290' title='bbox 315 3314 397 3358; x_wconf 81' lang='lat' dir='ltr'><em>esse.-</em></span> <span class='ocrx_word' id='word_1_291' title='bbox 421 3315 475 3357; x_wconf 84' lang='lat' dir='ltr'><em>nec</em></span> <span class='ocrx_word' id='word_1_292' title='bbox 489 3293 612 3357; x_wconf 79' lang='lat' dir='ltr'><em>dccbiam</em></span> <span class='ocrx_word' id='word_1_293' title='bbox 626 3291 799 3357; x_wconf 80' lang='lat' dir='ltr'><em>libertatem</em></span> <span class='ocrx_word' id='word_1_294' title='bbox 810 3293 958 3378; x_wconf 75' lang='lat' dir='ltr'><em>ficturum</em></span> <span class='ocrx_word' id='word_1_295' title='bbox 981 3296 1116 3358; x_wconf 82' lang='lat' dir='ltr'><em>strenuis</em></span> <span class='ocrx_word' id='word_1_296' title='bbox 1130 3296 1218 3359; x_wconf 88' lang='lat' dir='ltr'><em>viris.</em></span> 
     </span>
    </p>
   </div>
   <div class='ocr_carea' id='block_1_3' title="bbox 149 3376 1218 3584">
    <p class='ocr_par' dir='ltr' id='par_1_5' title="bbox 149 3376 1218 3584">
     <span class='ocr_line' id='line_1_37' title="bbox 149 3376 1218 3468; baseline 0.002 -26"><span class='ocrx_word' id='word_1_297' title='bbox 149 3376 241 3448; x_wconf 89' lang='lat' dir='ltr'><em>Tum</em></span> <span class='ocrx_word' id='word_1_298' title='bbox 256 3377 471 3468; x_wconf 80' lang='lat' dir='ltr'><em>redintegrate</em></span> <span class='ocrx_word' id='word_1_299' title='bbox 484 3401 594 3466; x_wconf 77' lang='lat' dir='ltr'><em>pugna</em></span> <span class='ocrx_word' id='word_1_300' title='bbox 604 3392 663 3457; x_wconf 89' lang='lat' dir='ltr'><em>est,</em></span> <span class='ocrx_word' id='word_1_301' title='bbox 679 3391 711 3448; x_wconf 88' lang='lat' dir='ltr'><em>et</em></span> <span class='ocrx_word' id='word_1_302' title='bbox 725 3401 821 3466; x_wconf 84' lang='lat' dir='ltr'><em>eques</em></span> <span class='ocrx_word' id='word_1_303' title='bbox 832 3379 927 3446; x_wconf 81' lang='lat' dir='ltr'><em>etiam</em></span> <span class='ocrx_word' id='word_1_304' title='bbox 943 3378 978 3444; x_wconf 89' lang='lat' dir='ltr'><em>in</em></span> <span class='ocrx_word' id='word_1_305' title='bbox 988 3378 1111 3444; x_wconf 90' lang='lat' dir='ltr'><em>hostem</em></span> <span class='ocrx_word' id='word_1_306' title='bbox 1124 3380 1218 3444; x_wconf 88' lang='lat' dir='ltr'><em>emis·</em></span> 
     </span>
     <span class='ocr_line' id='line_1_38' title="bbox 219 3517 1152 3584; baseline 0.002 -18"><span class='ocrx_word' id='word_1_307' title='bbox 219 3522 232 3551; x_wconf 81' lang='lat'><em>¹¹</em></span> <span class='ocrx_word' id='word_1_308' title='bbox 249 3521 298 3584; x_wconf 69' lang='lat' dir='ltr'><em>q‘ur</em></span> <span class='ocrx_word' id='word_1_309' title='bbox 309 3517 383 3566; x_wconf 86' lang='lat' dir='ltr'><em>Gron.</em></span> <span class='ocrx_word' id='word_1_310' title='bbox 395 3517 465 3566; x_wconf 80' lang='lat' dir='ltr'><em>Creu.</em></span> <span class='ocrx_word' id='word_1_311' title='bbox 553 3521 567 3551; x_wconf 77' lang='lat'>¹</span> <span class='ocrx_word' id='word_1_312' title='bbox 585 3517 644 3582; x_wconf 80' lang='lat' dir='ltr'><em>quod</em></span> <span class='ocrx_word' id='word_1_313' title='bbox 654 3519 671 3566; x_wconf 89' lang='lat' dir='ltr'><em>l.</em></span> <span class='ocrx_word' id='word_1_314' title='bbox 683 3518 729 3568; x_wconf 83' lang='lat' dir='ltr'><em>diei</em></span> <span class='ocrx_word' id='word_1_315' title='bbox 740 3517 808 3566; x_wconf 83' lang='lat' dir='ltr'><em>Eoed.</em></span> <span class='ocrx_word' id='word_1_316' title='bbox 896 3522 911 3564; x_wconf 80' lang='lat' dir='ltr'><em>t</em></span> <span class='ocrx_word' id='word_1_317' title='bbox 926 3517 1075 3568; x_wconf 78' lang='lat' dir='ltr'><em>aireiuderrdo</em></span> <span class='ocrx_word' id='word_1_318' title='bbox 1085 3517 1152 3568; x_wconf 63' lang='lat' dir='ltr'><em>Eud.</em></span> 
     </span>
    </p>
   </div>
   <div class='ocr_carea' id='block_1_4' title="bbox 148 3651 1218 4432">
    <p class='ocr_par' dir='ltr' id='par_1_6' title="bbox 148 3651 1218 4234">
     <span class='ocr_line' id='line_1_39' title="bbox 182 3651 1217 3714; baseline -0.001 -13"><span class='ocrx_word' id='word_1_319' title='bbox 182 3652 215 3701; x_wconf 83' lang='grc'><em>68</em></span> <span class='ocrx_word' id='word_1_320' title='bbox 233 3652 324 3709; x_wconf 74' lang='lat' dir='ltr'><em>anm</em></span> <span class='ocrx_word' id='word_1_321' title='bbox 339 3665 426 3700; x_wconf 80' lang='lat' dir='ltr'><em>meroes</em></span> <span class='ocrx_word' id='word_1_322' title='bbox 442 3655 533 3700; x_wconf 73' lang='lat' dir='ltr'><em>nermo</em></span> <span class='ocrx_word' id='word_1_323' title='bbox 550 3655 575 3701; x_wconf 82' lang='lat' dir='ltr'><em>iu</em></span> <span class='ocrx_word' id='word_1_324' title='bbox 593 3667 667 3699; x_wconf 77' lang='lat' dir='ltr'><em>urum</em></span> <span class='ocrx_word' id='word_1_325' title='bbox 699 3653 766 3701; x_wconf 76' lang='lat' dir='ltr'><em>veuit</em></span> <span class='ocrx_word' id='word_1_326' title='bbox 783 3651 931 3712; x_wconf 80' lang='lat' dir='ltr'><em>Gronovius,</em></span> <span class='ocrx_word' id='word_1_327' title='bbox 951 3659 979 3700; x_wconf 91' lang='lat' dir='ltr'><em>ut</em></span> <span class='ocrx_word' id='word_1_328' title='bbox 997 3653 1049 3714; x_wconf 83' lang='lat' dir='ltr'><em>ipsc</em></span> <span class='ocrx_word' id='word_1_329' title='bbox 1067 3657 1172 3700; x_wconf 85' lang='lat' dir='ltr'><em>testatur</em></span> <span class='ocrx_word' id='word_1_330' title='bbox 1190 3654 1217 3700; x_wconf 88' lang='lat' dir='ltr'><em>in</em></span> 
     </span>
     <span class='ocr_line' id='line_1_40' title="bbox 149 3716 1218 3782; baseline 0.002 -18"><span class='ocrx_word' id='word_1_331' title='bbox 149 3716 213 3764; x_wconf 64' lang='lat' dir='ltr'><em>dum</em></span> <span class='ocrx_word' id='word_1_332' title='bbox 230 3732 304 3782; x_wconf 78' lang='lat' dir='ltr'><em>operer</em></span> <span class='ocrx_word' id='word_1_333' title='bbox 320 3717 588 3782; x_wconf 77' lang='lat' dir='ltr'><em>tilcrtmsuturacrut]</em></span> <span class='ocrx_word' id='word_1_334' title='bbox 605 3719 666 3764; x_wconf 81' lang='lat' dir='ltr'><em>Gso·</em></span> <span class='ocrx_word' id='word_1_335' title='bbox 699 3720 799 3771; x_wconf 73' lang='lat' dir='ltr'><em>noted</em></span> <span class='ocrx_word' id='word_1_336' title='bbox 818 3717 983 3766; x_wconf 76' lang='lat' dir='ltr'><em>1.xl.1v.a</em></span> <span class='ocrx_word' id='word_1_337' title='bbox 996 3718 1019 3764; x_wconf 81' lang='lat'><em>5.</em></span> <span class='ocrx_word' id='word_1_338' title='bbox 1052 3718 1159 3764; x_wconf 87' lang='lat' dir='ltr'><em>Omnino</em></span> <span class='ocrx_word' id='word_1_339' title='bbox 1172 3721 1218 3766; x_wconf 91' lang='lat' dir='ltr'><em>du·</em></span> 
     </span>
     <span class='ocr_line' id='line_1_41' title="bbox 149 3782 1217 3844; baseline 0.002 -16"><span class='ocrx_word' id='word_1_340' title='bbox 149 3783 238 3830; x_wconf 82' lang='lat' dir='ltr'><em>novius</em></span> <span class='ocrx_word' id='word_1_341' title='bbox 259 3786 365 3832; x_wconf 77' lang='lat' dir='ltr'><em>amenus</em></span> <span class='ocrx_word' id='word_1_342' title='bbox 382 3782 484 3843; x_wconf 81' lang='lat' dir='ltr'><em>scriptos</em></span> <span class='ocrx_word' id='word_1_343' title='bbox 500 3795 591 3840; x_wconf 64' lang='lat' dir='ltr'><em>murno</em></span> <span class='ocrx_word' id='word_1_344' title='bbox 609 3795 667 3830; x_wconf 84' lang='lat' dir='ltr'><em>ecn-</em></span> <span class='ocrx_word' id='word_1_345' title='bbox 700 3785 756 3844; x_wconf 86' lang='lat' dir='ltr'><em>plex</em></span> <span class='ocrx_word' id='word_1_346' title='bbox 778 3784 881 3830; x_wconf 81' lang='lat' dir='ltr'><em>verbum</em></span> <span class='ocrx_word' id='word_1_347' title='bbox 906 3786 1088 3844; x_wconf 78' lang='lat' dir='ltr'><em>agnoscendum</em></span> <span class='ocrx_word' id='word_1_348' title='bbox 1110 3784 1217 3844; x_wconf 83' lang='lat' dir='ltr'><em>videtur,</em></span> 
     </span>
     <span class='ocr_line' id='line_1_42' title="bbox 149 3847 1218 3907; baseline 0.001 -11"><span class='ocrx_word' id='word_1_349' title='bbox 149 3860 224 3896; x_wconf 70' lang='lat' dir='ltr'><em>sensu</em></span> <span class='ocrx_word' id='word_1_350' title='bbox 245 3851 334 3898; x_wconf 73' lang='lat' dir='ltr'><em>halim</em></span> <span class='ocrx_word' id='word_1_351' title='bbox 355 3848 474 3896; x_wconf 62' lang='lat' dir='ltr'><em>dicastis</em></span> <span class='ocrx_word' id='word_1_352' title='bbox 508 3848 561 3894; x_wconf 85' lang='lat' dir='ltr'><em>Nos</em></span> <span class='ocrx_word' id='word_1_353' title='bbox 583 3854 666 3894; x_wconf 73' lang='lat' dir='ltr'><em>mmen</em></span> <span class='ocrx_word' id='word_1_354' title='bbox 698 3847 803 3894; x_wconf 70' lang='lat' dir='ltr'><em>emendo</em></span> <span class='ocrx_word' id='word_1_355' title='bbox 823 3861 855 3893; x_wconf 87' lang='lat' dir='ltr'><em>ex</em></span> <span class='ocrx_word' id='word_1_356' title='bbox 877 3847 905 3895; x_wconf 79' lang='lat' dir='ltr'><em>at</em></span> <span class='ocrx_word' id='word_1_357' title='bbox 926 3855 952 3894; x_wconf 87' lang='lat' dir='ltr'><em>et</em></span> <span class='ocrx_word' id='word_1_358' title='bbox 973 3847 1061 3907; x_wconf 61' lang='lat' dir='ltr'><em>modo,</em></span> <span class='ocrx_word' id='word_1_359' title='bbox 1080 3852 1106 3895; x_wconf 87' lang='lat' dir='ltr'><em>et</em></span> <span class='ocrx_word' id='word_1_360' title='bbox 1127 3848 1218 3897; x_wconf 80' lang='lat' dir='ltr'><em>abscido</em></span> 
     </span>
     <span class='ocr_line' id='line_1_43' title="bbox 148 3909 1217 3974; baseline 0.003 -17"><span class='ocrx_word' id='word_1_361' title='bbox 148 3911 175 3957; x_wconf 86' lang='lat' dir='ltr'><em>in</em></span> <span class='ocrx_word' id='word_1_362' title='bbox 195 3909 450 3966; x_wconf 62' lang='lat' dir='ltr'><em>rutenensem</em></span> <span class='ocrx_word' id='word_1_363' title='bbox 471 3915 519 3962; x_wconf 77' lang='lat' dir='ltr'><em>elio</em></span> <span class='ocrx_word' id='word_1_364' title='bbox 538 3914 599 3959; x_wconf 86' lang='lat' dir='ltr'><em>item</em></span> <span class='ocrx_word' id='word_1_365' title='bbox 617 3925 666 3958; x_wconf 91' lang='lat' dir='ltr'><em>non</em></span> <span class='ocrx_word' id='word_1_366' title='bbox 698 3911 893 3960; x_wconf 78' lang='lat' dir='ltr'><em>exciretcoelo.</em></span> <span class='ocrx_word' id='word_1_367' title='bbox 927 3912 976 3958; x_wconf 85' lang='lat' dir='ltr'><em>Hie</em></span> <span class='ocrx_word' id='word_1_368' title='bbox 996 3913 1117 3974; x_wconf 76' lang='lat' dir='ltr'><em>posterius</em></span> <span class='ocrx_word' id='word_1_369' title='bbox 1135 3915 1217 3974; x_wconf 76' lang='lat' dir='ltr'><em>magle</em></span> 
     </span>
     <span class='ocr_line' id='line_1_44' title="bbox 148 3977 1217 4040; baseline -0.002 -13"><span class='ocrx_word' id='word_1_370' title='bbox 148 3981 285 4036; x_wconf 71' lang='lat' dir='ltr'><em>spernendo</em></span> <span class='ocrx_word' id='word_1_371' title='bbox 311 3979 416 4039; x_wconf 75' lang='lat' dir='ltr'><em>legimus</em></span> <span class='ocrx_word' id='word_1_372' title='bbox 444 3979 545 4026; x_wconf 73' lang='lat' dir='ltr'><em>tiber-ter.</em></span> <span class='ocrx_word' id='word_1_373' title='bbox 594 3977 667 4031; x_wconf 79' lang='lat' dir='ltr'><em>Quod</em></span> <span class='ocrx_word' id='word_1_374' title='bbox 698 3977 823 4040; x_wconf 83' lang='lat' dir='ltr'><em>proprium</em></span> <span class='ocrx_word' id='word_1_375' title='bbox 842 3977 945 4023; x_wconf 85' lang='lat' dir='ltr'><em>ridetur.</em></span> <span class='ocrx_word' id='word_1_376' title='bbox 979 3977 1075 4024; x_wconf 85' lang='lat' dir='ltr'><em>Notum</em></span> <span class='ocrx_word' id='word_1_377' title='bbox 1096 3985 1134 4024; x_wconf 86' lang='lat' dir='ltr'><em>est</em></span> <span class='ocrx_word' id='word_1_378' title='bbox 1155 3978 1217 4026; x_wconf 88' lang='lat' dir='ltr'><em>illud</em></span> 
     </span>
     <span class='ocr_line' id='line_1_45' title="bbox 149 4039 1217 4104; baseline 0 -14"><span class='ocrx_word' id='word_1_379' title='bbox 149 4050 288 4099; x_wconf 70' lang='lat' dir='ltr'><em>monemus.</em></span> <span class='ocrx_word' id='word_1_380' title='bbox 300 4043 401 4104; x_wconf 85' lang='lat' dir='ltr'><em>nequis</em></span> <span class='ocrx_word' id='word_1_381' title='bbox 417 4043 567 4090; x_wconf 87' lang='lat' dir='ltr'><em>summiviri</em></span> <span class='ocrx_word' id='word_1_382' title='bbox 584 4049 667 4089; x_wconf 83' lang='lat' dir='ltr'><em>aueto·</em></span> <span class='ocrx_word' id='word_1_383' title='bbox 699 4039 828 4090; x_wconf 77' lang='lat' dir='ltr'><em>Martialis.</em></span> <span class='ocrx_word' id='word_1_384' title='bbox 861 4040 968 4088; x_wconf 81' lang='lat' dir='ltr'><em>Abscidit</em></span> <span class='ocrx_word' id='word_1_385' title='bbox 983 4043 1063 4090; x_wconf 73' lang='lat' dir='ltr'><em>ouum</em></span> <span class='ocrx_word' id='word_1_386' title='bbox 1077 4045 1139 4090; x_wconf 80' lang='lat' dir='ltr'><em>meis</em></span> <span class='ocrx_word' id='word_1_387' title='bbox 1153 4049 1217 4090; x_wconf 79' lang='lat' dir='ltr'><em>uter·</em></span> 
     </span>
     <span class='ocr_line' id='line_1_46' title="bbox 149 4105 837 4168; baseline -0.003 -14"><span class='ocrx_word' id='word_1_388' title='bbox 149 4105 221 4155; x_wconf 76' lang='lat' dir='ltr'><em>ritate</em></span> <span class='ocrx_word' id='word_1_389' title='bbox 240 4110 367 4164; x_wconf 82' lang='lat' dir='ltr'><em>inductus,</em></span> <span class='ocrx_word' id='word_1_390' title='bbox 386 4109 452 4156; x_wconf 89' lang='lat' dir='ltr'><em>hune</em></span> <span class='ocrx_word' id='word_1_391' title='bbox 469 4109 551 4156; x_wconf 89' lang='lat' dir='ltr'><em>locum</em></span> <span class='ocrx_word' id='word_1_392' title='bbox 570 4119 667 4167; x_wconf 80' lang='lat' dir='ltr'><em>suspec-</em></span> <span class='ocrx_word' id='word_1_393' title='bbox 698 4120 837 4168; x_wconf 74' lang='lat' dir='ltr'><em>querare-oc.</em></span> 
     </span>
     <span class='ocr_line' id='line_1_47' title="bbox 149 4169 1216 4234; baseline 0 -16"><span class='ocrx_word' id='word_1_394' title='bbox 149 4173 204 4218; x_wconf 78' lang='lat' dir='ltr'><em>tum</em></span> <span class='ocrx_word' id='word_1_395' title='bbox 214 4175 313 4223; x_wconf 60' lang='lat' dir='ltr'><em>mat.</em></span> <span class='ocrx_word' id='word_1_396' title='bbox 401 4187 404 4196; x_wconf 83' lang='grc'><strong>’</strong></span> <span class='ocrx_word' id='word_1_397' title='bbox 732 4171 763 4219; x_wconf 83' lang='grc'><em>70</em></span> <span class='ocrx_word' id='word_1_398' title='bbox 779 4171 883 4233; x_wconf 75' lang='lat' dir='ltr'><em>Signum</em></span> <span class='ocrx_word' id='word_1_399' title='bbox 899 4169 967 4234; x_wconf 85' lang='lat' dir='ltr'><em>darc]</em></span> <span class='ocrx_word' id='word_1_400' title='bbox 990 4173 1093 4220; x_wconf 74' lang='lat' dir='ltr'><em>tomum</em></span> <span class='ocrx_word' id='word_1_401' title='bbox 1114 4187 1158 4234; x_wconf 86' lang='lat' dir='ltr'><em>per</em></span> <span class='ocrx_word' id='word_1_402' title='bbox 1177 4187 1216 4220; x_wconf 81' lang='lat' dir='ltr'><em>or·</em></span> 
     </span>
    </p>

    <p class='ocr_par' dir='ltr' id='par_1_7' title="bbox 150 4235 1214 4432">
     <span class='ocr_line' id='line_1_48' title="bbox 183 4235 1214 4301; baseline -0.001 -17"><span class='ocrx_word' id='word_1_403' title='bbox 183 4235 667 4301; x_wconf 73' lang='lat' dir='ltr'><em>usecptreoegre..ametnemt0]1tos-</em></span> <span class='ocrx_word' id='word_1_404' title='bbox 699 4237 768 4284; x_wconf 86' lang='lat' dir='ltr'><em>dines</em></span> <span class='ocrx_word' id='word_1_405' title='bbox 779 4237 895 4296; x_wconf 81' lang='lat' dir='ltr'><em>perterre.</em></span> <span class='ocrx_word' id='word_1_406' title='bbox 927 4237 1214 4286; x_wconf 71' lang='lat' dir='ltr'><em>Vid.not.42.ude.8ti.</em></span> 
     </span>
     <span class='ocr_line' id='line_1_49' title="bbox 150 4299 758 4354; baseline -0.002 -7"><span class='ocrx_word' id='word_1_407' title='bbox 150 4299 182 4346; x_wconf 88' lang='lat' dir='ltr'><em>tri</em></span> <span class='ocrx_word' id='word_1_408' title='bbox 192 4315 276 4352; x_wconf 81' lang='lat' dir='ltr'><em>ornnes</em></span> <span class='ocrx_word' id='word_1_409' title='bbox 286 4306 382 4354; x_wconf 79' lang='lat' dir='ltr'><em>codices</em></span> <span class='ocrx_word' id='word_1_410' title='bbox 392 4303 541 4351; x_wconf 70' lang='lat' dir='ltr'><em>anacteam</em></span> <span class='ocrx_word' id='word_1_411' title='bbox 558 4309 584 4348; x_wconf 88' lang='lat' dir='ltr'><em>et</em></span> <span class='ocrx_word' id='word_1_412' title='bbox 598 4302 666 4347; x_wconf 84' lang='lat' dir='ltr'><em>simi·</em></span> <span class='ocrx_word' id='word_1_413' title='bbox 699 4302 715 4349; x_wconf 76' lang='lat' dir='ltr'>L</span> <span class='ocrx_word' id='word_1_414' title='bbox 728 4302 758 4350; x_wconf 91' lang='lat' dir='ltr'><em>V.</em></span> 
     </span>
     <span class='ocr_line' id='line_1_50' title="bbox 150 4366 665 4432; baseline -0.014 -13"><span class='ocrx_word' id='word_1_415' title='bbox 150 4366 198 4414; x_wconf 73' lang='lat' dir='ltr'><em>lem</em></span> <span class='ocrx_word' id='word_1_416' title='bbox 209 4370 356 4432; x_wconf 72' lang='lat' dir='ltr'><em>scripturam</em></span> <span class='ocrx_word' id='word_1_417' title='bbox 375 4382 439 4430; x_wconf 78' lang='lat' dir='ltr'><em>soepe</em></span> <span class='ocrx_word' id='word_1_418' title='bbox 456 4370 482 4416; x_wconf 90' lang='lat' dir='ltr'><em>in</em></span> <span class='ocrx_word' id='word_1_419' title='bbox 501 4367 575 4418; x_wconf 87' lang='lat' dir='ltr'><strong>MSS.</strong></span> <span class='ocrx_word' id='word_1_420' title='bbox 585 4368 665 4414; x_wconf 85' lang='lat' dir='ltr'><em>obser·</em></span> 
     </span>
    </p>
   </div>
   <div class='ocr_carea' id='block_1_5' title="bbox 754 4440 811 4498">
    <p class='ocr_par' dir='ltr' id='par_1_8' title="bbox 754 4440 811 4498">
     <span class='ocr_line' id='line_1_51' title="bbox 754 4440 811 4498; baseline 0.07 -4"><span class='ocrx_word' id='word_1_421' title='bbox 754 4440 811 4498; x_wconf 66' lang='grc' dir='ltr'><em>ΡΞ)</em></span> 
     </span>
    </p>
   </div>
   <div class='ocr_carea' id='block_1_6' title="bbox 0 0 1582 4972">
    <p class='ocr_par' dir='ltr' id='par_1_9' title="bbox 0 0 1582 4972">
     <span class='ocr_line' id='line_1_52' title="bbox 0 0 1582 4972; baseline 0 0"><span class='ocrx_word' id='word_1_422' title='bbox 0 0 1582 4972; x_wconf 95' lang='lat' dir='ltr'><em> </em></span> 
     </span>
    </p>
   </div>
  </div>
 </body>
</html>
