3136 4970
441 165 537 270 Hp·
557 165 706 228 xxvln.
737 167 840 230 CAP.
860 167 965 231 xxn.
1171 169 1231 234 ⁴61

168 327 326 414 Marcius,
341 343 490 418 superem
505 332 596 399 Boete
614 332 711 412 amni,
726 353 821 420 quern
846 333 961 400 incolae
979 332 1102 400 Certim
1124 333 1311 422 adprime.
1322 353 1380 402 rto

166 419 247 498 iant,
262 417 341 483 duas
366 418 533 505 opulentas
553 419 695 489 civitates
716 421 785 486 siae
797 422 970 486 certamine
990 422 1023 486 in
1038 421 1234 488 deditionem
1243 417 1274 470 A.
1286 421 1315 468 ⁰·
1323 419 1382 468 ²⁰⁶·

166 505 293 593 accipit.
336 507 456 590 Astapa
477 507 554 571 urbs
575 519 653 584 erat,
678 505 993 596 Karthaginiensium
1014 527 1138 594 semper
1160 529 1234 596 par·

166 591 224 656 tis:
247 613 352 678 neque
365 592 398 656 id
421 605 486 657 tam
501 593 634 680 dignum
654 593 702 658 ira
715 605 797 670 erat,
810 615 905 680 quam
922 593 1020 680 quod,
1037 593 1164 660 ¹⁶extra
1178 617 1234 661 ne·
1332 621 1336 629 “

166 679 328 743 cessitates
354 678 439 757 beili,
464 679 661 766 proecipuum
689 679 722 743 in
749 681 911 744 Romanos
935 684 1089 768 gerebant
1112 683 1233 746 odium.

165 763 231 829 nec
246 763 357 828 urbem
379 777 435 830 aut
455 767 518 831 situ
544 779 600 832 aut
625 766 823 831 munimento
848 778 949 832 tutam
973 765 1144 844 habebant,
1160 789 1233 855 quae
1285 787 1287 790 ·

164 850 335 916 ferociores
349 851 387 914 iis
401 851 524 917 animos
539 855 673 918 faceret:
696 852 751 918 sed
768 852 895 939 ingenia
914 851 1091 918 incolarum
1105 853 1235 918 iatroci-

164 938 223 1002 nio
237 936 322 1015 laeta,
338 951 375 1002 ut
388 940 591 1004 excursiones
612 939 646 1002 in
668 938 839 1004 finitimum
858 961 971 1026 agrum
994 943 1151 1004 sociorum
1175 963 1233 1024 po-

164 1023 236 1173 puii
252 1024 392 1088 Romani
406 1023 555 1104 iacerent,
570 1023 762 1112 inpulerant,
778 1037 810 1090 et
826 1047 922 1114 vagos
939 1025 1052 1091 milites
1069 1025 1233 1102 Romanos

179 1110 308 1196 irasque
329 1123 361 1175 et
382 1125 572 1177 mercatores
593 1113 786 1198 exciperent.
807 1133 959 1199 magnum
983 1114 1077 1177 etiam
1100 1114 1232 1178 comita·

141 1253 146 1264 ι
164 1208 245 1274 tum,
256 1197 333 1282 quia
346 1199 456 1283 paucis
470 1219 585 1284 parum
599 1210 703 1276 tutum
718 1197 830 1276 iuerat,
842 1198 1126 1285 transgredientem
1141 1199 1231 1276 fines,

210 1283 277 1347 sitis
291 1283 414 1347 insidiis
427 1285 687 1362 circumventum,
702 1285 814 1370 iniquo
829 1285 899 1350 ioco
913 1284 1149 1351 interfecerunt.
1176 1286 1230 1350 Ad
1270 1279 1280 1296 ⁸

163 1303 250 1434 idne
265 1371 375 1436 urbem
398 1369 646 1472 obpugnandam
670 1393 768 1460 quum
788 1371 936 1436 admotus
957 1372 1116 1436 exercitus
1138 1385 1232 1452 esset,

162 1477 208 1540 op
232 1455 318 1520 idani
332 1457 525 1522 conscienna
539 1457 704 1536 scelerum,
720 1457 794 1544 quia
811 1479 872 1534 nec
883 1457 1005 1522 deditio
1019 1471 1087 1522 tuta
1101 1457 1141 1522 ad
1165 1472 1230 1523 tem

163 1477 294 1608 intisros
308 1543 485 1625 videbatur,
499 1567 558 1608 nec
576 1565 647 1631 spes
668 1543 827 1612 raoenibus
843 1557 900 1610 eut
920 1545 1016 1608 armis
1037 1543 1167 1610 taendae
1182 1567 1231 1609 sa·

163 1628 240 1692 lutis
263 1643 340 1707 erat,
358 1629 478 1696 facinus
500 1631 534 1694 in
560 1653 593 1696 se
614 1652 652 1695 ac
671 1651 745 1697 suos
767 1629 889 1695 ioedum
912 1630 1071 1696 acierum
1094 1625 1230 1696 coitscis-

163 1728 254 1781 cunt.
300 1715 424 1781 Locum
449 1719 483 1782 in
504 1716 575 1782 foro
593 1716 763 1794 destinant,
786 1740 851 1803 quc
873 1717 1098 1802 pretiosissima
1124 1738 1229 1782 rerum

163 1821 294 1866 suarum
309 1816 526 1891 congererent.
548 1825 643 1889 super
656 1825 730 1870 eum
744 1805 908 1868 cumulum
927 1805 1078 1890 conjuges
1092 1825 1130 1868 uc
1152 1803 1229 1870 iibe-
1239 1821 1357 1880 ratapan-

163 1909 219 1951 ros
231 1889 396 1956 considere
410 1885 509 1976 quum
526 1891 702 1978 jussissent,
718 1889 807 1978 ligna
825 1891 910 1954 circa
922 1903 1102 1969 exstruunt,
1116 1885 1386 1956 fasces-⁸5¹¹mffl‘0'·

161 1997 228 2060 que
241 1975 452 2064 virgultorum
473 1977 658 2065 conjiciunt.
702 1976 944 2064 Quinquaginta
962 1975 1078 2040 deinde
1099 1979 1229 2042 armatis

158 2061 329 2147 juvenibus
343 2063 542 2148 praecipiunt,
558 2073 603 2141 nt,
618 2065 712 2127 donec
726 2065 864 2128 incertae.
874 2071 995 2128 enentns
1009 2061 1228 2148 pugnavisset,

158 2151 339 2230 presidium
354 2172 389 2214 eo
402 2153 467 2214 loeo
472 2151 677 2236 J‘ommmrnm
690 2171 812 2214 anonim
826 2165 1133 2233 corporearumque
1145 2152 1230 2214 eori-

161 2235 369 2319 orofhrtunis
381 2247 487 2314 errent,
501 2245 669 2302 sonarent.
691 2237 802 2302 Siren
817 2238 999 2301 inclinatam
1015 2237 1164 2312 viderent,
1180 2246 1230 2299 at-

162 2341 223 2404 que
236 2323 271 2385 in
285 2343 320 2386 eo
328 2321 400 2406 jam
415 2345 486 2400 erse,
498 2331 533 2387 nt
546 2323 618 2386 aeds
630 2332 803 2406 caperem,-
819 2325 933 2388 reirent
946 2343 1058 2399 omnes,
1069 2343 1143 2406 qnos
1156 2343 1230 2386 errn·
1271 2390 1278 2406 Ι

160 2416 209 2472 ter
222 2408 258 2472 in
266 2411 412 2491 proelium
421 2418 587 2486 cernerent,
599 2419 722 2472 mortem
736 2410 770 2472 in
785 2411 855 2492 apro
863 2429 974 2496 pugnae
988 2409 1130 2474 obituros.
1155 2410 1231 2474 Illcr

158 2496 669 2582 seperDeorsuperosirfferosqae
677 2495 1150 2574 oraremnnmresnmrtmis,
1162 2517 1231 2579 qne

160 2581 219 2644 illo
233 2583 353 2645 dieunt
367 2593 462 2646 morte
474 2583 610 2660 ineerta,
627 2592 681 2646 ant
701 2583 846 2648 servitute
860 2582 972 2666 infirmi
979 2581 1129 2666 finiendo
1143 2592 1230 2660 essct,

158 2667 245 2730 nihii
257 2669 475 2752 relinquerent,
488 2670 523 2732 in
537 2671 619 2753 qaod
630 2669 738 2734 raeoire
748 2668 848 2734 iratus
861 2669 956 2734 hostis
964 2678 1078 2752 posset.
1100 2671 1229 2740 Famem

161 2753 321 2838 ignemque
332 2755 365 2817 in
377 2755 515 2819 manibus
526 2777 598 2820 esse.
620 2753 737 2820 Amice
746 2756 898 2838 ccfideier
904 2757 1009 2838 potins
1018 2777 1067 2832 ea,
1076 2775 1146 2841 qne
1153 2777 1229 2837 per·

160 2839 248 2904 intra
262 2849 369 2919 essent,
384 2841 573 2906 cimmerent
586 2861 702 2921 manns,
712 2863 802 2926 qnam
817 2843 1000 2906 instruerent
1009 2841 1230 2924 strperboindi·

162 2925 235 2994 bria
246 2927 355 3004 nostes.
400 2925 465 2990 His
479 2926 753 2992 adhortationibus
771 2928 947 2992 exsecratio
960 2925 1033 2991 dira
1053 2926 1185 3014 adjecta,
1201 2927 1229 2992 si

160 3033 258 3098 quem
272 3036 292 3076 a
312 3013 477 3098 proposito
496 3035 567 3100 spes
586 3012 758 3078 mollitiave
779 3013 877 3078 animi
898 3012 1041 3080 flexisset.
1063 3013 1138 3078 inde
1152 3035 1238 3098 con-3

160 3099 260 3164 citato
274 3099 400 3187 agrnine
416 3099 602 3248 patentibus
626 3099 728 3186 portis
748 3099 869 3187 ingenti
891 3099 1030 3166 tumultu
1043 3114 1229 3186 erumpunt.

161 3185 279 3272 Neque
293 3198 360 3250 erat
382 3185 447 3250 uia
467 3186 542 3250 satis
564 3184 656 3250 firma
677 3185 772 3251 statio
785 3187 947 3272 obposita;
971 3187 1047 3272 quia
1067 3187 1148 3251 nihil
1170 3187 1230 3252 mi·

161 3293 234 3350 nus,
250 3293 346 3358 quam
363 3283 397 3336 ut
410 3271 517 3360 egredi
533 3271 690 3358 moenibus
704 3272 867 3349 auderent,
883 3271 987 3338 timeri
1001 3277 1137 3357 poterat.
1154 3293 1228 3357 per-

160 3380 275 3445 peucae
289 3358 432 3444 equitum
452 3370 577 3438 turone,
592 3357 731 3446 levisque
751 3359 924 3423 armaturc'
934 3357 1097 3443 repentes
1116 3357 1229 3422 castris

162 3443 252 3510 adid
268 3444 372 3530 ipsum
391 3445 503 3511 emissa
516 3445 671 3510 obcurrit.v
714 3444 831 3510 Acrior
852 3443 963 3530 inpetu
988 3457 1084 3530 atquc
1104 3444 1228 3521 animis,

161 3551 261 3617 quarn
280 3531 486 3618 compositior
508 3531 574 3596 uilo
587 3529 726 3609 ordine',
741 3553 850 3617 pugna
869 3530 938 3595 fuit.
985 3530 1097 3616 Itaque
1117 3530 1228 3616 pulsus
1348 3565 1349 3573 ι

160 3639 268 3703 eques,
283 3618 340 3703 qui
365 3617 487 3702 primus
511 3617 595 3683 hosti
616 3640 649 3682 se
670 3616 838 3695 obtulerat,
856 3629 1009 3682 terrorem
1036 3617 1144 3682 intulit
1167 3615 1229 3682 levi

161 3715 343 3770 armaturae.
357 3716 596 3793 pugnatumque
609 3703 669 3770 sub
682 3703 694 3767 i
717 3727 754 3770 so
767 3703 851 3769 vallo
864 3703 955 3782 foret,
968 3703 1002 3768 ni
1017 3703 1115 3768 robur
1129 3703 1241 3792 legio,

162 3811 253 3869 num,
273 3793 445 3892 perexiguo
471 3790 513 3855 ad
535 3791 676 3855 instruen
702 3813 755 3857 um
778 3791 853 3856 dato
876 3803 1029 3877 tempore,
1052 3791 1154 3855 aciem
1179 3791 1229 3855 di·-

160 3876 303 3943 rexisset.
349 3875 399 3942 1b1
413 3898 541 3964 quoque
563 3875 754 3962 trepidatum
776 3899 952 3963 parumper,
964 3876 1048 3942 circa
1064 3875 1155 3964 signa
1169 3890 1228 3954 est,
1281 3953 1286 3960 ‚

162 3985 264 4050 quum
278 3964 354 4029 caeci
367 3962 474 4028 furore
489 3965 521 4028 iu
537 3963 669 4028 vulnera
683 3985 721 4028 ac
734 3962 854 4028 ferrum
867 3961 994 4028 vecordi
1008 3962 1143 4029 audacia
1156 3984 1229 4029 rue·

160 4063 245 4116 rent.
260 4049 334 4116 (lein
349 4063 437 4116 retus
452 4049 552 4128 miies,
565 4050 713 4115 adversus
727 4049 912 4120 temerarios
926 4049 1052 4134 inpetus
1065 4050 1228 4136 pertinax,

484 4181 492 4188 ‘
532 4169 690 4220 'nemesin
700 4171 775 4218 Gron.
788 4169 859 4217 Crev.

195 4284 227 4332 lc
243 4283 321 4332 listro
345 4286 487 4333 mmeritatm
504 4285 574 4348 delii]
600 4283 678 4334 Extra
710 4283 840 4330 neeesutas
855 4286 968 4345 coegerat
985 4284 1098 4332 hostilem
1114 4285 1231 4334 mucram

156 4363 200 4398 eas
219 4350 294 4398 etiarn
312 4349 459 4408 sermionem
472 4351 498 4400 in
516 4350 605 4412 quibua
621 4349 678 4397 belii
710 4350 834 4398 immanes
844 4349 955 4398 animum
966 4350 1098 4420 munem.

558 4431 569 4455 0
