<?xml version="1.0" encoding="UTF-8"?>
<!DOCTYPE html PUBLIC "-//W3C//DTD XHTML 1.0 Transitional//EN"
    "http://www.w3.org/TR/xhtml1/DTD/xhtml1-transitional.dtd">
<html xmlns="http://www.w3.org/1999/xhtml" xml:lang="en" lang="en">
 <head>
  <title>
</title>
<meta http-equiv="Content-Type" content="text/html;charset=utf-8" />
  <meta name='ocr-system' content='tesseract 3.04.00' />
  <meta name='ocr-capabilities' content='ocr_page ocr_carea ocr_par ocr_line ocrx_word'/>
</head>
<body>
  <div class='ocr_page' id='page_1' title='image "./tliviipatavinih00crevgoog_0139.png"; bbox 0 0 3036 4972; ppageno 0'>
   <div class='ocr_carea' id='block_1_1' title="bbox 1164 111 1173 142">
    <p class='ocr_par' dir='ltr' id='par_1_1' title="bbox 1164 111 1173 142">
     <span class='ocr_line' id='line_1_1' title="bbox 1164 111 1173 142; baseline 0 0"><span class='ocrx_word' id='word_1_1' title='bbox 1164 111 1173 142; x_wconf 70' lang='lat' dir='ltr'><strong>l</strong></span> 
     </span>
    </p>
   </div>
   <div class='ocr_carea' id='block_1_2' title="bbox 286 175 1049 244">
    <p class='ocr_par' dir='ltr' id='par_1_2' title="bbox 286 175 1049 244">
     <span class='ocr_line' id='line_1_2' title="bbox 286 175 1049 244; baseline -0.007 -2"><span class='ocrx_word' id='word_1_2' title='bbox 286 203 289 210; x_wconf 88' lang='lat'>·</span> <span class='ocrx_word' id='word_1_3' title='bbox 364 189 420 244; x_wconf 78' lang='lat' dir='ltr'><strong>tta</strong></span> <span class='ocrx_word' id='word_1_4' title='bbox 741 175 1049 239; x_wconf 76' lang='lat' dir='ltr'>T1T1L1V11&#39;</span> 
     </span>
    </p>
   </div>
   <div class='ocr_carea' id='block_1_3' title="bbox 198 325 1412 1783">
    <p class='ocr_par' dir='ltr' id='par_1_3' title="bbox 204 325 1409 500">
     <span class='ocr_line' id='line_1_3' title="bbox 204 325 1409 480; baseline -0.001 -67"><span class='ocrx_word' id='word_1_5' title='bbox 204 363 340 480; x_wconf 42' lang='lat' dir='ltr'><strong>pp&amp;</strong></span> <span class='ocrx_word' id='word_1_6' title='bbox 363 325 494 435; x_wconf 81' lang='lat' dir='ltr'><strong>plrdoit,</strong></span> <span class='ocrx_word' id='word_1_7' title='bbox 511 351 611 433; x_wconf 80' lang='lat' dir='ltr'><strong>quum</strong></span> <span class='ocrx_word' id='word_1_8' title='bbox 629 339 732 430; x_wconf 87' lang='lat' dir='ltr'><strong>pretio</strong></span> <span class='ocrx_word' id='word_1_9' title='bbox 754 343 877 408; x_wconf 87' lang='lat' dir='ltr'><strong>minore</strong></span> <span class='ocrx_word' id='word_1_10' title='bbox 895 339 1073 408; x_wconf 87' lang='lat' dir='ltr'><strong>redimendi</strong></span> <span class='ocrx_word' id='word_1_11' title='bbox 1093 344 1233 431; x_wconf 74' lang='lat' dir='ltr'><strong>captivos</strong></span> <span class='ocrx_word' id='word_1_12' title='bbox 1251 345 1341 431; x_wconf 88' lang='lat' dir='ltr'><strong>eopia</strong></span> <span class='ocrx_word' id='word_1_13' title='bbox 1358 344 1409 412; x_wconf 83' lang='lat' dir='ltr'><strong>fio·</strong></span> 
     </span>
     <span class='ocr_line' id='line_1_4' title="bbox 265 447 1372 500; baseline 0.005 -23"><span class='ocrx_word' id='word_1_14' title='bbox 265 461 274 477; x_wconf 74' lang='lat'>0</span> <span class='ocrx_word' id='word_1_15' title='bbox 366 447 425 500; x_wconf 62' lang='lat' dir='ltr'><strong>ret·</strong></span> <span class='ocrx_word' id='word_1_16' title='bbox 1370 475 1372 482; x_wconf 77' lang='grc'>,</span> 
     </span>
    </p>

    <p class='ocr_par' dir='ltr' id='par_1_4' title="bbox 410 514 1409 603">
     <span class='ocr_line' id='line_1_5' title="bbox 410 514 1409 603; baseline -0.001 -20"><span class='ocrx_word' id='word_1_17' title='bbox 410 517 537 584; x_wconf 88' lang='lat' dir='ltr'><strong>LVIII.</strong></span> <span class='ocrx_word' id='word_1_18' title='bbox 561 517 708 603; x_wconf 90' lang='lat' dir='ltr'><strong>Namque</strong></span> <span class='ocrx_word' id='word_1_19' title='bbox 723 514 898 592; x_wconf 79' lang='lat' dir='ltr'>Hannibal,</span> <span class='ocrx_word' id='word_1_20' title='bbox 910 517 1084 581; x_wconf 87' lang='lat' dir='ltr'><strong>secundum</strong></span> <span class='ocrx_word' id='word_1_21' title='bbox 1098 530 1162 581; x_wconf 89' lang='lat' dir='ltr'><strong>tam</strong></span> <span class='ocrx_word' id='word_1_22' title='bbox 1178 537 1359 602; x_wconf 80' lang='lat' dir='ltr'><strong>prosperam</strong></span> <span class='ocrx_word' id='word_1_23' title='bbox 1372 517 1409 582; x_wconf 92' lang='lat' dir='ltr'><strong>ad</strong></span> 
     </span>
    </p>

    <p class='ocr_par' dir='ltr' id='par_1_5' title="bbox 367 601 1409 692">
     <span class='ocr_line' id='line_1_6' title="bbox 367 601 1409 692; baseline -0.004 -20"><span class='ocrx_word' id='word_1_24' title='bbox 367 606 495 672; x_wconf 86' lang='lat' dir='ltr'><strong>Cannas</strong></span> <span class='ocrx_word' id='word_1_25' title='bbox 513 625 663 692; x_wconf 87' lang='lat' dir='ltr'><strong>pugnarn,</strong></span> <span class='ocrx_word' id='word_1_26' title='bbox 680 602 805 668; x_wconf 87' lang='lat' dir='ltr'><strong>victoris</strong></span> <span class='ocrx_word' id='word_1_27' title='bbox 826 601 935 686; x_wconf 88' lang='lat' dir='ltr'><strong>magis,</strong></span> <span class='ocrx_word' id='word_1_28' title='bbox 952 625 1047 688; x_wconf 90' lang='lat' dir='ltr'><strong>quam</strong></span> <span class='ocrx_word' id='word_1_29' title='bbox 1069 603 1185 669; x_wconf 88' lang='lat' dir='ltr'><strong>bellum</strong></span> <span class='ocrx_word' id='word_1_30' title='bbox 1207 604 1351 691; x_wconf 86' lang='lat' dir='ltr'><strong>gerentia,</strong></span> <span class='ocrx_word' id='word_1_31' title='bbox 1365 604 1409 668; x_wconf 90' lang='lat' dir='ltr'><strong>in·</strong></span> 
     </span>
    </p>

    <p class='ocr_par' dir='ltr' id='par_1_6' title="bbox 364 688 1410 778">
     <span class='ocr_line' id='line_1_7' title="bbox 364 688 1410 778; baseline -0.006 -20"><span class='ocrx_word' id='word_1_32' title='bbox 364 703 470 758; x_wconf 85' lang='lat' dir='ltr'><strong>tentus</strong></span> <span class='ocrx_word' id='word_1_33' title='bbox 499 692 591 767; x_wconf 88' lang='lat' dir='ltr'><strong>curis,</strong></span> <span class='ocrx_word' id='word_1_34' title='bbox 617 709 726 776; x_wconf 92' lang='lat' dir='ltr'><strong>quum,</strong></span> <span class='ocrx_word' id='word_1_35' title='bbox 753 688 885 774; x_wconf 88' lang='lat' dir='ltr'><strong>captivis</strong></span> <span class='ocrx_word' id='word_1_36' title='bbox 912 688 1076 772; x_wconf 89' lang='lat' dir='ltr'><strong>productis</strong></span> <span class='ocrx_word' id='word_1_37' title='bbox 1102 691 1342 778; x_wconf 80' lang='lat' dir='ltr'><strong>segregatisque,</strong></span> <span class='ocrx_word' id='word_1_38' title='bbox 1365 711 1410 752; x_wconf 89' lang='lat' dir='ltr'><strong>so-</strong></span> 
     </span>
    </p>

    <p class='ocr_par' dir='ltr' id='par_1_7' title="bbox 364 773 1410 862">
     <span class='ocr_line' id='line_1_8' title="bbox 364 773 1410 862; baseline -0.002 -20"><span class='ocrx_word' id='word_1_39' title='bbox 364 780 459 857; x_wconf 76' lang='lat' dir='ltr'><strong>cios‘,</strong></span> <span class='ocrx_word' id='word_1_40' title='bbox 474 777 553 840; x_wconf 90' lang='lat' dir='ltr'><strong>sicut</strong></span> <span class='ocrx_word' id='word_1_41' title='bbox 564 787 638 840; x_wconf 89' lang='lat' dir='ltr'><strong>ante</strong></span> <span class='ocrx_word' id='word_1_42' title='bbox 652 775 693 840; x_wconf 91' lang='lat' dir='ltr'><strong>ad</strong></span> <span class='ocrx_word' id='word_1_43' title='bbox 703 775 849 839; x_wconf 80' lang='lat' dir='ltr'><strong>Trebiam</strong></span> <span class='ocrx_word' id='word_1_44' title='bbox 863 773 1148 862; x_wconf 87' lang='lat' dir='ltr'><strong>Trasimenumque</strong></span> <span class='ocrx_word' id='word_1_45' title='bbox 1158 778 1271 854; x_wconf 87' lang='lat' dir='ltr'><strong>lacum,</strong></span> <span class='ocrx_word' id='word_1_46' title='bbox 1284 774 1410 862; x_wconf 85' lang='lat' dir='ltr'><strong>benigne</strong></span> 
     </span>
    </p>

    <p class='ocr_par' dir='ltr' id='par_1_8' title="bbox 364 860 1410 950">
     <span class='ocr_line' id='line_1_9' title="bbox 364 860 1410 950; baseline -0.004 -22"><span class='ocrx_word' id='word_1_47' title='bbox 364 863 537 940; x_wconf 87' lang='lat' dir='ltr'><strong>adlocutus,</strong></span> <span class='ocrx_word' id='word_1_48' title='bbox 554 862 622 926; x_wconf 92' lang='lat' dir='ltr'><strong>sine</strong></span> <span class='ocrx_word' id='word_1_49' title='bbox 643 861 746 946; x_wconf 88' lang='lat' dir='ltr'><strong>pretio</strong></span> <span class='ocrx_word' id='word_1_50' title='bbox 768 860 953 937; x_wconf 62' lang='lat' dir='ltr'><strong>dimisissem</strong></span> <span class='ocrx_word' id='word_1_51' title='bbox 977 861 1141 926; x_wconf 84' lang='lat' dir='ltr'><strong>Romanos</strong></span> <span class='ocrx_word' id='word_1_52' title='bbox 1154 884 1280 950; x_wconf 87' lang='lat' dir='ltr'><strong>quoque</strong></span> <span class='ocrx_word' id='word_1_53' title='bbox 1294 873 1410 943; x_wconf 83' lang='lat' dir='ltr'><strong>vocatos</strong></span> 
     </span>
    </p>

    <p class='ocr_par' dir='ltr' id='par_1_9' title="bbox 366 946 1409 1035">
     <span class='ocr_line' id='line_1_10' title="bbox 366 946 1409 1035; baseline -0.002 -22"><span class='ocrx_word' id='word_1_54' title='bbox 366 948 466 1034; x_wconf 87' lang='lat' dir='ltr'><strong>(quod</strong></span> <span class='ocrx_word' id='word_1_55' title='bbox 482 969 652 1035; x_wconf 85' lang='lat' dir='ltr'><strong>numquam</strong></span> <span class='ocrx_word' id='word_1_56' title='bbox 667 947 743 1011; x_wconf 91' lang='lat' dir='ltr'><strong>alias</strong></span> <span class='ocrx_word' id='word_1_57' title='bbox 757 949 861 1026; x_wconf 89' lang='lat' dir='ltr'><strong>autea)</strong></span> <span class='ocrx_word' id='word_1_58' title='bbox 878 946 952 1010; x_wconf 88' lang='lat' dir='ltr'><strong>satis</strong></span> <span class='ocrx_word' id='word_1_59' title='bbox 974 947 1043 1011; x_wconf 90' lang='lat' dir='ltr'><strong>miti</strong></span> <span class='ocrx_word' id='word_1_60' title='bbox 1062 969 1207 1012; x_wconf 82' lang='lat' dir='ltr'><strong>sermone</strong></span> <span class='ocrx_word' id='word_1_61' title='bbox 1221 948 1409 1034; x_wconf 83' lang='lat' dir='ltr'><strong>adloquitur:</strong></span> 
     </span>
    </p>

    <p class='ocr_par' dir='ltr' id='par_1_10' title="bbox 203 1034 1411 1120">
     <span class='ocr_line' id='line_1_11' title="bbox 203 1034 1411 1120; baseline 0.002 -26"><span class='ocrx_word' id='word_1_62' title='bbox 203 1043 348 1094; x_wconf 65' lang='lat' dir='ltr'><strong>mutor·</strong></span> <span class='ocrx_word' id='word_1_63' title='bbox 367 1035 440 1100; x_wconf 87' lang='lat' dir='ltr'><strong>Non</strong></span> <span class='ocrx_word' id='word_1_64' title='bbox 452 1036 662 1100; x_wconf 70' lang='lat' dir='ltr'><strong>internecatum</strong></span> <span class='ocrx_word' id='word_1_65' title='bbox 675 1035 730 1097; x_wconf 71' lang='lat' dir='ltr'><strong>stoi</strong></span> <span class='ocrx_word' id='word_1_66' title='bbox 746 1055 808 1096; x_wconf 84' lang='lat' dir='ltr'><strong>esse</strong></span> <span class='ocrx_word' id='word_1_67' title='bbox 821 1053 887 1096; x_wconf 86' lang='lat' dir='ltr'><strong>cum</strong></span> <span class='ocrx_word' id='word_1_68' title='bbox 901 1034 1049 1098; x_wconf 81' lang='lat' dir='ltr'><strong>Romanis</strong></span> <span class='ocrx_word' id='word_1_69' title='bbox 1063 1035 1190 1098; x_wconf 85' lang='lat' dir='ltr'><strong>bellum.-</strong></span> <span class='ocrx_word' id='word_1_70' title='bbox 1213 1037 1251 1098; x_wconf 90' lang='lat' dir='ltr'><strong>de</strong></span> <span class='ocrx_word' id='word_1_71' title='bbox 1272 1035 1411 1120; x_wconf 74' lang='lat' dir='ltr'><strong>(ligeritum</strong></span> 
     </span>
    </p>

    <p class='ocr_par' dir='ltr' id='par_1_11' title="bbox 202 1109 1412 1207">
     <span class='ocr_line' id='line_1_12' title="bbox 202 1109 1412 1207; baseline -0.003 -21"><span class='ocrx_word' id='word_1_72' title='bbox 202 1109 319 1186; x_wconf 69' lang='lat' dir='ltr'><strong>⁰¹²⁸l⁰⁸d</strong></span> <span class='ocrx_word' id='word_1_73' title='bbox 365 1132 455 1207; x_wconf 84' lang='lat' dir='ltr'><strong>alque</strong></span> <span class='ocrx_word' id='word_1_74' title='bbox 463 1121 587 1204; x_wconf 79' lang='lat' dir='ltr'><strong>imperio</strong></span> <span class='ocrx_word' id='word_1_75' title='bbox 599 1131 725 1185; x_wconf 76' lang='lat' dir='ltr'><strong>emtore.</strong></span> <span class='ocrx_word' id='word_1_76' title='bbox 754 1121 798 1182; x_wconf 84' lang='lat' dir='ltr'><strong>Et</strong></span> <span class='ocrx_word' id='word_1_77' title='bbox 806 1129 911 1200; x_wconf 83' lang='lat' dir='ltr'><strong>patrea</strong></span> <span class='ocrx_word' id='word_1_78' title='bbox 919 1119 1020 1183; x_wconf 84' lang='lat' dir='ltr'><strong>uirtuti</strong></span> <span class='ocrx_word' id='word_1_79' title='bbox 1031 1120 1180 1184; x_wconf 80' lang='lat' dir='ltr'><strong>Romame</strong></span> <span class='ocrx_word' id='word_1_80' title='bbox 1190 1121 1326 1184; x_wconf 70' lang='lat' dir='ltr'><strong>cesare.-</strong></span> <span class='ocrx_word' id='word_1_81' title='bbox 1347 1129 1375 1183; x_wconf 84' lang='lat' dir='ltr'><strong>et</strong></span> <span class='ocrx_word' id='word_1_82' title='bbox 1384 1140 1412 1182; x_wconf 84' lang='lat' dir='ltr'><strong>se</strong></span> 
     </span>
    </p>

    <p class='ocr_par' dir='ltr' id='par_1_12' title="bbox 203 1181 1411 1297">
     <span class='ocr_line' id='line_1_13' title="bbox 203 1181 1411 1297; baseline -0.004 -24"><span class='ocrx_word' id='word_1_83' title='bbox 203 1181 311 1284; x_wconf 45' lang='lat'>{⁸3⁰⁸</span> <span class='ocrx_word' id='word_1_84' title='bbox 364 1208 398 1273; x_wconf 85' lang='lat' dir='ltr'><strong>ld</strong></span> <span class='ocrx_word' id='word_1_85' title='bbox 419 1208 526 1284; x_wconf 83' lang='lat' dir='ltr'><strong>adniti,</strong></span> <span class='ocrx_word' id='word_1_86' title='bbox 550 1216 584 1270; x_wconf 88' lang='lat' dir='ltr'><strong>ut</strong></span> <span class='ocrx_word' id='word_1_87' title='bbox 605 1227 667 1297; x_wconf 64' lang='lat' dir='ltr'><strong>arrae</strong></span> <span class='ocrx_word' id='word_1_88' title='bbox 686 1206 717 1268; x_wconf 84' lang='lat' dir='ltr'><strong>io</strong></span> <span class='ocrx_word' id='word_1_89' title='bbox 735 1206 829 1269; x_wconf 84' lang='lat' dir='ltr'><strong>uicem</strong></span> <span class='ocrx_word' id='word_1_90' title='bbox 849 1205 936 1268; x_wconf 81' lang='lat' dir='ltr'><strong>simul</strong></span> <span class='ocrx_word' id='word_1_91' title='bbox 947 1203 1091 1286; x_wconf 78' lang='lat' dir='ltr'><strong>felicitati</strong></span> <span class='ocrx_word' id='word_1_92' title='bbox 1112 1217 1139 1270; x_wconf 88' lang='lat' dir='ltr'><strong>et</strong></span> <span class='ocrx_word' id='word_1_93' title='bbox 1161 1209 1267 1271; x_wconf 83' lang='lat' dir='ltr'><strong>uirtuti</strong></span> <span class='ocrx_word' id='word_1_94' title='bbox 1287 1208 1411 1271; x_wconf 82' lang='lat' dir='ltr'><strong>cedatur.</strong></span> 
     </span>
    </p>

    <p class='ocr_par' dir='ltr' id='par_1_13' title="bbox 363 1289 1411 1378">
     <span class='ocr_line' id='line_1_14' title="bbox 363 1289 1411 1378; baseline -0.003 -20"><span class='ocrx_word' id='word_1_95' title='bbox 363 1295 473 1378; x_wconf 84' lang='lat' dir='ltr'><strong>Itaque</strong></span> <span class='ocrx_word' id='word_1_96' title='bbox 482 1292 647 1357; x_wconf 85' lang='lat' dir='ltr'><strong>redimendi</strong></span> <span class='ocrx_word' id='word_1_97' title='bbox 657 1311 688 1354; x_wconf 85' lang='lat' dir='ltr'><strong>re</strong></span> <span class='ocrx_word' id='word_1_98' title='bbox 698 1291 822 1372; x_wconf 79' lang='lat' dir='ltr'><strong>captivis</strong></span> <span class='ocrx_word' id='word_1_99' title='bbox 832 1289 1067 1372; x_wconf 83' lang='lat' dir='ltr'><strong>copiamsocere.</strong></span> <span class='ocrx_word' id='word_1_100' title='bbox 1080 1290 1289 1375; x_wconf 81' lang='lat' dir='ltr'><strong>pretiumsore</strong></span> <span class='ocrx_word' id='word_1_101' title='bbox 1299 1294 1329 1356; x_wconf 87' lang='lat' dir='ltr'><strong>in</strong></span> <span class='ocrx_word' id='word_1_102' title='bbox 1338 1292 1411 1374; x_wconf 81' lang='lat' dir='ltr'><strong>copi·</strong></span> 
     </span>
    </p>

    <p class='ocr_par' dir='ltr' id='par_1_14' title="bbox 323 1377 1412 1464">
     <span class='ocr_line' id='line_1_15' title="bbox 323 1377 1412 1464; baseline -0.002 -20"><span class='ocrx_word' id='word_1_103' title='bbox 323 1423 325 1430; x_wconf 90' lang='lat'>·</span> <span class='ocrx_word' id='word_1_104' title='bbox 365 1391 408 1454; x_wconf 86' lang='lat' dir='ltr'><strong>to,</strong></span> <span class='ocrx_word' id='word_1_105' title='bbox 420 1379 510 1464; x_wconf 80' lang='lat' dir='ltr'><strong>equiti</strong></span> <span class='ocrx_word' id='word_1_106' title='bbox 523 1377 548 1417; x_wconf 83' lang='lat'><strong>⁹¹</strong></span> <span class='ocrx_word' id='word_1_107' title='bbox 555 1378 716 1462; x_wconf 82' lang='lat' dir='ltr'><strong>quingenos</strong></span> <span class='ocrx_word' id='word_1_108' title='bbox 725 1377 925 1461; x_wconf 84' lang='lat' dir='ltr'><strong>quadrigatos</strong></span> <span class='ocrx_word' id='word_1_109' title='bbox 934 1399 1077 1455; x_wconf 74' lang='lat' dir='ltr'><strong>erumnas,</strong></span> <span class='ocrx_word' id='word_1_110' title='bbox 1088 1389 1219 1444; x_wconf 81' lang='lat' dir='ltr'><strong>trecenos</strong></span> <span class='ocrx_word' id='word_1_111' title='bbox 1227 1379 1329 1460; x_wconf 86' lang='lat' dir='ltr'><strong>pediti,</strong></span> <span class='ocrx_word' id='word_1_112' title='bbox 1338 1397 1412 1442; x_wconf 81' lang='lat' dir='ltr'><strong>aeuo</strong></span> 
     </span>
    </p>

    <p class='ocr_par' dir='ltr' id='par_1_15' title="bbox 363 1461 1410 1551">
     <span class='ocr_line' id='line_1_16' title="bbox 363 1461 1410 1551; baseline -0.006 -20"><span class='ocrx_word' id='word_1_113' title='bbox 363 1476 487 1532; x_wconf 75' lang='lat' dir='ltr'><strong>ceruum.</strong></span> <span class='ocrx_word' id='word_1_114' title='bbox 533 1463 638 1540; x_wconf 86' lang='lat' dir='ltr'><strong>Quam</strong></span> <span class='ocrx_word' id='word_1_115' title='bbox 664 1484 736 1526; x_wconf 90' lang='lat' dir='ltr'><strong>uam</strong></span> <span class='ocrx_word' id='word_1_116' title='bbox 757 1462 952 1548; x_wconf 87' lang='lat' dir='ltr'><strong>aliquantum</strong></span> <span class='ocrx_word' id='word_1_117' title='bbox 972 1463 1179 1548; x_wconf 85' lang='lat' dir='ltr'><strong>adjiciebatur</strong></span> <span class='ocrx_word' id='word_1_118' title='bbox 1200 1463 1357 1551; x_wconf 88' lang='lat' dir='ltr'><strong>equitibus</strong></span> <span class='ocrx_word' id='word_1_119' title='bbox 1373 1461 1410 1526; x_wconf 93' lang='lat' dir='ltr'><strong>ad</strong></span> 
     </span>
    </p>

    <p class='ocr_par' dir='ltr' id='par_1_16' title="bbox 198 1485 1412 1641">
     <span class='ocr_line' id='line_1_17' title="bbox 198 1485 1412 1641; baseline 0.002 -31"><span class='ocrx_word' id='word_1_120' title='bbox 198 1563 287 1641; x_wconf 58' lang='lat' dir='ltr'><strong>negari</strong></span> <span class='ocrx_word' id='word_1_121' title='bbox 299 1552 396 1624; x_wconf 77' lang='lat' dir='ltr'><strong>esp-id</strong></span> <span class='ocrx_word' id='word_1_122' title='bbox 411 1551 558 1635; x_wconf 86' lang='lat' dir='ltr'><strong>pretium,</strong></span> <span class='ocrx_word' id='word_1_123' title='bbox 574 1485 662 1636; x_wconf 75' lang='lat' dir='ltr'><strong>quod</strong></span> <span class='ocrx_word' id='word_1_124' title='bbox 676 1549 861 1634; x_wconf 84' lang='lat' dir='ltr'><strong>pepigerant</strong></span> <span class='ocrx_word' id='word_1_125' title='bbox 875 1548 1024 1613; x_wconf 81' lang='lat' dir='ltr'><strong>dedentes</strong></span> <span class='ocrx_word' id='word_1_126' title='bbox 1039 1572 1088 1626; x_wconf 69' lang='lat' dir='ltr'><strong>set</strong></span> <span class='ocrx_word' id='word_1_127' title='bbox 1110 1550 1175 1615; x_wconf 76' lang='lat' dir='ltr'><strong>laeti</strong></span> <span class='ocrx_word' id='word_1_128' title='bbox 1191 1564 1297 1616; x_wconf 83' lang='lat' dir='ltr'><strong>tamen</strong></span> <span class='ocrx_word' id='word_1_129' title='bbox 1310 1570 1412 1635; x_wconf 88' lang='lat' dir='ltr'><strong>quam·</strong></span> 
     </span>
    </p>

    <p class='ocr_par' dir='ltr' id='par_1_17' title="bbox 200 1633 1411 1783">
     <span class='ocr_line' id='line_1_18' title="bbox 200 1633 1411 1783; baseline -0.002 -81"><span class='ocrx_word' id='word_1_130' title='bbox 200 1635 316 1676; x_wconf 79' lang='lat' dir='ltr'><strong>ovorum.</strong></span> <span class='ocrx_word' id='word_1_131' title='bbox 363 1659 499 1724; x_wconf 90' lang='lat' dir='ltr'><strong>cumque</strong></span> <span class='ocrx_word' id='word_1_132' title='bbox 512 1637 725 1702; x_wconf 86' lang='lat' dir='ltr'><strong>conditionem</strong></span> <span class='ocrx_word' id='word_1_133' title='bbox 732 1634 916 1783; x_wconf 65' lang='lat' dir='ltr'><strong>pacbcendi</strong></span> <span class='ocrx_word' id='word_1_134' title='bbox 930 1649 1126 1718; x_wconf 86' lang='lat' dir='ltr'><strong>acceperunt.</strong></span> <span class='ocrx_word' id='word_1_135' title='bbox 1173 1635 1299 1702; x_wconf 88' lang='lat' dir='ltr'><strong>Placuit</strong></span> <span class='ocrx_word' id='word_1_136' title='bbox 1311 1633 1411 1700; x_wconf 83' lang='lat' dir='ltr'><strong>suffra·</strong></span> 
     </span>
    </p>
   </div>
   <div class='ocr_carea' id='block_1_4' title="bbox 362 1720 1411 1810">
    <p class='ocr_par' dir='ltr' id='par_1_18' title="bbox 362 1720 1411 1810">
     <span class='ocr_line' id='line_1_19' title="bbox 362 1720 1411 1810; baseline -0.004 -24"><span class='ocrx_word' id='word_1_137' title='bbox 362 1725 417 1810; x_wconf 87' lang='lat' dir='ltr'><strong>gio</strong></span> <span class='ocrx_word' id='word_1_138' title='bbox 439 1727 580 1807; x_wconf 82' lang='lat' dir='ltr'><strong>ipsorum</strong></span> <span class='ocrx_word' id='word_1_139' title='bbox 598 1721 706 1786; x_wconf 89' lang='lat' dir='ltr'><strong>decem</strong></span> <span class='ocrx_word' id='word_1_140' title='bbox 755 1720 839 1806; x_wconf 86' lang='lat' dir='ltr'><strong>eligi,</strong></span> <span class='ocrx_word' id='word_1_141' title='bbox 858 1720 913 1805; x_wconf 93' lang='lat' dir='ltr'><strong>qui</strong></span> <span class='ocrx_word' id='word_1_142' title='bbox 938 1722 1072 1785; x_wconf 84' lang='lat' dir='ltr'><strong>Romam</strong></span> <span class='ocrx_word' id='word_1_143' title='bbox 1099 1721 1141 1787; x_wconf 91' lang='lat' dir='ltr'><strong>ad</strong></span> <span class='ocrx_word' id='word_1_144' title='bbox 1162 1737 1308 1787; x_wconf 85' lang='lat' dir='ltr'><strong>senatum</strong></span> <span class='ocrx_word' id='word_1_145' title='bbox 1328 1723 1411 1784; x_wconf 83' lang='lat' dir='ltr'><strong>ireut.</strong></span> 
     </span>
    </p>
   </div>
   <div class='ocr_carea' id='block_1_5' title="bbox 362 1795 1491 2215">
    <p class='ocr_par' dir='ltr' id='par_1_19' title="bbox 362 1795 1491 2215">
     <span class='ocr_line' id='line_1_20' title="bbox 363 1795 1411 1897; baseline -0.004 -23"><span class='ocrx_word' id='word_1_146' title='bbox 363 1831 422 1874; x_wconf 88' lang='lat' dir='ltr'><strong>neo</strong></span> <span class='ocrx_word' id='word_1_147' title='bbox 436 1810 551 1897; x_wconf 87' lang='lat' dir='ltr'><strong>pignus</strong></span> <span class='ocrx_word' id='word_1_148' title='bbox 566 1807 652 1873; x_wconf 92' lang='lat' dir='ltr'><strong>aliud</strong></span> <span class='ocrx_word' id='word_1_149' title='bbox 668 1795 751 1882; x_wconf 84' lang='lat' dir='ltr'><strong>fidei,</strong></span> <span class='ocrx_word' id='word_1_150' title='bbox 766 1827 860 1892; x_wconf 92' lang='lat' dir='ltr'><strong>quam</strong></span> <span class='ocrx_word' id='word_1_151' title='bbox 876 1817 912 1870; x_wconf 92' lang='lat' dir='ltr'><strong>ut</strong></span> <span class='ocrx_word' id='word_1_152' title='bbox 922 1806 1065 1890; x_wconf 88' lang='lat' dir='ltr'><strong>jurarent</strong></span> <span class='ocrx_word' id='word_1_153' title='bbox 1079 1830 1112 1873; x_wconf 86' lang='lat' dir='ltr'><strong>se</strong></span> <span class='ocrx_word' id='word_1_154' title='bbox 1125 1809 1294 1885; x_wconf 87' lang='lat' dir='ltr'><strong>redituros,</strong></span> <span class='ocrx_word' id='word_1_155' title='bbox 1311 1826 1411 1889; x_wconf 86' lang='lat' dir='ltr'><strong>accep-</strong></span> 
     </span>
     <span class='ocr_line' id='line_1_21' title="bbox 362 1891 1410 1995; baseline -0.007 -34"><span class='ocrx_word' id='word_1_156' title='bbox 362 1911 441 1961; x_wconf 90' lang='lat' dir='ltr'><strong>tum.</strong></span> <span class='ocrx_word' id='word_1_157' title='bbox 488 1894 608 1959; x_wconf 90' lang='lat' dir='ltr'><strong>Missus</strong></span> <span class='ocrx_word' id='word_1_158' title='bbox 633 1915 714 1958; x_wconf 76' lang='lat' dir='ltr'><strong>cum,</strong></span> <span class='ocrx_word' id='word_1_159' title='bbox 731 1892 779 1956; x_wconf 91' lang='lat' dir='ltr'><strong>bis</strong></span> <span class='ocrx_word' id='word_1_160' title='bbox 803 1891 960 1958; x_wconf 89' lang='lat' dir='ltr'><strong>Karthalo</strong></span> <span class='ocrx_word' id='word_1_161' title='bbox 985 1893 1099 1957; x_wconf 87' lang='lat' dir='ltr'><strong>nobilis</strong></span> <span class='ocrx_word' id='word_1_162' title='bbox 1123 1892 1410 1995; x_wconf 80' lang='lat' dir='ltr'><strong>Karthaginiensis:</strong></span> 
     </span>
     <span class='ocr_line' id='line_1_22' title="bbox 363 1977 1411 2068; baseline -0.007 -22"><span class='ocrx_word' id='word_1_163' title='bbox 363 1982 429 2068; x_wconf 90' lang='lat' dir='ltr'><strong>qui,</strong></span> <span class='ocrx_word' id='word_1_164' title='bbox 441 1982 467 2045; x_wconf 90' lang='lat' dir='ltr'><strong>si</strong></span> <span class='ocrx_word' id='word_1_165' title='bbox 482 1981 563 2045; x_wconf 86' lang='lat' dir='ltr'><strong>forte</strong></span> <span class='ocrx_word' id='word_1_166' title='bbox 584 1980 625 2044; x_wconf 89' lang='lat' dir='ltr'><strong>ad</strong></span> <span class='ocrx_word' id='word_1_167' title='bbox 647 2001 757 2064; x_wconf 89' lang='lat' dir='ltr'><strong>pacem</strong></span> <span class='ocrx_word' id='word_1_168' title='bbox 778 1977 966 2042; x_wconf 88' lang='lat' dir='ltr'><strong>inclinarent</strong></span> <span class='ocrx_word' id='word_1_169' title='bbox 985 1980 1117 2057; x_wconf 90' lang='lat' dir='ltr'><strong>animos,</strong></span> <span class='ocrx_word' id='word_1_170' title='bbox 1139 1979 1338 2046; x_wconf 89' lang='lat' dir='ltr'><strong>conditrones</strong></span> <span class='ocrx_word' id='word_1_171' title='bbox 1356 1979 1411 2040; x_wconf 86' lang='lat' dir='ltr'><strong>fer-</strong></span> 
     </span>
     <span class='ocr_line' id='line_1_23' title="bbox 362 2064 1491 2215; baseline -0.006 -82"><span class='ocrx_word' id='word_1_172' title='bbox 362 2082 421 2135; x_wconf 87' lang='lat' dir='ltr'><strong>ret.</strong></span> <span class='ocrx_word' id='word_1_173' title='bbox 466 2067 575 2144; x_wconf 87' lang='lat' dir='ltr'><strong>Quum</strong></span> <span class='ocrx_word' id='word_1_174' title='bbox 598 2069 714 2215; x_wconf 63' lang='lat' dir='ltr'><strong>egressi</strong></span> <span class='ocrx_word' id='word_1_175' title='bbox 735 2065 843 2142; x_wconf 85' lang='lat' dir='ltr'><strong>castris</strong></span> <span class='ocrx_word' id='word_1_176' title='bbox 861 2075 973 2141; x_wconf 87' lang='lat' dir='ltr'><strong>essent,</strong></span> <span class='ocrx_word' id='word_1_177' title='bbox 990 2086 1070 2130; x_wconf 91' lang='lat' dir='ltr'><strong>unus</strong></span> <span class='ocrx_word' id='word_1_178' title='bbox 1091 2087 1129 2130; x_wconf 86' lang='lat' dir='ltr'><strong>ex</strong></span> <span class='ocrx_word' id='word_1_179' title='bbox 1143 2066 1191 2143; x_wconf 88' lang='lat' dir='ltr'><strong>iis,</strong></span> <span class='ocrx_word' id='word_1_180' title='bbox 1208 2067 1338 2130; x_wconf 89' lang='lat' dir='ltr'><strong>minime</strong></span> <span class='ocrx_word' id='word_1_181' title='bbox 1354 2064 1413 2128; x_wconf 89' lang='lat' dir='ltr'><strong>Ro-</strong></span> <span class='ocrx_word' id='word_1_182' title='bbox 1490 2065 1491 2072; x_wconf 73' lang='grc'>’</span> 
     </span>
    </p>
   </div>
   <div class='ocr_carea' id='block_1_6' title="bbox 305 2145 1491 2574">
    <p class='ocr_par' dir='ltr' id='par_1_20' title="bbox 305 2145 1491 2574">
     <span class='ocr_line' id='line_1_24' title="bbox 364 2145 1414 2241; baseline -0.01 -22"><span class='ocrx_word' id='word_1_183' title='bbox 364 2155 450 2220; x_wconf 92' lang='lat' dir='ltr'><strong>mani</strong></span> <span class='ocrx_word' id='word_1_184' title='bbox 476 2153 595 2241; x_wconf 90' lang='lat' dir='ltr'><strong>ingenii</strong></span> <span class='ocrx_word' id='word_1_185' title='bbox 646 2174 729 2229; x_wconf 92' lang='lat' dir='ltr'><strong>omo,</strong></span> <span class='ocrx_word' id='word_1_186' title='bbox 749 2149 865 2225; x_wconf 74' lang='lat' dir='ltr'><strong>92velut</strong></span> <span class='ocrx_word' id='word_1_187' title='bbox 892 2149 1011 2237; x_wconf 89' lang='lat' dir='ltr'><strong>aliquid</strong></span> <span class='ocrx_word' id='word_1_188' title='bbox 1036 2151 1163 2232; x_wconf 85' lang='lat' dir='ltr'><strong>oblitus,</strong></span> <span class='ocrx_word' id='word_1_189' title='bbox 1185 2152 1212 2191; x_wconf 76' lang='lat'><strong>⁹³</strong></span> <span class='ocrx_word' id='word_1_190' title='bbox 1215 2145 1414 2238; x_wconf 88' lang='lat' dir='ltr'><strong>jurisjurandi</strong></span> 
     </span>
     <span class='ocr_line' id='line_1_25' title="bbox 305 2234 1413 2324; baseline -0.008 -18"><span class='ocrx_word' id='word_1_191' title='bbox 305 2319 306 2324; x_wconf 8' lang='grc' dir='ltr'>γ</span> <span class='ocrx_word' id='word_1_192' title='bbox 362 2240 506 2306; x_wconf 83' lang='lat' dir='ltr'><strong>solvendi</strong></span> <span class='ocrx_word' id='word_1_193' title='bbox 521 2262 633 2305; x_wconf 89' lang='lat' dir='ltr'><strong>caussa</strong></span> <span class='ocrx_word' id='word_1_194' title='bbox 647 2259 744 2324; x_wconf 93' lang='lat' dir='ltr'><strong>quum</strong></span> <span class='ocrx_word' id='word_1_195' title='bbox 760 2237 793 2299; x_wconf 92' lang='lat' dir='ltr'><strong>in</strong></span> <span class='ocrx_word' id='word_1_196' title='bbox 808 2250 911 2300; x_wconf 86' lang='lat' dir='ltr'><strong>castra</strong></span> <span class='ocrx_word' id='word_1_197' title='bbox 933 2237 1071 2315; x_wconf 85' lang='lat' dir='ltr'><strong>redisset,</strong></span> <span class='ocrx_word' id='word_1_198' title='bbox 1088 2251 1161 2302; x_wconf 87' lang='lat' dir='ltr'><strong>ante</strong></span> <span class='ocrx_word' id='word_1_199' title='bbox 1182 2251 1309 2304; x_wconf 89' lang='lat' dir='ltr'><strong>noctem</strong></span> <span class='ocrx_word' id='word_1_200' title='bbox 1323 2234 1413 2301; x_wconf 86' lang='lat' dir='ltr'><strong>comi·</strong></span> 
     </span>
     <span class='ocr_line' id='line_1_26' title="bbox 362 2322 1491 2412; baseline -0.009 -19"><span class='ocrx_word' id='word_1_201' title='bbox 362 2341 408 2394; x_wconf 85' lang='lat' dir='ltr'><strong>tes</strong></span> <span class='ocrx_word' id='word_1_202' title='bbox 437 2326 627 2412; x_wconf 82' lang='lat' dir='ltr'><strong>adsequitur.</strong></span> <span class='ocrx_word' id='word_1_203' title='bbox 675 2323 740 2390; x_wconf 92' lang='lat' dir='ltr'><strong>Ubi</strong></span> <span class='ocrx_word' id='word_1_204' title='bbox 768 2343 821 2386; x_wconf 90' lang='lat' dir='ltr'><strong>eos</strong></span> <span class='ocrx_word' id='word_1_205' title='bbox 851 2322 987 2386; x_wconf 87' lang='lat' dir='ltr'><strong>Romam</strong></span> <span class='ocrx_word' id='word_1_206' title='bbox 1014 2324 1120 2388; x_wconf 88' lang='lat' dir='ltr'><strong>venire</strong></span> <span class='ocrx_word' id='word_1_207' title='bbox 1147 2325 1336 2389; x_wconf 88' lang='lat' dir='ltr'><strong>nunciatum</strong></span> <span class='ocrx_word' id='word_1_208' title='bbox 1363 2329 1412 2395; x_wconf 72' lang='lat' dir='ltr'><strong>est,</strong></span> <span class='ocrx_word' id='word_1_209' title='bbox 1490 2353 1491 2404; x_wconf 72' lang='lat'>3</span> 
     </span>
     <span class='ocr_line' id='line_1_27' title="bbox 365 2408 1491 2494; baseline -0.008 -16"><span class='ocrx_word' id='word_1_210' title='bbox 365 2412 555 2478; x_wconf 86' lang='lat' dir='ltr'><strong>Kartbaloni</strong></span> <span class='ocrx_word' id='word_1_211' title='bbox 570 2410 811 2478; x_wconf 86' lang='lat' dir='ltr'><strong>obviam-lictor</strong></span> <span class='ocrx_word' id='word_1_212' title='bbox 829 2408 952 2488; x_wconf 89' lang='lat' dir='ltr'><strong>missus,</strong></span> <span class='ocrx_word' id='word_1_213' title='bbox 970 2409 1024 2494; x_wconf 92' lang='lat' dir='ltr'><strong>qui</strong></span> <span class='ocrx_word' id='word_1_214' title='bbox 1045 2410 1207 2474; x_wconf 88' lang='lat' dir='ltr'><strong>dictatoris</strong></span> <span class='ocrx_word' id='word_1_215' title='bbox 1222 2409 1326 2476; x_wconf 86' lang='lat' dir='ltr'><strong>verbis</strong></span> <span class='ocrx_word' id='word_1_216' title='bbox 1339 2427 1413 2472; x_wconf 89' lang='lat' dir='ltr'><strong>nun·</strong></span> <span class='ocrx_word' id='word_1_217' title='bbox 1490 2409 1491 2420; x_wconf 67' lang='lat'><em>²</em></span> 
     </span>
     <span class='ocr_line' id='line_1_28' title="bbox 362 2494 1241 2574; baseline -0.002 -11"><span class='ocrx_word' id='word_1_218' title='bbox 362 2501 470 2574; x_wconf 84' lang='lat' dir='ltr'><strong>cieret,</strong></span> <span class='ocrx_word' id='word_1_219' title='bbox 489 2512 523 2563; x_wconf 92' lang='lat' dir='ltr'><strong>ut</strong></span> <span class='ocrx_word' id='word_1_220' title='bbox 537 2512 611 2562; x_wconf 88' lang='lat' dir='ltr'><strong>ante</strong></span> <span class='ocrx_word' id='word_1_221' title='bbox 625 2509 750 2561; x_wconf 90' lang='lat' dir='ltr'><strong>noctem</strong></span> <span class='ocrx_word' id='word_1_222' title='bbox 764 2494 931 2559; x_wconf 87' lang='lat' dir='ltr'><strong>excederet</strong></span> <span class='ocrx_word' id='word_1_223' title='bbox 944 2494 1059 2561; x_wconf 86' lang='lat' dir='ltr'><strong>finibus</strong></span> <span class='ocrx_word' id='word_1_224' title='bbox 1075 2496 1241 2562; x_wconf 88' lang='lat' dir='ltr'><strong>Romanis.</strong></span> 
     </span>
    </p>
   </div>
   <div class='ocr_carea' id='block_1_7' title="bbox 104 2579 1414 2670">
    <p class='ocr_par' dir='ltr' id='par_1_21' title="bbox 104 2579 1414 2670">
     <span class='ocr_line' id='line_1_29' title="bbox 104 2579 1414 2670; baseline -0.008 -20"><span class='ocrx_word' id='word_1_225' title='bbox 104 2647 107 2650; x_wconf 87' lang='lat'>.</span> <span class='ocrx_word' id='word_1_226' title='bbox 200 2599 292 2646; x_wconf 74' lang='lat' dir='ltr'><strong>corum</strong></span> <span class='ocrx_word' id='word_1_227' title='bbox 407 2583 500 2650; x_wconf 91' lang='lat' dir='ltr'><strong>LIX.</strong></span> <span class='ocrx_word' id='word_1_228' title='bbox 524 2584 654 2670; x_wconf 90' lang='lat' dir='ltr'><strong>Legatis</strong></span> <span class='ocrx_word' id='word_1_229' title='bbox 668 2581 864 2664; x_wconf 83' lang='lat' dir='ltr'><strong>captivorum</strong></span> <span class='ocrx_word' id='word_1_230' title='bbox 887 2593 1012 2645; x_wconf 86' lang='lat' dir='ltr'><strong>senatus</strong></span> <span class='ocrx_word' id='word_1_231' title='bbox 1031 2581 1072 2646; x_wconf 90' lang='lat' dir='ltr'><strong>ab</strong></span> <span class='ocrx_word' id='word_1_232' title='bbox 1086 2581 1244 2647; x_wconf 89' lang='lat' dir='ltr'><strong>dictatore</strong></span> <span class='ocrx_word' id='word_1_233' title='bbox 1258 2579 1351 2646; x_wconf 86' lang='lat' dir='ltr'><strong>datus</strong></span> <span class='ocrx_word' id='word_1_234' title='bbox 1363 2587 1414 2643; x_wconf 87' lang='lat' dir='ltr'><strong>est.</strong></span> 
     </span>
    </p>
   </div>
   <div class='ocr_carea' id='block_1_8' title="bbox 198 2660 1490 3614">
    <p class='ocr_par' dir='ltr' id='par_1_22' title="bbox 198 2660 1490 3614">
     <span class='ocr_line' id='line_1_30' title="bbox 198 2660 1414 2774; baseline -0.009 -35"><span class='ocrx_word' id='word_1_235' title='bbox 198 2663 315 2774; x_wconf 53' lang='lat' dir='ltr'><strong>Pflssffl&#39;iff</strong></span> <span class='ocrx_word' id='word_1_236' title='bbox 363 2669 511 2749; x_wconf 82' lang='lat' dir='ltr'><strong>Quorum</strong></span> <span class='ocrx_word' id='word_1_237' title='bbox 533 2671 680 2754; x_wconf 84' lang='lat' dir='ltr'><strong>princeps</strong></span> <span class='ocrx_word' id='word_1_238' title='bbox 704 2666 755 2732; x_wconf 91' lang='lat' dir='ltr'><strong>M.</strong></span> <span class='ocrx_word' id='word_1_239' title='bbox 769 2666 893 2741; x_wconf 87' lang='lat' dir='ltr'><strong>Juniua,</strong></span> <span class='ocrx_word' id='word_1_240' title='bbox 914 2668 1022 2730; x_wconf 79' lang='lat' dir='ltr'><strong>Patres</strong></span> <span class='ocrx_word' id='word_1_241' title='bbox 1043 2660 1211 2750; x_wconf 69' lang='lat' dir='ltr'><strong>cmaolpli,</strong></span> <span class='ocrx_word' id='word_1_242' title='bbox 1234 2661 1350 2754; x_wconf 88' lang='lat' dir='ltr'><strong>inquit,</strong></span> <span class='ocrx_word' id='word_1_243' title='bbox 1369 2685 1414 2728; x_wconf 84' lang='lat' dir='ltr'><strong>ne·</strong></span> 
     </span>
     <span class='ocr_line' id='line_1_31' title="bbox 198 2740 1414 2838; baseline -0.009 -15"><span class='ocrx_word' id='word_1_244' title='bbox 198 2740 275 2836; x_wconf 48' lang='lat' dir='ltr'><strong>22¹,ss</strong></span> <span class='ocrx_word' id='word_1_245' title='bbox 318 2740 412 2822; x_wconf 58' lang='lat' dir='ltr'><strong>*mn</strong></span> <span class='ocrx_word' id='word_1_246' title='bbox 434 2755 601 2820; x_wconf 65' lang='lat' dir='ltr'><strong>“nostram</strong></span> <span class='ocrx_word' id='word_1_247' title='bbox 624 2755 754 2838; x_wconf 84' lang='lat' dir='ltr'><strong>ignorat,</strong></span> <span class='ocrx_word' id='word_1_248' title='bbox 780 2752 856 2815; x_wconf 83' lang='lat' dir='ltr'><strong>nulli</strong></span> <span class='ocrx_word' id='word_1_249' title='bbox 880 2773 1018 2836; x_wconf 82' lang='lat' dir='ltr'><strong>umquam</strong></span> <span class='ocrx_word' id='word_1_250' title='bbox 1046 2754 1160 2817; x_wconf 80' lang='lat' dir='ltr'><strong>civitati</strong></span> <span class='ocrx_word' id='word_1_251' title='bbox 1181 2753 1305 2818; x_wconf 81' lang='lat' dir='ltr'><strong>viliores</strong></span> <span class='ocrx_word' id='word_1_252' title='bbox 1320 2749 1414 2834; x_wconf 70' lang='lat' dir='ltr'><strong>filicae</strong></span> 
     </span>
     <span class='ocr_line' id='line_1_32' title="bbox 361 2837 1414 2926; baseline -0.009 -18"><span class='ocrx_word' id='word_1_253' title='bbox 361 2844 504 2926; x_wconf 82' lang='lat' dir='ltr'><strong>captivos,</strong></span> <span class='ocrx_word' id='word_1_254' title='bbox 520 2861 613 2925; x_wconf 83' lang='lat' dir='ltr'><strong>quom</strong></span> <span class='ocrx_word' id='word_1_255' title='bbox 626 2849 743 2902; x_wconf 80' lang='lat' dir='ltr'><strong>nostre.</strong></span> <span class='ocrx_word' id='word_1_256' title='bbox 789 2838 936 2914; x_wconf 84' lang='lat' dir='ltr'><strong>Ceterum,</strong></span> <span class='ocrx_word' id='word_1_257' title='bbox 952 2838 1009 2901; x_wconf 69' lang='lat' dir='ltr'><strong>nbi</strong></span> <span class='ocrx_word' id='word_1_258' title='bbox 1029 2840 1109 2903; x_wconf 85' lang='lat' dir='ltr'><strong>nobis</strong></span> <span class='ocrx_word' id='word_1_259' title='bbox 1126 2840 1197 2922; x_wconf 83' lang='lat' dir='ltr'><strong>plus</strong></span> <span class='ocrx_word' id='word_1_260' title='bbox 1209 2837 1300 2924; x_wconf 81' lang='lat' dir='ltr'><strong>justo</strong></span> <span class='ocrx_word' id='word_1_261' title='bbox 1320 2846 1414 2902; x_wconf 81' lang='lat' dir='ltr'><strong>nostro</strong></span> 
     </span>
     <span class='ocr_line' id='line_1_33' title="bbox 358 2923 1414 3012; baseline -0.01 -19"><span class='ocrx_word' id='word_1_262' title='bbox 358 2929 460 3012; x_wconf 83' lang='lat' dir='ltr'><strong>placet</strong></span> <span class='ocrx_word' id='word_1_263' title='bbox 474 2947 591 3004; x_wconf 84' lang='lat' dir='ltr'><strong>course,</strong></span> <span class='ocrx_word' id='word_1_264' title='bbox 607 2946 667 2990; x_wconf 83' lang='lat' dir='ltr'><strong>non</strong></span> <span class='ocrx_word' id='word_1_265' title='bbox 681 2925 738 2988; x_wconf 82' lang='lat' dir='ltr'><strong>alii</strong></span> <span class='ocrx_word' id='word_1_266' title='bbox 751 2944 888 3008; x_wconf 86' lang='lat' dir='ltr'><strong>umquam</strong></span> <span class='ocrx_word' id='word_1_267' title='bbox 910 2923 1008 2987; x_wconf 85' lang='lat' dir='ltr'><strong>minus</strong></span> <span class='ocrx_word' id='word_1_268' title='bbox 1022 2926 1199 3011; x_wconf 83' lang='lat' dir='ltr'><strong>neglegendi</strong></span> <span class='ocrx_word' id='word_1_269' title='bbox 1218 2926 1313 3002; x_wconf 63' lang='lat' dir='ltr'><strong>vobo,</strong></span> <span class='ocrx_word' id='word_1_270' title='bbox 1329 2941 1414 3008; x_wconf 85' lang='lat' dir='ltr'><strong>quum</strong></span> 
     </span>
     <span class='ocr_line' id='line_1_34' title="bbox 360 3010 1414 3094; baseline -0.009 -15"><span class='ocrx_word' id='word_1_271' title='bbox 360 3034 425 3090; x_wconf 79' lang='lat' dir='ltr'><strong>uos,</strong></span> <span class='ocrx_word' id='word_1_272' title='bbox 437 3014 469 3078; x_wconf 84' lang='lat' dir='ltr'><strong>iu</strong></span> <span class='ocrx_word' id='word_1_273' title='bbox 483 3013 604 3094; x_wconf 78' lang='lat' dir='ltr'><strong>hostiurn</strong></span> <span class='ocrx_word' id='word_1_274' title='bbox 612 3020 794 3094; x_wconf 85' lang='lat' dir='ltr'><strong>potestatem</strong></span> <span class='ocrx_word' id='word_1_275' title='bbox 808 3019 957 3076; x_wconf 72' lang='lat' dir='ltr'><strong>aeonum.</strong></span> <span class='ocrx_word' id='word_1_276' title='bbox 979 3011 1125 3074; x_wconf 84' lang='lat' dir='ltr'><strong>nonenim</strong></span> <span class='ocrx_word' id='word_1_277' title='bbox 1138 3011 1170 3076; x_wconf 83' lang='lat' dir='ltr'><strong>in</strong></span> <span class='ocrx_word' id='word_1_278' title='bbox 1184 3011 1252 3076; x_wconf 81' lang='lat' dir='ltr'><strong>acie</strong></span> <span class='ocrx_word' id='word_1_279' title='bbox 1264 3034 1320 3094; x_wconf 84' lang='lat' dir='ltr'><strong>per</strong></span> <span class='ocrx_word' id='word_1_280' title='bbox 1335 3010 1414 3073; x_wconf 81' lang='lat' dir='ltr'><strong>timu-</strong></span> 
     </span>
     <span class='ocr_line' id='line_1_35' title="bbox 359 3097 1413 3179; baseline -0.009 -14"><span class='ocrx_word' id='word_1_281' title='bbox 359 3123 424 3165; x_wconf 88' lang='lat' dir='ltr'><strong>rem</strong></span> <span class='ocrx_word' id='word_1_282' title='bbox 437 3119 526 3163; x_wconf 86' lang='lat' dir='ltr'><strong>ormo</strong></span> <span class='ocrx_word' id='word_1_283' title='bbox 540 3098 737 3170; x_wconf 60' lang='lat' dir='ltr'><strong>tradidimuse</strong></span> <span class='ocrx_word' id='word_1_284' title='bbox 760 3097 824 3174; x_wconf 83' lang='lat' dir='ltr'><strong>aed,</strong></span> <span class='ocrx_word' id='word_1_285' title='bbox 839 3117 932 3178; x_wconf 80' lang='lat' dir='ltr'><strong>quum</strong></span> <span class='ocrx_word' id='word_1_286' title='bbox 944 3117 1037 3178; x_wconf 84' lang='lat' dir='ltr'><strong>prope</strong></span> <span class='ocrx_word' id='word_1_287' title='bbox 1050 3099 1092 3160; x_wconf 88' lang='lat' dir='ltr'><strong>ad</strong></span> <span class='ocrx_word' id='word_1_288' title='bbox 1112 3107 1229 3164; x_wconf 85' lang='lat' dir='ltr'><strong>noctem</strong></span> <span class='ocrx_word' id='word_1_289' title='bbox 1249 3105 1413 3179; x_wconf 83' lang='lat' dir='ltr'><strong>supersten-</strong></span> 
     </span>
     <span class='ocr_line' id='line_1_36' title="bbox 361 3182 1416 3264; baseline -0.005 -15"><span class='ocrx_word' id='word_1_290' title='bbox 361 3196 404 3250; x_wconf 86' lang='lat' dir='ltr'><strong>tee</strong></span> <span class='ocrx_word' id='word_1_291' title='bbox 418 3185 543 3250; x_wconf 80' lang='lat' dir='ltr'><strong>cumulis</strong></span> <span class='ocrx_word' id='word_1_292' title='bbox 564 3205 701 3250; x_wconf 77' lang='lat' dir='ltr'><strong>cesorum</strong></span> <span class='ocrx_word' id='word_1_293' title='bbox 723 3203 875 3264; x_wconf 78' lang='lat' dir='ltr'><strong>corporum</strong></span> <span class='ocrx_word' id='word_1_294' title='bbox 888 3183 1026 3264; x_wconf 76' lang='lat' dir='ltr'><strong>prelium</strong></span> <span class='ocrx_word' id='word_1_295' title='bbox 1047 3183 1287 3260; x_wconf 77' lang='lat' dir='ltr'><strong>eetroeiseemus,</strong></span> <span class='ocrx_word' id='word_1_296' title='bbox 1302 3182 1335 3246; x_wconf 85' lang='lat' dir='ltr'><strong>in</strong></span> <span class='ocrx_word' id='word_1_297' title='bbox 1355 3199 1416 3244; x_wconf 80' lang='lat' dir='ltr'><strong>eor·</strong></span> 
     </span>
     <span class='ocr_line' id='line_1_37' title="bbox 359 3263 1416 3354; baseline -0.01 -18"><span class='ocrx_word' id='word_1_298' title='bbox 359 3281 411 3338; x_wconf 82' lang='lat' dir='ltr'><strong>tro</strong></span> <span class='ocrx_word' id='word_1_299' title='bbox 417 3272 585 3354; x_wconf 80' lang='lat' dir='ltr'><strong>&#39;recepimus</strong></span> <span class='ocrx_word' id='word_1_300' title='bbox 597 3290 662 3334; x_wconf 81' lang='lat' dir='ltr'><strong>noe.</strong></span> <span class='ocrx_word' id='word_1_301' title='bbox 706 3269 780 3334; x_wconf 81' lang='lat' dir='ltr'><strong>Diei</strong></span> <span class='ocrx_word' id='word_1_302' title='bbox 793 3268 937 3352; x_wconf 82' lang='lat' dir='ltr'><strong>reliquum</strong></span> <span class='ocrx_word' id='word_1_303' title='bbox 949 3289 987 3331; x_wconf 91' lang='lat' dir='ltr'><strong>uc</strong></span> <span class='ocrx_word' id='word_1_304' title='bbox 997 3277 1110 3332; x_wconf 84' lang='lat' dir='ltr'><strong>noctem</strong></span> <span class='ocrx_word' id='word_1_305' title='bbox 1120 3269 1334 3352; x_wconf 80' lang='lat' dir='ltr'><strong>insequentem,</strong></span> <span class='ocrx_word' id='word_1_306' title='bbox 1334 3263 1416 3352; x_wconf 75' lang='lat' dir='ltr'><strong>fissi</strong></span> 
     </span>
     <span class='ocr_line' id='line_1_38' title="bbox 361 3347 1490 3437; baseline -0.009 -14"><span class='ocrx_word' id='word_1_307' title='bbox 361 3359 463 3423; x_wconf 82' lang='lat' dir='ltr'><strong>labore</strong></span> <span class='ocrx_word' id='word_1_308' title='bbox 476 3379 514 3421; x_wconf 90' lang='lat' dir='ltr'><strong>oc</strong></span> <span class='ocrx_word' id='word_1_309' title='bbox 527 3357 707 3433; x_wconf 81' lang='lat' dir='ltr'><strong>uulneribus,</strong></span> <span class='ocrx_word' id='word_1_310' title='bbox 722 3354 835 3418; x_wconf 84' lang='lat' dir='ltr'><strong>uallum</strong></span> <span class='ocrx_word' id='word_1_311' title='bbox 851 3374 953 3416; x_wconf 80' lang='lat' dir='ltr'><strong>sumus</strong></span> <span class='ocrx_word' id='word_1_312' title='bbox 967 3355 1066 3416; x_wconf 86' lang='lat' dir='ltr'><strong>tutati.</strong></span> <span class='ocrx_word' id='word_1_313' title='bbox 1110 3355 1241 3418; x_wconf 85' lang='lat' dir='ltr'><strong>Postero</strong></span> <span class='ocrx_word' id='word_1_314' title='bbox 1255 3356 1315 3431; x_wconf 87' lang='lat' dir='ltr'><strong>die,</strong></span> <span class='ocrx_word' id='word_1_315' title='bbox 1331 3370 1416 3437; x_wconf 87' lang='lat' dir='ltr'><strong>quum</strong></span> <span class='ocrx_word' id='word_1_316' title='bbox 1489 3347 1490 3358; x_wconf 73' lang='grc'>’</span> 
     </span>
     <span class='ocr_line' id='line_1_39' title="bbox 359 3436 1490 3523; baseline -0.011 -13"><span class='ocrx_word' id='word_1_317' title='bbox 359 3445 540 3511; x_wconf 73' lang='lat' dir='ltr'><strong>cirmrnsessi</strong></span> <span class='ocrx_word' id='word_1_318' title='bbox 557 3445 596 3506; x_wconf 86' lang='lat' dir='ltr'><strong>ob</strong></span> <span class='ocrx_word' id='word_1_319' title='bbox 617 3443 750 3506; x_wconf 81' lang='lat' dir='ltr'><strong>exercitu</strong></span> <span class='ocrx_word' id='word_1_320' title='bbox 771 3441 881 3504; x_wconf 65' lang='lat' dir='ltr'><strong>emtore</strong></span> <span class='ocrx_word' id='word_1_321' title='bbox 902 3459 983 3523; x_wconf 86' lang='lat' dir='ltr'><strong>equo</strong></span> <span class='ocrx_word' id='word_1_322' title='bbox 1005 3460 1181 3520; x_wconf 83' lang='lat' dir='ltr'><strong>arceremur,</strong></span> <span class='ocrx_word' id='word_1_323' title='bbox 1196 3461 1251 3504; x_wconf 86' lang='lat' dir='ltr'><strong>uec</strong></span> <span class='ocrx_word' id='word_1_324' title='bbox 1273 3441 1337 3504; x_wconf 83' lang='lat' dir='ltr'><strong>ullo</strong></span> <span class='ocrx_word' id='word_1_325' title='bbox 1347 3436 1415 3521; x_wconf 85' lang='lat' dir='ltr'><strong>jum</strong></span> <span class='ocrx_word' id='word_1_326' title='bbox 1489 3455 1490 3468; x_wconf 60' lang='lat'>¹</span> 
     </span>
     <span class='ocr_line' id='line_1_40' title="bbox 263 3525 1416 3614; baseline -0.012 -17"><span class='ocrx_word' id='word_1_327' title='bbox 263 3557 266 3564; x_wconf 59' lang='lat'><strong>⁴</strong></span> <span class='ocrx_word' id='word_1_328' title='bbox 355 3553 412 3614; x_wconf 81' lang='lat' dir='ltr'><strong>per</strong></span> <span class='ocrx_word' id='word_1_329' title='bbox 425 3528 573 3613; x_wconf 60' lang='lat' dir='ltr'><strong>ootffmtos</strong></span> <span class='ocrx_word' id='word_1_330' title='bbox 587 3529 686 3592; x_wconf 83' lang='lat' dir='ltr'><strong>lroales</strong></span> <span class='ocrx_word' id='word_1_331' title='bbox 699 3525 869 3608; x_wconf 82' lang='lat' dir='ltr'><strong>erumpendi</strong></span> <span class='ocrx_word' id='word_1_332' title='bbox 882 3546 949 3606; x_wconf 81' lang='lat' dir='ltr'><strong>spes</strong></span> <span class='ocrx_word' id='word_1_333' title='bbox 961 3534 1045 3602; x_wconf 80' lang='lat' dir='ltr'><strong>esset,</strong></span> <span class='ocrx_word' id='word_1_334' title='bbox 1057 3547 1110 3589; x_wconf 88' lang='lat' dir='ltr'><strong>nee</strong></span> <span class='ocrx_word' id='word_1_335' title='bbox 1123 3546 1184 3589; x_wconf 81' lang='lat' dir='ltr'><strong>esee</strong></span> <span class='ocrx_word' id='word_1_336' title='bbox 1197 3527 1288 3611; x_wconf 73' lang='lat' dir='ltr'><strong>nefins</strong></span> <span class='ocrx_word' id='word_1_337' title='bbox 1302 3527 1416 3588; x_wconf 75' lang='lat' dir='ltr'><strong>dusme-</strong></span> 
     </span>
    </p>
   </div>
   <div class='ocr_carea' id='block_1_9' title="bbox 346 3608 1416 3823">
    <p class='ocr_par' dir='ltr' id='par_1_23' title="bbox 346 3608 1416 3823">
     <span class='ocr_line' id='line_1_41' title="bbox 346 3608 1416 3706; baseline -0.007 -24"><span class='ocrx_word' id='word_1_338' title='bbox 346 3639 437 3699; x_wconf 44' lang='lat' dir='ltr'><strong>,mun</strong></span> <span class='ocrx_word' id='word_1_339' title='bbox 452 3615 671 3706; x_wconf 77' lang='lat' dir='ltr'><strong>quinquaginta</strong></span> <span class='ocrx_word' id='word_1_340' title='bbox 684 3613 808 3676; x_wconf 82' lang='lat' dir='ltr'><strong>millibus</strong></span> <span class='ocrx_word' id='word_1_341' title='bbox 820 3611 968 3675; x_wconf 75' lang='lat' dir='ltr'><strong>boninum</strong></span> <span class='ocrx_word' id='word_1_342' title='bbox 982 3631 1020 3674; x_wconf 77' lang='lat' dir='ltr'><strong>ee</strong></span> <span class='ocrx_word' id='word_1_343' title='bbox 1040 3612 1106 3674; x_wconf 81' lang='lat' dir='ltr'><strong>urie</strong></span> <span class='ocrx_word' id='word_1_344' title='bbox 1125 3620 1230 3676; x_wconf 84' lang='lat' dir='ltr'><strong>nostro</strong></span> <span class='ocrx_word' id='word_1_345' title='bbox 1253 3608 1416 3688; x_wconf 75' lang='lat' dir='ltr'><strong>trucidatis,</strong></span> 
     </span>
     <span class='ocr_line' id='line_1_42' title="bbox 730 3735 1254 3823; baseline -0.008 -11"><span class='ocrx_word' id='word_1_346' title='bbox 730 3771 743 3798; x_wconf 78' lang='lat' dir='ltr'><strong>e</strong></span> <span class='ocrx_word' id='word_1_347' title='bbox 759 3765 834 3823; x_wconf 67' lang='lat' dir='ltr'><strong>soesu,</strong></span> <span class='ocrx_word' id='word_1_348' title='bbox 844 3775 881 3810; x_wconf 72' lang='lat' dir='ltr'><strong>m</strong></span> <span class='ocrx_word' id='word_1_349' title='bbox 892 3762 965 3810; x_wconf 71' lang='lat' dir='ltr'><strong>oron.</strong></span> <span class='ocrx_word' id='word_1_350' title='bbox 976 3764 1045 3810; x_wconf 76' lang='lat' dir='ltr'><strong>arev.</strong></span> <span class='ocrx_word' id='word_1_351' title='bbox 1247 3735 1254 3743; x_wconf 68' lang='grc'>’</span> 
     </span>
    </p>
   </div>
   <div class='ocr_carea' id='block_1_10' title="bbox 352 3871 1419 4352">
    <p class='ocr_par' dir='ltr' id='par_1_24' title="bbox 356 3871 1419 4086">
     <span class='ocr_line' id='line_1_43' title="bbox 389 3871 1415 3964; baseline -0.009 -15"><span class='ocrx_word' id='word_1_352' title='bbox 389 3906 420 3955; x_wconf 85' lang='lat' dir='ltr'><strong>m</strong></span> <span class='ocrx_word' id='word_1_353' title='bbox 441 3904 574 3964; x_wconf 50' lang='lat' dir='ltr'><strong>autom</strong></span> <span class='ocrx_word' id='word_1_354' title='bbox 590 3900 737 3963; x_wconf 66' lang='lat' dir='ltr'><strong>peragam</strong></span> <span class='ocrx_word' id='word_1_355' title='bbox 752 3896 870 3959; x_wconf 70' lang='lat' dir='ltr'><strong>samso]</strong></span> <span class='ocrx_word' id='word_1_356' title='bbox 903 3911 974 3958; x_wconf 63' lang='lat' dir='ltr'><strong>pam</strong></span> <span class='ocrx_word' id='word_1_357' title='bbox 992 3898 1018 3943; x_wconf 72' lang='lat' dir='ltr'><strong>u·</strong></span> <span class='ocrx_word' id='word_1_358' title='bbox 1035 3901 1112 3944; x_wconf 70' lang='lat' dir='ltr'><strong>aare</strong></span> <span class='ocrx_word' id='word_1_359' title='bbox 1134 3897 1242 3962; x_wconf 64' lang='lat' dir='ltr'><strong>recreer]</strong></span> <span class='ocrx_word' id='word_1_360' title='bbox 1268 3897 1334 3952; x_wconf 79' lang='lat' dir='ltr'><strong>Quia</strong></span> <span class='ocrx_word' id='word_1_361' title='bbox 1350 3871 1415 3956; x_wconf 52' lang='lat' dir='ltr'><strong>jurei</strong></span> 
     </span>
     <span class='ocr_line' id='line_1_44' title="bbox 358 3957 1419 4019; baseline -0.013 0"><span class='ocrx_word' id='word_1_362' title='bbox 358 3971 454 4019; x_wconf 81' lang='lat' dir='ltr'><strong>Maroae</strong></span> <span class='ocrx_word' id='word_1_363' title='bbox 466 3973 583 4013; x_wconf 74' lang='lat' dir='ltr'><strong>nostrates</strong></span> <span class='ocrx_word' id='word_1_364' title='bbox 595 3967 618 4014; x_wconf 78' lang='grc'><strong>7.</strong></span> <span class='ocrx_word' id='word_1_365' title='bbox 634 3979 691 4012; x_wconf 87' lang='lat' dir='ltr'><strong>cum</strong></span> <span class='ocrx_word' id='word_1_366' title='bbox 706 3965 837 4012; x_wconf 84' lang='lat' dir='ltr'><strong>sexanoiia</strong></span> <span class='ocrx_word' id='word_1_367' title='bbox 846 3971 872 4009; x_wconf 90' lang='lat' dir='ltr'><strong>et</strong></span> <span class='ocrx_word' id='word_1_368' title='bbox 903 3967 970 4008; x_wconf 79' lang='lat' dir='ltr'><strong>vernt</strong></span> <span class='ocrx_word' id='word_1_369' title='bbox 986 3975 1012 4008; x_wconf 84' lang='lat' dir='ltr'><strong>ae</strong></span> <span class='ocrx_word' id='word_1_370' title='bbox 1030 3963 1056 4007; x_wconf 91' lang='lat' dir='ltr'><strong>in</strong></span> <span class='ocrx_word' id='word_1_371' title='bbox 1079 3969 1157 4008; x_wconf 84' lang='lat' dir='ltr'><strong>caetra</strong></span> <span class='ocrx_word' id='word_1_372' title='bbox 1178 3963 1311 4010; x_wconf 79' lang='lat' dir='ltr'><strong>Annibalis</strong></span> <span class='ocrx_word' id='word_1_373' title='bbox 1331 3957 1419 4006; x_wconf 80' lang='lat' dir='ltr'><strong>reditu·</strong></span> 
     </span>
     <span class='ocr_line' id='line_1_45' title="bbox 356 4024 1417 4086; baseline -0.013 -5"><span class='ocrx_word' id='word_1_374' title='bbox 356 4033 490 4083; x_wconf 70' lang='lat' dir='ltr'><strong>moneta.</strong></span> <span class='ocrx_word' id='word_1_375' title='bbox 902 4039 968 4083; x_wconf 88' lang='lat' dir='ltr'><strong>rum,</strong></span> <span class='ocrx_word' id='word_1_376' title='bbox 989 4026 1191 4086; x_wconf 82' lang='lat' dir='ltr'><strong>interpretabatur</strong></span> <span class='ocrx_word' id='word_1_377' title='bbox 1212 4037 1240 4072; x_wconf 80' lang='lat' dir='ltr'><strong>ae</strong></span> <span class='ocrx_word' id='word_1_378' title='bbox 1264 4024 1417 4072; x_wconf 71' lang='lat' dir='ltr'><strong>fraudulento</strong></span> 
     </span>
    </p>

    <p class='ocr_par' dir='ltr' id='par_1_25' title="bbox 352 4083 1418 4352">
     <span class='ocr_line' id='line_1_46' title="bbox 388 4083 1418 4158; baseline -0.01 -14"><span class='ocrx_word' id='word_1_379' title='bbox 388 4097 420 4144; x_wconf 78' lang='lat'><strong>92</strong></span> <span class='ocrx_word' id='word_1_380' title='bbox 441 4096 508 4143; x_wconf 82' lang='lat' dir='ltr'><strong>Velut</strong></span> <span class='ocrx_word' id='word_1_381' title='bbox 526 4093 627 4158; x_wconf 76' lang='lat' dir='ltr'><strong>aliquid]</strong></span> <span class='ocrx_word' id='word_1_382' title='bbox 651 4093 708 4141; x_wconf 84' lang='lat' dir='ltr'><strong>Put.</strong></span> <span class='ocrx_word' id='word_1_383' title='bbox 729 4091 791 4138; x_wconf 76' lang='lat' dir='ltr'><strong>uelat</strong></span> <span class='ocrx_word' id='word_1_384' title='bbox 813 4091 872 4138; x_wconf 80' lang='lat' dir='ltr'><strong>illud</strong></span> <span class='ocrx_word' id='word_1_385' title='bbox 902 4091 945 4138; x_wconf 89' lang='lat' dir='ltr'><strong>illo</strong></span> <span class='ocrx_word' id='word_1_386' title='bbox 966 4091 1044 4137; x_wconf 87' lang='lat' dir='ltr'><strong>reditu</strong></span> <span class='ocrx_word' id='word_1_387' title='bbox 1061 4086 1220 4152; x_wconf 85' lang='lat' dir='ltr'><strong>jurisjurandi</strong></span> <span class='ocrx_word' id='word_1_388' title='bbox 1244 4091 1320 4136; x_wconf 80' lang='lat' dir='ltr'><strong>fidem</strong></span> <span class='ocrx_word' id='word_1_389' title='bbox 1341 4083 1418 4133; x_wconf 68' lang='lat' dir='ltr'><strong>eml-</strong></span> 
     </span>
     <span class='ocr_line' id='line_1_47' title="bbox 354 4156 1230 4222; baseline -0.013 -13"><span class='ocrx_word' id='word_1_390' title='bbox 354 4160 451 4222; x_wconf 78' lang='lat' dir='ltr'><strong>olr&#39;quld.</strong></span> <span class='ocrx_word' id='word_1_391' title='bbox 484 4161 605 4207; x_wconf 84' lang='lat' dir='ltr'><strong>Consonat</strong></span> <span class='ocrx_word' id='word_1_392' title='bbox 622 4157 868 4218; x_wconf 80' lang='lat' dir='ltr'><strong>fidissimureregiis.</strong></span> <span class='ocrx_word' id='word_1_393' title='bbox 901 4156 972 4202; x_wconf 79' lang='lat' dir='ltr'><strong>viere.</strong></span> <span class='ocrx_word' id='word_1_394' title='bbox 1225 4179 1230 4186; x_wconf 91' lang='lat'>·</span> 
     </span>
     <span class='ocr_line' id='line_1_48' title="bbox 355 4211 1418 4287; baseline -0.014 -13"><span class='ocrx_word' id='word_1_395' title='bbox 355 4227 496 4287; x_wconf 71' lang='lat' dir='ltr'><strong>aegaeum</strong></span> <span class='ocrx_word' id='word_1_396' title='bbox 513 4221 649 4272; x_wconf 84' lang='lat' dir='ltr'><strong>Gronovio:</strong></span> <span class='ocrx_word' id='word_1_397' title='bbox 675 4222 738 4269; x_wconf 79' lang='lat' dir='ltr'><strong>odat</strong></span> <span class='ocrx_word' id='word_1_398' title='bbox 756 4221 806 4268; x_wconf 76' lang='lat' dir='ltr'><strong>illie</strong></span> <span class='ocrx_word' id='word_1_399' title='bbox 824 4221 867 4267; x_wconf 76' lang='lat' dir='ltr'><strong>all·</strong></span> <span class='ocrx_word' id='word_1_400' title='bbox 933 4219 966 4266; x_wconf 75' lang='lat' dir='ltr'><strong>ut</strong></span> <span class='ocrx_word' id='word_1_401' title='bbox 981 4219 1112 4284; x_wconf 69' lang='lat' dir='ltr'><strong>Nostram]</strong></span> <span class='ocrx_word' id='word_1_402' title='bbox 1128 4220 1208 4280; x_wconf 74' lang='lat' dir='ltr'><strong>Vulgo</strong></span> <span class='ocrx_word' id='word_1_403' title='bbox 1219 4217 1335 4265; x_wconf 63' lang='lat' dir='ltr'><strong>amram.</strong></span> <span class='ocrx_word' id='word_1_404' title='bbox 1361 4211 1418 4259; x_wconf 81' lang='lat' dir='ltr'><strong>Mu·</strong></span> 
     </span>
     <span class='ocr_line' id='line_1_49' title="bbox 352 4278 1418 4352; baseline -0.012 -16"><span class='ocrx_word' id='word_1_405' title='bbox 352 4289 512 4352; x_wconf 62' lang='lat' dir='ltr'><strong>molibus.</strong></span> <span class='ocrx_word' id='word_1_406' title='bbox 901 4285 963 4330; x_wconf 86' lang='lat' dir='ltr'><strong>tavit</strong></span> <span class='ocrx_word' id='word_1_407' title='bbox 988 4284 1076 4330; x_wconf 84' lang='lat' dir='ltr'><strong>merito</strong></span> <span class='ocrx_word' id='word_1_408' title='bbox 1098 4283 1252 4331; x_wconf 76' lang='lat' dir='ltr'><strong>Gronovius:</strong></span> <span class='ocrx_word' id='word_1_409' title='bbox 1287 4287 1314 4329; x_wconf 79' lang='lat' dir='ltr'><strong>et</strong></span> <span class='ocrx_word' id='word_1_410' title='bbox 1341 4278 1418 4326; x_wconf 79' lang='lat' dir='ltr'><strong>armat</strong></span> 
     </span>
    </p>
   </div>
   <div class='ocr_carea' id='block_1_11' title="bbox 386 4349 1167 4418">
    <p class='ocr_par' dir='ltr' id='par_1_26' title="bbox 386 4349 1167 4418">
     <span class='ocr_line' id='line_1_50' title="bbox 386 4349 1167 4418; baseline -0.009 -16"><span class='ocrx_word' id='word_1_411' title='bbox 386 4349 616 4418; x_wconf 76' lang='lat' dir='ltr'><strong>98⁸·1arlrjaraadr&#39;</strong></span> <span class='ocrx_word' id='word_1_412' title='bbox 655 4349 757 4400; x_wconf 81' lang='lat' dir='ltr'><strong>rduendr‘</strong></span> <span class='ocrx_word' id='word_1_413' title='bbox 799 4363 867 4398; x_wconf 77' lang='lat' dir='ltr'><strong>eoam</strong></span> <span class='ocrx_word' id='word_1_414' title='bbox 901 4349 1088 4396; x_wconf 80' lang='lat' dir='ltr'><strong>unusenoatrir</strong></span> <span class='ocrx_word' id='word_1_415' title='bbox 1097 4349 1167 4397; x_wconf 87' lang='lat' dir='ltr'><strong>codd.</strong></span> 
     </span>
    </p>
   </div>
   <div class='ocr_carea' id='block_1_12' title="bbox 0 0 1528 4972">
    <p class='ocr_par' dir='ltr' id='par_1_27' title="bbox 0 0 1528 4972">
     <span class='ocr_line' id='line_1_51' title="bbox 0 0 1528 4972; baseline 0 0"><span class='ocrx_word' id='word_1_416' title='bbox 0 0 1528 4972; x_wconf 95' lang='lat' dir='ltr'><strong> </strong></span> 
     </span>
    </p>
   </div>
  </div>
 </body>
</html>
