3064 4976
309 457 596 576 asmona
622 459 798 546 unm
824 461 973 550 xxa.

543 703 739 747 *Φ*

107 891 396 988 HANNIBAL,
424 933 478 992 per
510 910 666 975 continuas
693 911 816 998 vigilias
843 915 874 978 in
905 917 1066 1006 paludibus
1093 921 1178 984 oeulis

106 996 227 1074 omaso,
242 998 366 1062 venitin
378 997 538 1062 Etruriam
548 1025 559 1060 .·
580 1019 634 1080 per
647 1018 724 1082 quas
734 999 863 1080 paludes
872 1003 1032 1086 quatriduo
1044 999 1071 1068 et
1083 1007 1179 1071 tribas

106 1084 244 1147 noctibus
257 1085 322 1147 sine
339 1084 404 1147 ulla
417 1084 518 1168 requie
530 1085 589 1148 iter
600 1082 690 1165 fecit.
736 1086 771 1149 C.
787 1087 954 1152 Flaminius
967 1092 1077 1170 torisul,
1093 1092 1179 1156 homo

107 1171 298 1248 temerarias,
315 1180 418 1236 contm
432 1171 567 1253 samaia
579 1167 739 1252 prrp‘ectns,
754 1171 849 1258 signis
862 1175 1038 1239 militaribus
1052 1179 1178 1265 ffissis,

108 1277 177 1338 qna
188 1257 256 1320 tolli
266 1279 327 1321 non
338 1267 487 1339 poterant,
500 1267 530 1320 et
541 1258 580 1322 ab
595 1278 680 1340 equo,
693 1279 778 1342 qrcern
790 1262 1009 1339 conscenderat,
1021 1285 1078 1344 per
1090 1274 1179 1346 capnt

110 1343 277 1418 deuolutus,
292 1344 409 1408 insidiis
422 1345 462 1408 ab
476 1343 655 1408 Hannibale
668 1344 893 1424 circumventis,
910 1349 953 1410 ad
972 1349 1179 1414 sllasimenum

113 1427 209 1492 laeum
223 1452 292 1494 eam
307 1431 438 1494 erereitn
453 1451 545 1494 cresus
558 1439 614 1496 esl.
657 1429 717 1494 Seu
733 1431 837 1508 millia,
853 1454 921 1517 qiua
935 1435 1180 1517 eruperantfide

110 1515 151 1578 ab
164 1516 354 1582 Maharbale
376 1519 463 1594 data,
483 1515 609 1598 perfidia
624 1515 811 1580 Hannibalis
831 1521 936 1584 vincta
956 1531 1035 1587 sant.
1082 1525 1178 1598 Quum

110 1603 153 1665 ad
165 1604 304 1668 uacum
319 1604 416 1668 cladis
426 1603 537 1668 Roma
552 1602 643 1666 lactus
653 1611 739 1682 esset,
753 1605 824 1666 duce
837 1615 957 1684 matres,
974 1629 1014 1672 ec
1025 1608 1179 1692 insperato

109 1690 237 1770 receptis
240 1689 331 1770 filiis,
345 1691 463 1775 gaudio
475 1697 600 1752 mortua
619 1697 699 1752 sunt.
746 1688 793 1754 Ob
809 1690 887 1756 bana
900 1693 1016 1758 cladem
1030 1717 1069 1758 ea
1081 1697 1179 1782 Sibyl·

115 1775 186 1838 linis
200 1775 281 1840 libris
294 1797 348 1841 oer
359 1797 477 1840 sacrum
490 1784 600 1840 aotam.
648 1773 752 1850 murum
767 1777 876 1842 deinde
889 1777 930 1854 Q„
943 1781 1058 1844 Fabius
1068 1781 1179 1846 Masi·

115 1862 333 1942 misdictum,
348 1865 492 1926 adrasus
505 1861 715 1927 Hannibalem
736 1862 853 1940 missia,
869 1865 961 1930 nollet
975 1867 1039 1932 acie
1059 1889 1128 1932 cum
1142 1891 1178 1934 eo

113 1948 284 2035 confligere,
299 1970 348 2025 ne,
365 1945 608 2030 contraferooem
624 1957 668 2010 tot
688 1948 820 2014 uictoriis
831 1951 957 2034 bostem,
972 1954 1109 2018 territum
1121 1959 1178 2021 ad·

111 2035 206 2097 uersis
212 2034 335 2118 proeliis
348 2034 471 2098 militem
477 2055 591 2120 ,pugna
605 2034 812 2113 committeret,
827 2047 867 2114 et,
879 2039 1051 2121 obponenda
1063 2063 1096 2106 se
1109 2052 1178 2107 tan·

112 2123 272 2200 lummada,
289 2131 414 2185 eonalns
429 2120 613 2186 Hannibalis
631 2121 800 2205 inpediret:
824 2124 873 2187 M.
889 2124 1047 2190 Minucius
1060 2128 1178 2214 magie-

114 2215 156 2270 ter
176 2207 321 2292 equitnm
329 2206 426 2291 seron
442 2217 471 2270 et
490 2208 676 2284 temerarius,
692 2207 878 2273 criminando
900 2211 1078 2276 dictatorem
1099 2223 1178 2278 tam·

113 2314 202 2376 quam
217 2316 341 2380 segnem
363 2305 392 2358 et
408 2293 556 2373 timidam,
572 2293 678 2380 effecit,
694 2303 728 2357 nt
748 2295 853 2376 populi
863 2295 955 2379 jussu
970 2309 1136 2382 oeqaaretm
1150 2302 1178 2364 ei

114 2402 177 2461 mm
190 2381 342 2446 dictatore
355 2380 511 2463 imperinm
517 2415 530 2453 ,·
554 2381 701 2464 mammae
715 2382 855 2459 exercim,
872 2381 987 2467 ¹quum
1000 2385 1100 2470 iniqua
1116 2385 1178 2451 loao

113 2468 305 2553 mustiaisset,
321 2477 352 2532 et
373 2469 405 2531 in
422 2467 556 2530 marimo
577 2465 747 2531 discrimine
762 2467 895 2552 legiones
916 2467 981 2554 ejus
1002 2482 1108 2550 essent,
1127 2495 1179 2538 sn·

108 2556 301 2634 perveniente
320 2575 388 2618 eum
408 2554 539 2618 meraitu
556 2553 655 2617 Fabio
677 2553 822 2618 Monimo
846 2555 1016 2622 discrimine
1038 2558 1180 2626 liberatus

114 2651 165 2706 est.
180 2664 244 2726 qua
256 2641 397 2722 beneficio
406 2643 506 2706 nictus
515 2649 617 2705 castra
629 2660 695 2704 aem
707 2638 862 2725 eajunait,
875 2652 904 2706 et
915 2655 1037 2727 patrem
1049 2667 1115 2710 eam
1128 2669 1180 2712 sa·

115 2728 245 2805 lituum,-
279 2729 415 2812 idemque
434 2724 544 2807 facere
571 2725 681 2790 milites
699 2724 807 2811 jussit.
851 2729 1025 2810 Hannibal,
1054 2742 1182 2798 vastata

115 2815 295 2897 Campania,
318 2815 396 2878 inter
411 2813 577 2878 Casilinum
599 2812 741 2894 oppidum
761 2824 792 2877 et
807 2815 985 2880 Calliculam
1007 2830 1138 2884 montem
1159 2841 1181 2884 a

115 2901 214 2965 Fabio
228 2903 358 2978 clausus,
373 2901 533 2965 sannentis
547 2899 590 2963 ad
608 2920 721 2964 wenna
736 2900 821 2964 boum
836 2901 986 2988 adligatis
999 2915 1029 2968 et
1044 2905 1179 2986 incensis,
1304 2941 1309 2948 ·

115 2988 290 3068 presidium
313 2988 528 3064 Romanarum,
547 2985 630 3070 ‚qaod
653 2983 834 3050 Calliculam
853 2988 1013 3068 insidebat,
1030 2989 1179 3078 fugavit.-

116 3083 143 3136 et
156 3075 200 3138 sie
214 3085 423 3159 transgressis
444 3083 488 3137 est
508 3073 632 3136 saltum.
653 3072 790 3158 mamque
806 3075 844 3148 Q.
859 3075 950 3139 Fabii
965 3077 1104 3143 Maaimi
1117 3080 1181 3144 dic·

115 3161 229 3238 tatoris,
246 3183 338 3245 quum
359 3158 566 3243 circumposita
580 3167 687 3236 ureret,
703 3179 782 3244 agro
794 3162 935 3242 pepercit,
949 3173 983 3228 at
996 3165 1079 3230 illum
1103 3175 1182 3230 tam·

116 3268 203 3329 piam
216 3248 403 3330 proditorem
416 3255 584 3329 suspectum
590 3243 724 3327 faceret.
768 3247 892 3311 AEmilio
906 3251 1013 3315 deinde
1025 3253 1141 3316 Paullo
1151 3262 1182 3317 et

120 3335 258 3398 Terentio
280 3335 412 3398 Varrone
423 3332 591 3399 consulibus
609 3341 640 3395 et
653 3331 785 3409 ducibm,
798 3353 865 3396 enm
878 3336 1014 3401 maxima
1024 3339 1112 3404 clade
1125 3342 1182 3404 ad·

114 3442 213 3484 aeram
228 3420 433 3485 [iannibalem
445 3421 488 3484 ad
500 3420 622 3483 Cannas
631 3427 802 3502 pugnatum
819 3428 884 3483 est:
908 3442 1045 3508 rasaque
1056 3447 1093 3496 eo
1100 3445 1182 3507 prae·

116 3507 155 3571 lio
168 3508 382 3571 &manorum
403 3504 753 3590 quadragintaquinque
774 3505 880 3584 millia,
896 3529 963 3571 cum
977 3510 1095 3574 Paullo·
1112 3533 1182 3576 con·

114 3594 175 3658 sule
197 3605 228 3658 et
250 3593 435 3658 senatoribus
456 3592 620 3678 octoginta,
636 3591 838 3656 consularibus
859 3603 949 3679 atque
967 3597 1113 3676 pretoriis
1127 3608 1182 3663 aut

116 3681 251 3745 adilieiis
261 3680 396 3764 triginta.
412 3691 417 3704 ¹
442 3681 518 3743 Post
534 3699 626 3762 qaam
636 3676 752 3741 cladem
767 3700 858 3762 qnam
869 3701 890 3744 o
904 3682 1049 3746 nobilibus
1063 3685 1181 3750 adoles-

116 3768 248 3830 centibus
267 3776 387 3850 propter
401 3764 637 3848 desperationem
658 3764 809 3828 eonsilium
825 3767 864 3828 de
876 3767 1071 3854 relinquenda
1084 3772 1181 3837 Italia

115 3853 248 3931 iniretur,
265 3855 306 3918 P.
324 3851 483 3917 Cornelius
503 3851 603 3934 Scipio
626 3849 758 3916 tribunus
779 3853 914 3929 militum,
938 3856 992 3939 qui
1009 3867 1116 3938 postea
1136 3861 1181 3924 A·

109 3937 250 4019 fricantes
262 3947 453 4021 nuncupatas
466 3949 518 4016 est,
533 3937 634 4000 stricto
654 3957 744 4018 super
758 3940 864 4020 capita
878 3940 1105 4007 deliberantium
1112 3943 1181 4027 ser·

118 4046 159 4106 ro,
165 4025 297 4110 juravit,
313 4047 346 4089 se
357 4047 414 4109 pro
430 4025 514 4087 hoste
535 4023 705 4087 habitarum
720 4045 797 4101 eum,
813 4026 866 4111 qui
882 4027 914 4092 in
935 4030 1025 4094 amba
1046 4052 1101 4096 sna
1122 4053 1182 4096 nan

153 4246 261 4304 lQuam
279 4249 359 4308 trrlpuo
376 4245 435 4310 loeo]
469 4244 571 4306 Vulgari
589 4245 632 4291 hu·
664 4245 907 4308 abessesigoniuaet
923 4249 1035 4300 Sanctius
1051 4257 1180 4307 testentur,

123 4311 292 4372 beniquumr'n
303 4314 394 4373 iniquo.
426 4310 544 4356 inutilem
560 4317 586 4357 et
597 4311 632 4356 in·
665 4311 817 4359 sustulimus.

124 4361 658 4436 mnmhicroculam,quemeven.libn'
746 4449 766 4504 4

289 4465 295 4472 '
711 4459 731 4504 F
