<?xml version="1.0" encoding="UTF-8"?>
<!DOCTYPE html PUBLIC "-//W3C//DTD XHTML 1.0 Transitional//EN"
    "http://www.w3.org/TR/xhtml1/DTD/xhtml1-transitional.dtd">
<html xmlns="http://www.w3.org/1999/xhtml" xml:lang="en" lang="en">
 <head>
  <title>
</title>
<meta http-equiv="Content-Type" content="text/html;charset=utf-8" />
  <meta name='ocr-system' content='tesseract 3.04.00' />
  <meta name='ocr-capabilities' content='ocr_page ocr_carea ocr_par ocr_line ocrx_word'/>
</head>
<body>
  <div class='ocr_page' id='page_1' title='image "./tliviipatavinih00crevgoog/tliviipatavinih00crevgoog_0359.png"; bbox 0 0 3122 4962; ppageno 0'>
   <div class='ocr_carea' id='block_1_1' title="bbox 370 181 1044 278">
    <p class='ocr_par' dir='ltr' id='par_1_1' title="bbox 370 181 1044 278">
     <span class='ocr_line' id='line_1_1' title="bbox 370 181 1044 278; baseline -0.004 -31"><span class='ocrx_word' id='word_1_1' title='bbox 370 188 430 249; x_wconf 80' lang='lat' dir='ltr'><strong>sss</strong></span> <span class='ocrx_word' id='word_1_2' title='bbox 765 182 879 278; x_wconf 72' lang='lat' dir='ltr'><strong>q1r1</strong></span> <span class='ocrx_word' id='word_1_3' title='bbox 907 181 1044 247; x_wconf 76' lang='lat' dir='ltr'><strong>srvit</strong></span> 
     </span>
    </p>
   </div>
   <div class='ocr_carea' id='block_1_2' title="bbox 200 344 1433 3026">
    <p class='ocr_par' dir='ltr' id='par_1_2' title="bbox 210 344 1432 699">
     <span class='ocr_line' id='line_1_2' title="bbox 210 344 1432 438; baseline 0.002 -24"><span class='ocrx_word' id='word_1_4' title='bbox 210 371 241 430; x_wconf 77' lang='lat' dir='ltr'><strong>n,</strong></span> <span class='ocrx_word' id='word_1_5' title='bbox 251 371 281 424; x_wconf 73' lang='lat' dir='ltr'><strong>n</strong></span> <span class='ocrx_word' id='word_1_6' title='bbox 290 371 349 430; x_wconf 62' lang='lat' dir='ltr'><strong>aas.</strong></span> <span class='ocrx_word' id='word_1_7' title='bbox 369 344 471 433; x_wconf 61' lang='lat' dir='ltr'><strong>repsi</strong></span> <span class='ocrx_word' id='word_1_8' title='bbox 484 358 679 428; x_wconf 70' lang='lat' dir='ltr'><strong>commestus</strong></span> <span class='ocrx_word' id='word_1_9' title='bbox 693 369 822 435; x_wconf 80' lang='lat' dir='ltr'><strong>quoque</strong></span> <span class='ocrx_word' id='word_1_10' title='bbox 836 346 993 430; x_wconf 87' lang='lat' dir='ltr'><strong>hostibus,</strong></span> <span class='ocrx_word' id='word_1_11' title='bbox 1007 347 1150 416; x_wconf 80' lang='lat' dir='ltr'><strong>siuausli</strong></span> <span class='ocrx_word' id='word_1_12' title='bbox 1173 348 1288 434; x_wconf 84' lang='lat' dir='ltr'><strong>proeiio</strong></span> <span class='ocrx_word' id='word_1_13' title='bbox 1308 373 1432 438; x_wconf 86' lang='lat' dir='ltr'><strong>posses·</strong></span> 
     </span>
     <span class='ocr_line' id='line_1_3' title="bbox 210 433 1430 516; baseline 0.007 -20"><span class='ocrx_word' id='word_1_14' title='bbox 210 437 348 496; x_wconf 67' lang='lat' dir='ltr'><strong>nortu.</strong></span> <span class='ocrx_word' id='word_1_15' title='bbox 370 433 491 502; x_wconf 84' lang='lat' dir='ltr'><strong>sionem</strong></span> <span class='ocrx_word' id='word_1_16' title='bbox 514 435 611 512; x_wconf 84' lang='lat' dir='ltr'><strong>maris</strong></span> <span class='ocrx_word' id='word_1_17' title='bbox 635 433 835 511; x_wconf 77' lang='lat' dir='ltr'><strong>ademissent,</strong></span> <span class='ocrx_word' id='word_1_18' title='bbox 859 433 1123 502; x_wconf 68' lang='lat' dir='ltr'><strong>inuramuross:</strong></span> <span class='ocrx_word' id='word_1_19' title='bbox 1147 434 1294 516; x_wconf 84' lang='lat' dir='ltr'><strong>Romani,</strong></span> <span class='ocrx_word' id='word_1_20' title='bbox 1318 453 1430 516; x_wconf 60' lang='lat' dir='ltr'><strong>utre-</strong></span> 
     </span>
     <span class='ocr_line' id='line_1_4' title="bbox 370 519 1431 621; baseline 0.002 -31"><span class='ocrx_word' id='word_1_21' title='bbox 370 532 457 599; x_wconf 79' lang='lat' dir='ltr'><strong>tenta</strong></span> <span class='ocrx_word' id='word_1_22' title='bbox 479 521 672 621; x_wconf 86' lang='lat' dir='ltr'><strong>ppssessione</strong></span> <span class='ocrx_word' id='word_1_23' title='bbox 691 521 782 599; x_wconf 88' lang='lat' dir='ltr'><strong>arcis,</strong></span> <span class='ocrx_word' id='word_1_24' title='bbox 798 519 1011 600; x_wconf 76' lang='lat' dir='ltr'><strong>ostenderent,</strong></span> <span class='ocrx_word' id='word_1_25' title='bbox 1028 544 1093 587; x_wconf 90' lang='lat' dir='ltr'><strong>nou</strong></span> <span class='ocrx_word' id='word_1_26' title='bbox 1115 521 1146 587; x_wconf 89' lang='lat' dir='ltr'><strong>vi</strong></span> <span class='ocrx_word' id='word_1_27' title='bbox 1163 538 1221 588; x_wconf 84' lang='lat' dir='ltr'><strong>aut</strong></span> <span class='ocrx_word' id='word_1_28' title='bbox 1235 524 1362 602; x_wconf 87' lang='lat' dir='ltr'><strong>virtute,</strong></span> <span class='ocrx_word' id='word_1_29' title='bbox 1377 526 1431 592; x_wconf 84' lang='lat' dir='ltr'><strong>sed</strong></span> 
     </span>
     <span class='ocr_line' id='line_1_5' title="bbox 367 606 1431 699; baseline 0.007 -28"><span class='ocrx_word' id='word_1_30' title='bbox 367 607 551 692; x_wconf 79' lang='lat' dir='ltr'><strong>proditione</strong></span> <span class='ocrx_word' id='word_1_31' title='bbox 565 629 602 672; x_wconf 89' lang='lat' dir='ltr'><strong>ao</strong></span> <span class='ocrx_word' id='word_1_32' title='bbox 615 606 711 686; x_wconf 83' lang='lat' dir='ltr'><strong>furto,</strong></span> <span class='ocrx_word' id='word_1_33' title='bbox 724 606 901 672; x_wconf 77' lang='lat' dir='ltr'><strong>Tarentum</strong></span> <span class='ocrx_word' id='word_1_34' title='bbox 912 609 1073 673; x_wconf 86' lang='lat' dir='ltr'><strong>amissum.</strong></span> <span class='ocrx_word' id='word_1_35' title='bbox 1116 608 1230 696; x_wconf 86' lang='lat' dir='ltr'><strong>Itaque</strong></span> <span class='ocrx_word' id='word_1_36' title='bbox 1243 633 1284 676; x_wconf 83' lang='lat' dir='ltr'><strong>ex</strong></span> <span class='ocrx_word' id='word_1_37' title='bbox 1297 624 1431 699; x_wconf 87' lang='lat' dir='ltr'><strong>utraque</strong></span> 
     </span>
    </p>

    <p class='ocr_par' dir='ltr' id='par_1_3' title="bbox 369 693 1430 794">
     <span class='ocr_line' id='line_1_6' title="bbox 369 693 1430 794; baseline 0.004 -35"><span class='ocrx_word' id='word_1_38' title='bbox 369 704 461 778; x_wconf 85' lang='lat' dir='ltr'><strong>parte</strong></span> <span class='ocrx_word' id='word_1_39' title='bbox 485 693 578 794; x_wconf 91' lang='lat' dir='ltr'><strong>siguo</strong></span> <span class='ocrx_word' id='word_1_40' title='bbox 600 693 675 762; x_wconf 87' lang='lat' dir='ltr'><strong>dato</strong></span> <span class='ocrx_word' id='word_1_41' title='bbox 701 715 799 780; x_wconf 90' lang='lat' dir='ltr'><strong>quum</strong></span> <span class='ocrx_word' id='word_1_42' title='bbox 821 693 931 758; x_wconf 88' lang='lat' dir='ltr'><strong>rostris</strong></span> <span class='ocrx_word' id='word_1_43' title='bbox 951 693 1194 774; x_wconf 78' lang='lat' dir='ltr'><strong>concurrissent,</strong></span> <span class='ocrx_word' id='word_1_44' title='bbox 1216 717 1321 782; x_wconf 90' lang='lat' dir='ltr'><strong>oeque</strong></span> <span class='ocrx_word' id='word_1_45' title='bbox 1345 711 1430 763; x_wconf 88' lang='lat' dir='ltr'><strong>retro</strong></span> 
     </span>
    </p>

    <p class='ocr_par' dir='ltr' id='par_1_4' title="bbox 369 779 1429 867">
     <span class='ocr_line' id='line_1_7' title="bbox 369 779 1429 867; baseline 0.004 -23"><span class='ocrx_word' id='word_1_46' title='bbox 369 800 483 858; x_wconf 72' lang='lat' dir='ltr'><strong>navem</strong></span> <span class='ocrx_word' id='word_1_47' title='bbox 512 779 704 857; x_wconf 77' lang='lat' dir='ltr'><strong>inhiberent,</strong></span> <span class='ocrx_word' id='word_1_48' title='bbox 730 801 790 845; x_wconf 86' lang='lat' dir='ltr'><strong>nec</strong></span> <span class='ocrx_word' id='word_1_49' title='bbox 817 779 925 846; x_wconf 86' lang='lat' dir='ltr'><strong>dirimi</strong></span> <span class='ocrx_word' id='word_1_50' title='bbox 954 783 994 846; x_wconf 89' lang='lat' dir='ltr'><strong>ab</strong></span> <span class='ocrx_word' id='word_1_51' title='bbox 1023 803 1057 844; x_wconf 88' lang='lat' dir='ltr'><strong>se</strong></span> <span class='ocrx_word' id='word_1_52' title='bbox 1084 780 1208 848; x_wconf 87' lang='lat' dir='ltr'><strong>bostem</strong></span> <span class='ocrx_word' id='word_1_53' title='bbox 1237 795 1429 867; x_wconf 85' lang='lat' dir='ltr'><strong>paterentur,</strong></span> 
     </span>
    </p>

    <p class='ocr_par' dir='ltr' id='par_1_5' title="bbox 368 863 1433 1040">
     <span class='ocr_line' id='line_1_8' title="bbox 368 863 1433 954; baseline 0.008 -25"><span class='ocrx_word' id='word_1_54' title='bbox 368 863 488 951; x_wconf 52' lang='lat' dir='ltr'><strong>iquam</strong></span> <span class='ocrx_word' id='word_1_55' title='bbox 512 868 583 953; x_wconf 89' lang='lat' dir='ltr'><strong>quis</strong></span> <span class='ocrx_word' id='word_1_56' title='bbox 604 866 751 952; x_wconf 87' lang='lat' dir='ltr'><strong>indeptus</strong></span> <span class='ocrx_word' id='word_1_57' title='bbox 771 887 884 930; x_wconf 87' lang='lat' dir='ltr'><strong>navem</strong></span> <span class='ocrx_word' id='word_1_58' title='bbox 905 880 982 944; x_wconf 86' lang='lat' dir='ltr'><strong>erat,</strong></span> <span class='ocrx_word' id='word_1_59' title='bbox 998 866 1100 932; x_wconf 82' lang='lat' dir='ltr'><strong>ferrea</strong></span> <span class='ocrx_word' id='word_1_60' title='bbox 1121 867 1236 954; x_wconf 86' lang='lat' dir='ltr'><strong>injecta</strong></span> <span class='ocrx_word' id='word_1_61' title='bbox 1251 891 1365 947; x_wconf 82' lang='lat' dir='ltr'><strong>manu3</strong></span> <span class='ocrx_word' id='word_1_62' title='bbox 1387 871 1433 938; x_wconf 83' lang='lat' dir='ltr'><strong>ita</strong></span> 
     </span>
     <span class='ocr_line' id='line_1_9' title="bbox 369 951 1430 1040; baseline 0.001 -21"><span class='ocrx_word' id='word_1_63' title='bbox 369 951 598 1033; x_wconf 73' lang='lat' dir='ltr'><strong>conserebant·r</strong></span> <span class='ocrx_word' id='word_1_64' title='bbox 610 975 651 1018; x_wconf 85' lang='lat' dir='ltr'><strong>ex</strong></span> <span class='ocrx_word' id='word_1_65' title='bbox 672 953 854 1040; x_wconf 88' lang='lat' dir='ltr'><strong>propinquo</strong></span> <span class='ocrx_word' id='word_1_66' title='bbox 874 973 1025 1038; x_wconf 84' lang='lat' dir='ltr'><strong>pugnam,</strong></span> <span class='ocrx_word' id='word_1_67' title='bbox 1041 966 1158 1018; x_wconf 87' lang='lat' dir='ltr'><strong>utnon</strong></span> <span class='ocrx_word' id='word_1_68' title='bbox 1174 954 1344 1028; x_wconf 82' lang='lat' dir='ltr'><strong>missilibus</strong></span> <span class='ocrx_word' id='word_1_69' title='bbox 1360 970 1430 1022; x_wconf 88' lang='lat' dir='ltr'><strong>tsn-</strong></span> 
     </span>
    </p>

    <p class='ocr_par' dir='ltr' id='par_1_6' title="bbox 365 1038 1428 1127">
     <span class='ocr_line' id='line_1_10' title="bbox 365 1038 1428 1127; baseline 0 -19"><span class='ocrx_word' id='word_1_70' title='bbox 365 1051 460 1120; x_wconf 76' lang='lat' dir='ltr'><strong>tutu,</strong></span> <span class='ocrx_word' id='word_1_71' title='bbox 474 1038 533 1104; x_wconf 89' lang='lat' dir='ltr'><strong>sad</strong></span> <span class='ocrx_word' id='word_1_72' title='bbox 554 1039 672 1127; x_wconf 80' lang='lat' dir='ltr'><strong>gladiis</strong></span> <span class='ocrx_word' id='word_1_73' title='bbox 690 1041 785 1104; x_wconf 90' lang='lat' dir='ltr'><strong>etiam</strong></span> <span class='ocrx_word' id='word_1_74' title='bbox 832 1061 910 1126; x_wconf 90' lang='lat' dir='ltr'><strong>rope</strong></span> <span class='ocrx_word' id='word_1_75' title='bbox 932 1039 1058 1106; x_wconf 86' lang='lat' dir='ltr'><strong>conlato</strong></span> <span class='ocrx_word' id='word_1_76' title='bbox 1082 1039 1161 1125; x_wconf 87' lang='lat' dir='ltr'><strong>pede</strong></span> <span class='ocrx_word' id='word_1_77' title='bbox 1208 1055 1348 1108; x_wconf 81' lang='lat' dir='ltr'><strong>ureretur</strong></span> <span class='ocrx_word' id='word_1_78' title='bbox 1368 1065 1428 1108; x_wconf 86' lang='lat' dir='ltr'><strong>res.</strong></span> 
     </span>
    </p>

    <p class='ocr_par' dir='ltr' id='par_1_7' title="bbox 371 1062 1429 1216">
     <span class='ocr_line' id='line_1_11' title="bbox 371 1062 1429 1216; baseline 0.004 -26"><span class='ocrx_word' id='word_1_79' title='bbox 371 1121 484 1190; x_wconf 85' lang='lat' dir='ltr'><strong>Prorae</strong></span> <span class='ocrx_word' id='word_1_80' title='bbox 505 1126 589 1190; x_wconf 91' lang='lat' dir='ltr'><strong>inter</strong></span> <span class='ocrx_word' id='word_1_81' title='bbox 612 1147 645 1190; x_wconf 90' lang='lat' dir='ltr'><strong>se</strong></span> <span class='ocrx_word' id='word_1_82' title='bbox 661 1125 785 1211; x_wconf 85' lang='lat' dir='ltr'><strong>junctae</strong></span> <span class='ocrx_word' id='word_1_83' title='bbox 805 1062 981 1201; x_wconf 76' lang='lat' dir='ltr'><strong>iiaerebant,</strong></span> <span class='ocrx_word' id='word_1_84' title='bbox 998 1147 1122 1211; x_wconf 77' lang='lat' dir='ltr'><strong>puppes</strong></span> <span class='ocrx_word' id='word_1_85' title='bbox 1137 1125 1162 1164; x_wconf 88' lang='lat'><strong>¹⁰</strong></span> <span class='ocrx_word' id='word_1_86' title='bbox 1170 1064 1276 1192; x_wconf 73' lang='lat' dir='ltr'><strong>aiieuo</strong></span> <span class='ocrx_word' id='word_1_87' title='bbox 1297 1131 1429 1216; x_wconf 90' lang='lat' dir='ltr'><strong>remigio</strong></span> 
     </span>
    </p>

    <p class='ocr_par' dir='ltr' id='par_1_8' title="bbox 205 1209 1428 1473">
     <span class='ocr_line' id='line_1_12' title="bbox 205 1209 1428 1299; baseline 0.002 -22"><span class='ocrx_word' id='word_1_88' title='bbox 205 1287 210 1294; x_wconf 49' lang='grc'><strong><em>,</em></strong></span> <span class='ocrx_word' id='word_1_89' title='bbox 368 1209 677 1299; x_wconf 72' lang='lat' dir='ltr'><strong>circumagebantur.</strong></span> <span class='ocrx_word' id='word_1_90' title='bbox 701 1213 745 1276; x_wconf 90' lang='lat' dir='ltr'><strong>ita</strong></span> <span class='ocrx_word' id='word_1_91' title='bbox 759 1214 790 1276; x_wconf 90' lang='lat' dir='ltr'><strong>in</strong></span> <span class='ocrx_word' id='word_1_92' title='bbox 805 1224 876 1276; x_wconf 86' lang='lat' dir='ltr'><strong>arto</strong></span> <span class='ocrx_word' id='word_1_93' title='bbox 890 1211 1012 1296; x_wconf 74' lang='lat' dir='ltr'><strong>stipatae</strong></span> <span class='ocrx_word' id='word_1_94' title='bbox 1034 1227 1126 1278; x_wconf 86' lang='lat' dir='ltr'><strong>erant</strong></span> <span class='ocrx_word' id='word_1_95' title='bbox 1139 1233 1245 1290; x_wconf 83' lang='lat' dir='ltr'><strong>nates,</strong></span> <span class='ocrx_word' id='word_1_96' title='bbox 1261 1228 1298 1278; x_wconf 90' lang='lat' dir='ltr'><strong>ut</strong></span> <span class='ocrx_word' id='word_1_97' title='bbox 1313 1217 1367 1280; x_wconf 83' lang='lat' dir='ltr'><strong>vix</strong></span> <span class='ocrx_word' id='word_1_98' title='bbox 1383 1216 1428 1280; x_wconf 90' lang='lat' dir='ltr'><strong>ui-</strong></span> 
     </span>
     <span class='ocr_line' id='line_1_13' title="bbox 242 1295 1427 1386; baseline 0.004 -24"><span class='ocrx_word' id='word_1_99' title='bbox 242 1355 245 1362; x_wconf 33' lang='lat'><strong>,</strong></span> <span class='ocrx_word' id='word_1_100' title='bbox 267 1359 271 1364; x_wconf 86' lang='lat'><em>.</em></span> <span class='ocrx_word' id='word_1_101' title='bbox 368 1295 434 1362; x_wconf 87' lang='lat' dir='ltr'><strong>ium</strong></span> <span class='ocrx_word' id='word_1_102' title='bbox 458 1297 555 1368; x_wconf 88' lang='lat' dir='ltr'><strong>telum</strong></span> <span class='ocrx_word' id='word_1_103' title='bbox 570 1297 604 1362; x_wconf 91' lang='lat' dir='ltr'><strong>in</strong></span> <span class='ocrx_word' id='word_1_104' title='bbox 620 1296 700 1362; x_wconf 85' lang='lat' dir='ltr'><strong>mari</strong></span> <span class='ocrx_word' id='word_1_105' title='bbox 715 1319 831 1362; x_wconf 88' lang='lat' dir='ltr'><strong>vanum</strong></span> <span class='ocrx_word' id='word_1_106' title='bbox 856 1298 1069 1364; x_wconf 85' lang='lat' dir='ltr'><strong>intercideret.</strong></span> <span class='ocrx_word' id='word_1_107' title='bbox 1091 1298 1248 1366; x_wconf 86' lang='lat' dir='ltr'><strong>frontibus</strong></span> <span class='ocrx_word' id='word_1_108' title='bbox 1263 1301 1349 1366; x_wconf 88' lang='lat' dir='ltr'><strong>velut</strong></span> <span class='ocrx_word' id='word_1_109' title='bbox 1375 1325 1427 1386; x_wconf 88' lang='lat' dir='ltr'><strong>pe-</strong></span> 
     </span>
     <span class='ocr_line' id='line_1_14' title="bbox 368 1383 1427 1473; baseline 0.004 -25"><span class='ocrx_word' id='word_1_110' title='bbox 368 1383 496 1464; x_wconf 55' lang='lat' dir='ltr'><strong>destris,</strong></span> <span class='ocrx_word' id='word_1_111' title='bbox 510 1385 593 1448; x_wconf 88' lang='lat' dir='ltr'><strong>acies</strong></span> <span class='ocrx_word' id='word_1_112' title='bbox 622 1383 810 1470; x_wconf 87' lang='lat' dir='ltr'><strong>urguebant,</strong></span> <span class='ocrx_word' id='word_1_113' title='bbox 835 1383 859 1422; x_wconf 85' lang='lat'><strong>¹¹</strong></span> <span class='ocrx_word' id='word_1_114' title='bbox 868 1385 1049 1471; x_wconf 85' lang='lat' dir='ltr'><strong>perviaeque</strong></span> <span class='ocrx_word' id='word_1_115' title='bbox 1084 1407 1178 1452; x_wconf 85' lang='lat' dir='ltr'><strong>naves</strong></span> <span class='ocrx_word' id='word_1_116' title='bbox 1237 1389 1427 1473; x_wconf 86' lang='lat' dir='ltr'><strong>ugnantibus</strong></span> 
     </span>
    </p>

    <p class='ocr_par' dir='ltr' id='par_1_9' title="bbox 367 1469 1427 1560">
     <span class='ocr_line' id='line_1_15' title="bbox 367 1469 1427 1560; baseline 0.006 -26"><span class='ocrx_word' id='word_1_117' title='bbox 367 1481 471 1538; x_wconf 87' lang='lat' dir='ltr'><strong>erant.</strong></span> <span class='ocrx_word' id='word_1_118' title='bbox 517 1469 654 1557; x_wconf 84' lang='lat' dir='ltr'><strong>Insignis</strong></span> <span class='ocrx_word' id='word_1_119' title='bbox 667 1483 771 1536; x_wconf 88' lang='lat' dir='ltr'><strong>tamen</strong></span> <span class='ocrx_word' id='word_1_120' title='bbox 780 1471 863 1536; x_wconf 89' lang='lat' dir='ltr'><strong>iuter</strong></span> <span class='ocrx_word' id='word_1_121' title='bbox 874 1485 992 1536; x_wconf 87' lang='lat' dir='ltr'><strong>ceteras</strong></span> <span class='ocrx_word' id='word_1_122' title='bbox 1006 1493 1115 1558; x_wconf 89' lang='lat' dir='ltr'><strong>pugna</strong></span> <span class='ocrx_word' id='word_1_123' title='bbox 1128 1470 1187 1538; x_wconf 85' lang='lat' dir='ltr'><strong>fuit</strong></span> <span class='ocrx_word' id='word_1_124' title='bbox 1222 1495 1345 1558; x_wconf 73' lang='lat' dir='ltr'><strong>uarum,</strong></span> <span class='ocrx_word' id='word_1_125' title='bbox 1356 1498 1427 1560; x_wconf 80' lang='lat' dir='ltr'><strong>quse</strong></span> 
     </span>
    </p>

    <p class='ocr_par' dir='ltr' id='par_1_10' title="bbox 367 1556 1428 1644">
     <span class='ocr_line' id='line_1_16' title="bbox 367 1556 1428 1644; baseline 0.005 -24"><span class='ocrx_word' id='word_1_126' title='bbox 367 1557 482 1640; x_wconf 77' lang='lat' dir='ltr'><strong>primae</strong></span> <span class='ocrx_word' id='word_1_127' title='bbox 507 1556 640 1644; x_wconf 87' lang='lat' dir='ltr'><strong>agminis</strong></span> <span class='ocrx_word' id='word_1_128' title='bbox 665 1570 892 1624; x_wconf 86' lang='lat' dir='ltr'><strong>concurrerant</strong></span> <span class='ocrx_word' id='word_1_129' title='bbox 915 1558 999 1622; x_wconf 88' lang='lat' dir='ltr'><strong>inter</strong></span> <span class='ocrx_word' id='word_1_130' title='bbox 1024 1580 1067 1638; x_wconf 86' lang='lat' dir='ltr'><strong>se,</strong></span> <span class='ocrx_word' id='word_1_131' title='bbox 1112 1557 1152 1622; x_wconf 88' lang='lat' dir='ltr'><strong>In</strong></span> <span class='ocrx_word' id='word_1_132' title='bbox 1176 1558 1322 1624; x_wconf 85' lang='lat' dir='ltr'><strong>Romana</strong></span> <span class='ocrx_word' id='word_1_133' title='bbox 1347 1583 1428 1642; x_wconf 81' lang='lat' dir='ltr'><strong>nave</strong></span> 
     </span>
    </p>

    <p class='ocr_par' dir='ltr' id='par_1_11' title="bbox 204 1641 1428 1904">
     <span class='ocr_line' id='line_1_17' title="bbox 204 1641 1428 1736; baseline 0.001 -26"><span class='ocrx_word' id='word_1_134' title='bbox 204 1652 313 1730; x_wconf 68' lang='lat' dir='ltr'><strong>Quinem</strong></span> <span class='ocrx_word' id='word_1_135' title='bbox 324 1661 349 1722; x_wconf 71' lang='lat' dir='ltr'><strong>et</strong></span> <span class='ocrx_word' id='word_1_136' title='bbox 368 1641 437 1728; x_wconf 81' lang='lat' dir='ltr'><strong>ipsa</strong></span> <span class='ocrx_word' id='word_1_137' title='bbox 447 1642 619 1724; x_wconf 78' lang='lat' dir='ltr'><strong>Quinctius</strong></span> <span class='ocrx_word' id='word_1_138' title='bbox 629 1658 707 1722; x_wconf 87' lang='lat' dir='ltr'><strong>crat,</strong></span> <span class='ocrx_word' id='word_1_139' title='bbox 723 1645 756 1708; x_wconf 91' lang='lat' dir='ltr'><strong>iu</strong></span> <span class='ocrx_word' id='word_1_140' title='bbox 772 1643 947 1724; x_wconf 86' lang='lat' dir='ltr'><strong>Tarentina</strong></span> <span class='ocrx_word' id='word_1_141' title='bbox 959 1643 1051 1722; x_wconf 86' lang='lat' dir='ltr'><strong>Nico,</strong></span> <span class='ocrx_word' id='word_1_142' title='bbox 1064 1645 1116 1709; x_wconf 89' lang='lat' dir='ltr'><strong>cui</strong></span> <span class='ocrx_word' id='word_1_143' title='bbox 1131 1644 1267 1710; x_wconf 83' lang='lat' dir='ltr'><strong>Perconi</strong></span> <span class='ocrx_word' id='word_1_144' title='bbox 1280 1645 1339 1711; x_wconf 89' lang='lat' dir='ltr'><strong>fuit</strong></span> <span class='ocrx_word' id='word_1_145' title='bbox 1352 1670 1428 1736; x_wconf 86' lang='lat' dir='ltr'><strong>cog-</strong></span> 
     </span>
     <span class='ocr_line' id='line_1_18' title="bbox 204 1717 1427 1831; baseline 0.003 -37"><span class='ocrx_word' id='word_1_146' title='bbox 204 1717 327 1831; x_wconf 51' lang='lat' dir='ltr'><strong>Jssgffin</strong></span> <span class='ocrx_word' id='word_1_147' title='bbox 367 1751 495 1812; x_wconf 76' lang='lat' dir='ltr'><strong>nomen,</strong></span> <span class='ocrx_word' id='word_1_148' title='bbox 516 1751 583 1813; x_wconf 87' lang='lat' dir='ltr'><strong>non</strong></span> <span class='ocrx_word' id='word_1_149' title='bbox 606 1729 734 1815; x_wconf 89' lang='lat' dir='ltr'><strong>publico</strong></span> <span class='ocrx_word' id='word_1_150' title='bbox 760 1729 866 1809; x_wconf 88' lang='lat' dir='ltr'><strong>modo,</strong></span> <span class='ocrx_word' id='word_1_151' title='bbox 881 1729 936 1818; x_wconf 70' lang='lat' dir='ltr'><strong>sed</strong></span> <span class='ocrx_word' id='word_1_152' title='bbox 957 1729 1080 1816; x_wconf 81' lang='lat' dir='ltr'><strong>priuato</strong></span> <span class='ocrx_word' id='word_1_153' title='bbox 1102 1731 1196 1795; x_wconf 90' lang='lat' dir='ltr'><strong>etiam</strong></span> <span class='ocrx_word' id='word_1_154' title='bbox 1218 1731 1294 1798; x_wconf 90' lang='lat' dir='ltr'><strong>odio</strong></span> <span class='ocrx_word' id='word_1_155' title='bbox 1308 1733 1427 1800; x_wconf 85' lang='lat' dir='ltr'><strong>invisus</strong></span> 
     </span>
     <span class='ocr_line' id='line_1_19' title="bbox 329 1814 1427 1904; baseline 0.005 -24"><span class='ocrx_word' id='word_1_156' title='bbox 329 1814 335 1826; x_wconf 88' lang='lat'>&#39;</span> <span class='ocrx_word' id='word_1_157' title='bbox 366 1827 462 1902; x_wconf 80' lang='lat' dir='ltr'><strong>atque</strong></span> <span class='ocrx_word' id='word_1_158' title='bbox 483 1815 613 1882; x_wconf 84' lang='lat' dir='ltr'><strong>infestos</strong></span> <span class='ocrx_word' id='word_1_159' title='bbox 629 1817 799 1882; x_wconf 85' lang='lat' dir='ltr'><strong>Romanis:</strong></span> <span class='ocrx_word' id='word_1_160' title='bbox 823 1816 909 1901; x_wconf 82' lang='lat' dir='ltr'><strong>quod</strong></span> <span class='ocrx_word' id='word_1_161' title='bbox 931 1817 997 1902; x_wconf 85' lang='lat' dir='ltr'><strong>ejus</strong></span> <span class='ocrx_word' id='word_1_162' title='bbox 1018 1816 1162 1882; x_wconf 86' lang='lat' dir='ltr'><strong>factionis</strong></span> <span class='ocrx_word' id='word_1_163' title='bbox 1179 1832 1257 1897; x_wconf 87' lang='lat' dir='ltr'><strong>erat,</strong></span> <span class='ocrx_word' id='word_1_164' title='bbox 1274 1842 1347 1904; x_wconf 84' lang='lat' dir='ltr'><strong>qnae</strong></span> <span class='ocrx_word' id='word_1_165' title='bbox 1363 1819 1427 1886; x_wconf 86' lang='lat' dir='ltr'><strong>Ta-</strong></span> 
     </span>
    </p>

    <p class='ocr_par' dir='ltr' id='par_1_12' title="bbox 203 1902 1428 2250">
     <span class='ocr_line' id='line_1_20' title="bbox 203 1902 1427 1990; baseline 0.007 -29"><span class='ocrx_word' id='word_1_166' title='bbox 203 1915 276 1962; x_wconf 76' lang='lat' dir='ltr'><strong>cauu</strong></span> <span class='ocrx_word' id='word_1_167' title='bbox 366 1903 684 1983; x_wconf 76' lang='lat' dir='ltr'><strong>rentumHanuibali</strong></span> <span class='ocrx_word' id='word_1_168' title='bbox 700 1902 895 1987; x_wconf 69' lang='lat' dir='ltr'><strong>prodiderat,</strong></span> <span class='ocrx_word' id='word_1_169' title='bbox 939 1902 1007 1968; x_wconf 92' lang='lat' dir='ltr'><strong>Hic</strong></span> <span class='ocrx_word' id='word_1_170' title='bbox 1022 1902 1220 1982; x_wconf 88' lang='lat' dir='ltr'><strong>Quinotium,</strong></span> <span class='ocrx_word' id='word_1_171' title='bbox 1236 1904 1368 1990; x_wconf 90' lang='lat' dir='ltr'><strong>simulp</strong></span> <span class='ocrx_word' id='word_1_172' title='bbox 1413 1944 1427 1958; x_wconf 91' lang='lat'><em>-</em></span> 
     </span>
     <span class='ocr_line' id='line_1_21' title="bbox 203 1929 1428 2079; baseline 0.003 -25"><span class='ocrx_word' id='word_1_173' title='bbox 203 1979 343 2034; x_wconf 64' lang='lat'><strong>0⁰¹⁰⁶⁸¹⁰⁸⁰</strong></span> <span class='ocrx_word' id='word_1_174' title='bbox 366 2001 494 2054; x_wconf 86' lang='lat' dir='ltr'><strong>nantem</strong></span> <span class='ocrx_word' id='word_1_175' title='bbox 519 1989 765 2075; x_wconf 82' lang='lat' dir='ltr'><strong>hortantemque</strong></span> <span class='ocrx_word' id='word_1_176' title='bbox 787 2011 870 2066; x_wconf 88' lang='lat' dir='ltr'><strong>suos,</strong></span> <span class='ocrx_word' id='word_1_177' title='bbox 885 1989 1047 2054; x_wconf 90' lang='lat' dir='ltr'><strong>incautum</strong></span> <span class='ocrx_word' id='word_1_178' title='bbox 1072 1989 1164 2054; x_wconf 86' lang='lat' dir='ltr'><strong>hasta</strong></span> <span class='ocrx_word' id='word_1_179' title='bbox 1185 1990 1354 2079; x_wconf 85' lang='lat' dir='ltr'><strong>transfigit.</strong></span> <span class='ocrx_word' id='word_1_180' title='bbox 1372 1929 1428 2058; x_wconf 64' lang='lat' dir='ltr'><strong>ide</strong></span> 
     </span>
     <span class='ocr_line' id='line_1_22' title="bbox 365 2073 1426 2163; baseline 0.003 -22"><span class='ocrx_word' id='word_1_181' title='bbox 365 2087 461 2163; x_wconf 84' lang='lat' dir='ltr'><strong>atque</strong></span> <span class='ocrx_word' id='word_1_182' title='bbox 475 2096 617 2162; x_wconf 64' lang='lat' dir='ltr'><strong>praeceps</strong></span> <span class='ocrx_word' id='word_1_183' title='bbox 631 2098 705 2142; x_wconf 87' lang='lat' dir='ltr'><strong>cum</strong></span> <span class='ocrx_word' id='word_1_184' title='bbox 719 2077 814 2141; x_wconf 86' lang='lat' dir='ltr'><strong>armis</strong></span> <span class='ocrx_word' id='word_1_185' title='bbox 828 2073 967 2160; x_wconf 86' lang='lat' dir='ltr'><strong>procidit</strong></span> <span class='ocrx_word' id='word_1_186' title='bbox 986 2088 1060 2140; x_wconf 88' lang='lat' dir='ltr'><strong>ante</strong></span> <span class='ocrx_word' id='word_1_187' title='bbox 1079 2097 1217 2161; x_wconf 89' lang='lat' dir='ltr'><strong>proram.</strong></span> <span class='ocrx_word' id='word_1_188' title='bbox 1239 2077 1341 2142; x_wconf 84' lang='lat' dir='ltr'><strong>victor</strong></span> <span class='ocrx_word' id='word_1_189' title='bbox 1362 2077 1426 2144; x_wconf 82' lang='lat' dir='ltr'><strong>Ta·</strong></span> 
     </span>
     <span class='ocr_line' id='line_1_23' title="bbox 364 2162 1427 2250; baseline 0.004 -24"><span class='ocrx_word' id='word_1_190' title='bbox 364 2162 521 2242; x_wconf 83' lang='lat' dir='ltr'><strong>reatinus,</strong></span> <span class='ocrx_word' id='word_1_191' title='bbox 537 2162 570 2228; x_wconf 90' lang='lat' dir='ltr'><strong>in</strong></span> <span class='ocrx_word' id='word_1_192' title='bbox 586 2163 745 2232; x_wconf 88' lang='lat' dir='ltr'><strong>turbatam</strong></span> <span class='ocrx_word' id='word_1_193' title='bbox 761 2163 840 2244; x_wconf 75' lang='lat' dir='ltr'><strong>duce</strong></span> <span class='ocrx_word' id='word_1_194' title='bbox 853 2163 969 2228; x_wconf 86' lang='lat' dir='ltr'><strong>amisso</strong></span> <span class='ocrx_word' id='word_1_195' title='bbox 984 2183 1096 2227; x_wconf 86' lang='lat' dir='ltr'><strong>navem</strong></span> <span class='ocrx_word' id='word_1_196' title='bbox 1115 2162 1240 2248; x_wconf 82' lang='lat' dir='ltr'><strong>inpigre</strong></span> <span class='ocrx_word' id='word_1_197' title='bbox 1255 2176 1427 2250; x_wconf 88' lang='lat' dir='ltr'><strong>transgres-</strong></span> 
     </span>
    </p>

    <p class='ocr_par' dir='ltr' id='par_1_13' title="bbox 364 2247 1426 2336">
     <span class='ocr_line' id='line_1_24' title="bbox 364 2247 1426 2336; baseline 0.004 -22"><span class='ocrx_word' id='word_1_198' title='bbox 364 2270 427 2330; x_wconf 86' lang='lat' dir='ltr'><strong>sus,</strong></span> <span class='ocrx_word' id='word_1_199' title='bbox 444 2271 542 2336; x_wconf 84' lang='lat' dir='ltr'><strong>quum</strong></span> <span class='ocrx_word' id='word_1_200' title='bbox 565 2249 773 2316; x_wconf 81' lang='lat' dir='ltr'><strong>submovisset</strong></span> <span class='ocrx_word' id='word_1_201' title='bbox 794 2248 911 2325; x_wconf 86' lang='lat' dir='ltr'><strong>hostes,</strong></span> <span class='ocrx_word' id='word_1_202' title='bbox 928 2261 959 2312; x_wconf 89' lang='lat' dir='ltr'><strong>et</strong></span> <span class='ocrx_word' id='word_1_203' title='bbox 980 2270 1075 2333; x_wconf 86' lang='lat' dir='ltr'><strong>prora</strong></span> <span class='ocrx_word' id='word_1_204' title='bbox 1084 2249 1156 2335; x_wconf 86' lang='lat' dir='ltr'><strong>jam</strong></span> <span class='ocrx_word' id='word_1_205' title='bbox 1177 2247 1426 2318; x_wconf 87' lang='lat' dir='ltr'><strong>Tarentinorum</strong></span> 
     </span>
    </p>

    <p class='ocr_par' dir='ltr' id='par_1_14' title="bbox 283 2333 1428 2424">
     <span class='ocr_line' id='line_1_25' title="bbox 283 2333 1428 2424; baseline 0.001 -22"><span class='ocrx_word' id='word_1_206' title='bbox 283 2394 286 2402; x_wconf 80' lang='grc'>,</span> <span class='ocrx_word' id='word_1_207' title='bbox 363 2348 453 2414; x_wconf 87' lang='lat' dir='ltr'><strong>esset,</strong></span> <span class='ocrx_word' id='word_1_208' title='bbox 471 2336 603 2422; x_wconf 87' lang='lat' dir='ltr'><strong>puppim</strong></span> <span class='ocrx_word' id='word_1_209' title='bbox 624 2334 705 2400; x_wconf 87' lang='lat' dir='ltr'><strong>male</strong></span> <span class='ocrx_word' id='word_1_210' title='bbox 726 2333 908 2422; x_wconf 89' lang='lat' dir='ltr'><strong>conglobati</strong></span> <span class='ocrx_word' id='word_1_211' title='bbox 931 2347 1094 2424; x_wconf 81' lang='lat' dir='ltr'><strong>tuerentur</strong></span> <span class='ocrx_word' id='word_1_212' title='bbox 1115 2335 1274 2416; x_wconf 80' lang='lat' dir='ltr'><strong>Romani3</strong></span> <span class='ocrx_word' id='word_1_213' title='bbox 1293 2352 1428 2423; x_wconf 83' lang='lat' dir='ltr'><strong>repente</strong></span> 
     </span>
    </p>

    <p class='ocr_par' dir='ltr' id='par_1_15' title="bbox 200 2419 1429 2855">
     <span class='ocr_line' id='line_1_26' title="bbox 363 2419 1427 2508; baseline 0.001 -21"><span class='ocrx_word' id='word_1_214' title='bbox 363 2437 396 2506; x_wconf 82' lang='lat' dir='ltr'><strong>et</strong></span> <span class='ocrx_word' id='word_1_215' title='bbox 411 2421 506 2502; x_wconf 74' lang='lat' dir='ltr'><strong>alias</strong></span> <span class='ocrx_word' id='word_1_216' title='bbox 520 2421 621 2508; x_wconf 90' lang='lat' dir='ltr'><strong>puppi</strong></span> <span class='ocrx_word' id='word_1_217' title='bbox 632 2421 768 2486; x_wconf 86' lang='lat' dir='ltr'><strong>triremis</strong></span> <span class='ocrx_word' id='word_1_218' title='bbox 782 2420 922 2486; x_wconf 90' lang='lat' dir='ltr'><strong>hostium</strong></span> <span class='ocrx_word' id='word_1_219' title='bbox 939 2419 1097 2504; x_wconf 75' lang='lat' dir='ltr'><strong>adparuit.</strong></span> <span class='ocrx_word' id='word_1_220' title='bbox 1131 2421 1181 2486; x_wconf 90' lang='lat' dir='ltr'><strong>Ita</strong></span> <span class='ocrx_word' id='word_1_221' title='bbox 1195 2421 1228 2486; x_wconf 89' lang='lat' dir='ltr'><strong>in</strong></span> <span class='ocrx_word' id='word_1_222' title='bbox 1245 2421 1351 2488; x_wconf 85' lang='lat' dir='ltr'><strong>medio</strong></span> <span class='ocrx_word' id='word_1_223' title='bbox 1365 2425 1427 2490; x_wconf 91' lang='lat' dir='ltr'><strong>cir·</strong></span> 
     </span>
     <span class='ocr_line' id='line_1_27' title="bbox 200 2507 1428 2596; baseline 0.003 -26"><span class='ocrx_word' id='word_1_224' title='bbox 200 2521 351 2585; x_wconf 72' lang='lat' dir='ltr'><strong>espapra·</strong></span> <span class='ocrx_word' id='word_1_225' title='bbox 364 2519 533 2574; x_wconf 83' lang='lat' dir='ltr'><strong>cumveuta</strong></span> <span class='ocrx_word' id='word_1_226' title='bbox 549 2509 695 2574; x_wconf 85' lang='lat' dir='ltr'><strong>Romana</strong></span> <span class='ocrx_word' id='word_1_227' title='bbox 716 2507 804 2574; x_wconf 86' lang='lat' dir='ltr'><strong>navis</strong></span> <span class='ocrx_word' id='word_1_228' title='bbox 825 2507 958 2593; x_wconf 81' lang='lat' dir='ltr'><strong>capitur.</strong></span> <span class='ocrx_word' id='word_1_229' title='bbox 980 2507 1056 2572; x_wconf 88' lang='lat' dir='ltr'><strong>hinc</strong></span> <span class='ocrx_word' id='word_1_230' title='bbox 1075 2507 1186 2572; x_wconf 87' lang='lat' dir='ltr'><strong>ceteris</strong></span> <span class='ocrx_word' id='word_1_231' title='bbox 1206 2520 1309 2575; x_wconf 87' lang='lat' dir='ltr'><strong>terror</strong></span> <span class='ocrx_word' id='word_1_232' title='bbox 1331 2511 1428 2596; x_wconf 58' lang='lat' dir='ltr'><strong>injece</strong></span> 
     </span>
     <span class='ocr_line' id='line_1_28' title="bbox 201 2589 1428 2698; baseline 0.002 -38"><span class='ocrx_word' id='word_1_233' title='bbox 201 2589 330 2698; x_wconf 46' lang='lat' dir='ltr'><strong>anesten</strong></span> <span class='ocrx_word' id='word_1_234' title='bbox 364 2607 475 2676; x_wconf 86' lang='lat' dir='ltr'><strong>tus,ut</strong></span> <span class='ocrx_word' id='word_1_235' title='bbox 488 2595 670 2678; x_wconf 86' lang='lat' dir='ltr'><strong>praetoriam</strong></span> <span class='ocrx_word' id='word_1_236' title='bbox 693 2616 806 2660; x_wconf 85' lang='lat' dir='ltr'><strong>navem</strong></span> <span class='ocrx_word' id='word_1_237' title='bbox 827 2606 953 2679; x_wconf 88' lang='lat' dir='ltr'><strong>captam</strong></span> <span class='ocrx_word' id='word_1_238' title='bbox 969 2593 1091 2658; x_wconf 85' lang='lat' dir='ltr'><strong>videre:</strong></span> <span class='ocrx_word' id='word_1_239' title='bbox 1114 2591 1334 2681; x_wconf 84' lang='lat' dir='ltr'><strong>fugientesque</strong></span> <span class='ocrx_word' id='word_1_240' title='bbox 1354 2618 1428 2682; x_wconf 87' lang='lat' dir='ltr'><strong>pas·</strong></span> 
     </span>
     <span class='ocr_line' id='line_1_29' title="bbox 241 2664 1429 2766; baseline 0.001 -17"><span class='ocrx_word' id='word_1_241' title='bbox 241 2664 315 2700; x_wconf 72' lang='lat' dir='ltr'><strong>nans</strong></span> <span class='ocrx_word' id='word_1_242' title='bbox 363 2679 436 2762; x_wconf 81' lang='lat' dir='ltr'><strong>sim,</strong></span> <span class='ocrx_word' id='word_1_243' title='bbox 450 2680 522 2747; x_wconf 78' lang='lat' dir='ltr'><strong>alia</strong></span> <span class='ocrx_word' id='word_1_244' title='bbox 536 2679 569 2746; x_wconf 87' lang='lat' dir='ltr'><strong>in</strong></span> <span class='ocrx_word' id='word_1_245' title='bbox 584 2679 649 2744; x_wconf 86' lang='lat' dir='ltr'><strong>alto</strong></span> <span class='ocrx_word' id='word_1_246' title='bbox 665 2701 788 2758; x_wconf 88' lang='lat' dir='ltr'><strong>mersae,</strong></span> <span class='ocrx_word' id='word_1_247' title='bbox 802 2680 874 2746; x_wconf 88' lang='lat' dir='ltr'><strong>aliae</strong></span> <span class='ocrx_word' id='word_1_248' title='bbox 888 2680 921 2744; x_wconf 91' lang='lat' dir='ltr'><strong>in</strong></span> <span class='ocrx_word' id='word_1_249' title='bbox 935 2695 1052 2746; x_wconf 88' lang='lat' dir='ltr'><strong>terram</strong></span> <span class='ocrx_word' id='word_1_250' title='bbox 1071 2680 1165 2744; x_wconf 88' lang='lat' dir='ltr'><strong>remis</strong></span> <span class='ocrx_word' id='word_1_251' title='bbox 1184 2680 1336 2766; x_wconf 80' lang='lat' dir='ltr'><strong>abreptas,</strong></span> <span class='ocrx_word' id='word_1_252' title='bbox 1352 2705 1429 2751; x_wconf 84' lang='lat' dir='ltr'><strong>mox</strong></span> 
     </span>
     <span class='ocr_line' id='line_1_30' title="bbox 362 2765 1428 2855; baseline 0.002 -23"><span class='ocrx_word' id='word_1_253' title='bbox 362 2766 483 2854; x_wconf 80' lang='lat' dir='ltr'><strong>praedm</strong></span> <span class='ocrx_word' id='word_1_254' title='bbox 504 2765 595 2833; x_wconf 87' lang='lat' dir='ltr'><strong>fuere</strong></span> <span class='ocrx_word' id='word_1_255' title='bbox 617 2765 772 2832; x_wconf 90' lang='lat' dir='ltr'><strong>Thurinis</strong></span> <span class='ocrx_word' id='word_1_256' title='bbox 795 2765 1098 2852; x_wconf 85' lang='lat' dir='ltr'><strong>Metapontinisque.</strong></span> <span class='ocrx_word' id='word_1_257' title='bbox 1120 2787 1160 2830; x_wconf 82' lang='lat' dir='ltr'><strong>ex</strong></span> <span class='ocrx_word' id='word_1_258' title='bbox 1174 2767 1337 2847; x_wconf 90' lang='lat' dir='ltr'><strong>onerariis,</strong></span> <span class='ocrx_word' id='word_1_259' title='bbox 1354 2792 1428 2855; x_wconf 87' lang='lat' dir='ltr'><strong>quae</strong></span> 
     </span>
    </p>

    <p class='ocr_par' dir='ltr' id='par_1_16' title="bbox 362 2847 1431 2940">
     <span class='ocr_line' id='line_1_31' title="bbox 362 2847 1431 2940; baseline 0 -20"><span class='ocrx_word' id='word_1_260' title='bbox 362 2876 436 2920; x_wconf 85' lang='lat' dir='ltr'><strong>cum</strong></span> <span class='ocrx_word' id='word_1_261' title='bbox 451 2865 631 2920; x_wconf 88' lang='lat' dir='ltr'><strong>commeatu</strong></span> <span class='ocrx_word' id='word_1_262' title='bbox 652 2847 875 2940; x_wconf 77' lang='lat' dir='ltr'><strong>sequebantur,</strong></span> <span class='ocrx_word' id='word_1_263' title='bbox 895 2875 1065 2940; x_wconf 86' lang='lat' dir='ltr'><strong>perpaucae</strong></span> <span class='ocrx_word' id='word_1_264' title='bbox 1090 2853 1124 2916; x_wconf 90' lang='lat' dir='ltr'><strong>in</strong></span> <span class='ocrx_word' id='word_1_265' title='bbox 1145 2865 1333 2938; x_wconf 85' lang='lat' dir='ltr'><strong>potestatem</strong></span> <span class='ocrx_word' id='word_1_266' title='bbox 1355 2855 1431 2920; x_wconf 87' lang='lat' dir='ltr'><strong>hos-</strong></span> 
     </span>
    </p>

    <p class='ocr_par' dir='ltr' id='par_1_17' title="bbox 258 2938 1430 3026">
     <span class='ocr_line' id='line_1_32' title="bbox 258 2938 1430 3026; baseline 0 -18"><span class='ocrx_word' id='word_1_267' title='bbox 258 2993 263 2998; x_wconf 82' lang='lat'><em>.</em></span> <span class='ocrx_word' id='word_1_268' title='bbox 364 2939 444 3008; x_wconf 86' lang='lat' dir='ltr'><strong>tium</strong></span> <span class='ocrx_word' id='word_1_269' title='bbox 459 2961 589 3006; x_wconf 88' lang='lat' dir='ltr'><strong>venere:</strong></span> <span class='ocrx_word' id='word_1_270' title='bbox 612 2939 695 3018; x_wconf 85' lang='lat' dir='ltr'><strong>alise,</strong></span> <span class='ocrx_word' id='word_1_271' title='bbox 710 2939 751 3004; x_wconf 91' lang='lat' dir='ltr'><strong>ad</strong></span> <span class='ocrx_word' id='word_1_272' title='bbox 766 2939 903 3006; x_wconf 89' lang='lat' dir='ltr'><strong>incertos</strong></span> <span class='ocrx_word' id='word_1_273' title='bbox 918 2951 1028 3004; x_wconf 83' lang='lat' dir='ltr'><strong>uentos</strong></span> <span class='ocrx_word' id='word_1_274' title='bbox 1043 2938 1119 3004; x_wconf 87' lang='lat' dir='ltr'><strong>hinc</strong></span> <span class='ocrx_word' id='word_1_275' title='bbox 1133 2953 1229 3026; x_wconf 88' lang='lat' dir='ltr'><strong>atque</strong></span> <span class='ocrx_word' id='word_1_276' title='bbox 1242 2940 1334 3005; x_wconf 84' lang='lat' dir='ltr'><strong>illinc</strong></span> <span class='ocrx_word' id='word_1_277' title='bbox 1347 2941 1430 3008; x_wconf 88' lang='lat' dir='ltr'><strong>obli-</strong></span> 
     </span>
    </p>
   </div>
   <div class='ocr_carea' id='block_1_3' title="bbox 363 3023 1432 3324">
    <p class='ocr_par' dir='ltr' id='par_1_18' title="bbox 363 3023 1432 3324">
     <span class='ocr_line' id='line_1_33' title="bbox 363 3023 1432 3115; baseline 0.004 -24"><span class='ocrx_word' id='word_1_278' title='bbox 363 3047 426 3112; x_wconf 88' lang='lat' dir='ltr'><strong>qua</strong></span> <span class='ocrx_word' id='word_1_279' title='bbox 440 3023 662 3106; x_wconf 83' lang='lat' dir='ltr'><strong>transferentes</strong></span> <span class='ocrx_word' id='word_1_280' title='bbox 682 3025 762 3104; x_wconf 87' lang='lat' dir='ltr'><strong>vela,</strong></span> <span class='ocrx_word' id='word_1_281' title='bbox 777 3025 812 3092; x_wconf 89' lang='lat' dir='ltr'><strong>in</strong></span> <span class='ocrx_word' id='word_1_282' title='bbox 834 3025 932 3092; x_wconf 88' lang='lat' dir='ltr'><strong>altum</strong></span> <span class='ocrx_word' id='word_1_283' title='bbox 952 3023 1167 3092; x_wconf 79' lang='lat' dir='ltr'><strong>eveotae&#39;sunt.</strong></span> <span class='ocrx_word' id='word_1_284' title='bbox 1213 3025 1432 3115; x_wconf 89' lang='lat' dir='ltr'><strong>Nequaquam</strong></span> 
     </span>
     <span class='ocr_line' id='line_1_34' title="bbox 470 3229 1318 3324; baseline 0.002 -30"><span class='ocrx_word' id='word_1_285' title='bbox 470 3249 634 3314; x_wconf 69' lang='lat' dir='ltr'><strong>ispmcrtv.</strong></span> <span class='ocrx_word' id='word_1_286' title='bbox 730 3229 903 3298; x_wconf 65' lang='lat' dir='ltr'><strong>cassaneam</strong></span> <span class='ocrx_word' id='word_1_287' title='bbox 914 3229 992 3296; x_wconf 65' lang='lat' dir='ltr'><strong>End.⁴</strong></span> <span class='ocrx_word' id='word_1_288' title='bbox 1019 3317 1022 3324; x_wconf 33' lang='grc'>1</span> <span class='ocrx_word' id='word_1_289' title='bbox 1050 3275 1052 3280; x_wconf 91' lang='grc'>-</span> <span class='ocrx_word' id='word_1_290' title='bbox 1073 3247 1318 3312; x_wconf 65' lang='lat' dir='ltr'><strong>&#39;eoufirdcstGrom</strong></span> 
     </span>
    </p>
   </div>
   <div class='ocr_carea' id='block_1_4' title="bbox 294 3447 1431 4436">
    <p class='ocr_par' dir='ltr' id='par_1_19' title="bbox 294 3447 1431 4436">
     <span class='ocr_line' id='line_1_35' title="bbox 362 3447 1430 3524; baseline -0.002 -14"><span class='ocrx_word' id='word_1_291' title='bbox 362 3464 395 3510; x_wconf 76' lang='lat' dir='ltr'><strong>sb</strong></span> <span class='ocrx_word' id='word_1_292' title='bbox 412 3475 451 3518; x_wconf 85' lang='lat' dir='ltr'><strong>eo,</strong></span> <span class='ocrx_word' id='word_1_293' title='bbox 470 3447 628 3524; x_wconf 77' lang='lat' dir='ltr'><strong>quocaptum</strong></span> <span class='ocrx_word' id='word_1_294' title='bbox 645 3468 681 3510; x_wconf 89' lang='lat' dir='ltr'><strong>est</strong></span> <span class='ocrx_word' id='word_1_295' title='bbox 690 3463 836 3519; x_wconf 82' lang='lat' dir='ltr'><strong>Tarentum,</strong></span> <span class='ocrx_word' id='word_1_296' title='bbox 846 3461 876 3508; x_wconf 89' lang='lat' dir='ltr'><strong>L.</strong></span> <span class='ocrx_word' id='word_1_297' title='bbox 910 3462 985 3522; x_wconf 87' lang='lat' dir='ltr'><strong>igitur</strong></span> <span class='ocrx_word' id='word_1_298' title='bbox 1007 3463 1162 3522; x_wconf 89' lang='lat' dir='ltr'><strong>antiquorum</strong></span> <span class='ocrx_word' id='word_1_299' title='bbox 1185 3461 1316 3516; x_wconf 89' lang='lat' dir='ltr'><strong>editorum,</strong></span> <span class='ocrx_word' id='word_1_300' title='bbox 1339 3461 1430 3523; x_wconf 88' lang='lat' dir='ltr'><strong>quibus</strong></span> 
     </span>
     <span class='ocr_line' id='line_1_36' title="bbox 363 3525 1428 3588; baseline -0.001 -14"><span class='ocrx_word' id='word_1_301' title='bbox 363 3525 470 3588; x_wconf 84' lang='lat' dir='ltr'><strong>Papirio,</strong></span> <span class='ocrx_word' id='word_1_302' title='bbox 487 3529 528 3587; x_wconf 82' lang='lat' dir='ltr'><strong>Sp·</strong></span> <span class='ocrx_word' id='word_1_303' title='bbox 540 3527 654 3584; x_wconf 82' lang='lat' dir='ltr'><strong>Carvilio,</strong></span> <span class='ocrx_word' id='word_1_304' title='bbox 665 3532 768 3588; x_wconf 88' lang='lat' dir='ltr'><strong>utroque</strong></span> <span class='ocrx_word' id='word_1_305' title='bbox 787 3529 877 3572; x_wconf 86' lang='lat' dir='ltr'><strong>iterum</strong></span> <span class='ocrx_word' id='word_1_306' title='bbox 910 3527 1003 3573; x_wconf 84' lang='lat' dir='ltr'><strong>accedit</strong></span> <span class='ocrx_word' id='word_1_307' title='bbox 1011 3526 1105 3574; x_wconf 88' lang='lat' dir='ltr'><strong>Victor.</strong></span> <span class='ocrx_word' id='word_1_308' title='bbox 1113 3527 1197 3580; x_wconf 87' lang='lat' dir='ltr'><strong>codex,</strong></span> <span class='ocrx_word' id='word_1_309' title='bbox 1209 3525 1289 3584; x_wconf 86' lang='lat' dir='ltr'><strong>potior</strong></span> <span class='ocrx_word' id='word_1_310' title='bbox 1301 3525 1360 3572; x_wconf 83' lang='lat' dir='ltr'><strong>fides</strong></span> <span class='ocrx_word' id='word_1_311' title='bbox 1371 3527 1428 3574; x_wconf 80' lang='lat' dir='ltr'><strong>ruit.</strong></span> 
     </span>
     <span class='ocr_line' id='line_1_37' title="bbox 363 3589 1427 3652; baseline -0.004 -12"><span class='ocrx_word' id='word_1_312' title='bbox 363 3591 431 3640; x_wconf 70' lang='lat' dir='ltr'><strong>Coss.</strong></span> <span class='ocrx_word' id='word_1_313' title='bbox 450 3604 525 3652; x_wconf 84' lang='lat' dir='ltr'><strong>quem</strong></span> <span class='ocrx_word' id='word_1_314' title='bbox 540 3604 585 3638; x_wconf 90' lang='lat' dir='ltr'><strong>nos</strong></span> <span class='ocrx_word' id='word_1_315' title='bbox 600 3605 759 3639; x_wconf 85' lang='lat' dir='ltr'><strong>numeramus</strong></span> <span class='ocrx_word' id='word_1_316' title='bbox 774 3592 805 3638; x_wconf 90' lang='lat' dir='ltr'><strong>ab</strong></span> <span class='ocrx_word' id='word_1_317' title='bbox 821 3604 878 3638; x_wconf 82' lang='lat' dir='ltr'><strong>mc.</strong></span> <span class='ocrx_word' id='word_1_318' title='bbox 943 3589 1240 3650; x_wconf 59' lang='lat' dir='ltr'><strong>commutaremus</strong></span> <span class='ocrx_word' id='word_1_319' title='bbox 1261 3603 1344 3636; x_wconf 79' lang='lat' dir='ltr'><strong>nauem</strong></span> <span class='ocrx_word' id='word_1_320' title='bbox 1362 3595 1427 3648; x_wconf 66' lang='lat' dir='ltr'><strong>mot,</strong></span> 
     </span>
     <span class='ocr_line' id='line_1_38' title="bbox 362 3648 1428 3718; baseline -0.002 -15"><span class='ocrx_word' id='word_1_321' title='bbox 362 3655 428 3708; x_wconf 69' lang='grc' dir='ltr'><strong>66ου</strong></span> <span class='ocrx_word' id='word_1_322' title='bbox 487 3675 497 3688; x_wconf 77' lang='lat'>=</span> <span class='ocrx_word' id='word_1_323' title='bbox 545 3676 548 3690; x_wconf 79' lang='lat'>=</span> <span class='ocrx_word' id='word_1_324' title='bbox 816 3675 819 3682; x_wconf 55' lang='lat'><strong>⁴</strong></span> <span class='ocrx_word' id='word_1_325' title='bbox 901 3654 985 3717; x_wconf 76' lang='lat' dir='ltr'><strong>serres</strong></span> <span class='ocrx_word' id='word_1_326' title='bbox 1006 3656 1089 3718; x_wconf 75' lang='lat' dir='ltr'><strong>injectu</strong></span> <span class='ocrx_word' id='word_1_327' title='bbox 1109 3653 1193 3716; x_wconf 74' lang='lat' dir='ltr'><strong>mart]</strong></span> <span class='ocrx_word' id='word_1_328' title='bbox 1206 3648 1283 3718; x_wconf 79' lang='lat' dir='ltr'><strong>¹Ante</strong></span> <span class='ocrx_word' id='word_1_329' title='bbox 1305 3657 1428 3714; x_wconf 81' lang='lat' dir='ltr'><strong>posterius</strong></span> 
     </span>
     <span class='ocr_line' id='line_1_39' title="bbox 395 3717 1428 3782; baseline -0.002 -14"><span class='ocrx_word' id='word_1_330' title='bbox 395 3719 498 3780; x_wconf 70' lang='lat' dir='ltr'><strong>supas</strong></span> <span class='ocrx_word' id='word_1_331' title='bbox 516 3725 655 3778; x_wconf 72' lang='lat' dir='ltr'><strong>ammanus</strong></span> <span class='ocrx_word' id='word_1_332' title='bbox 673 3734 759 3782; x_wconf 80' lang='lat' dir='ltr'><strong>qaoque</strong></span> <span class='ocrx_word' id='word_1_333' title='bbox 777 3719 878 3768; x_wconf 63' lang='lat' dir='ltr'><strong>mentm</strong></span> <span class='ocrx_word' id='word_1_334' title='bbox 909 3720 1050 3766; x_wconf 88' lang='lat' dir='ltr'><strong>membrum</strong></span> <span class='ocrx_word' id='word_1_335' title='bbox 1063 3717 1245 3780; x_wconf 80' lang='lat' dir='ltr'><strong>suppleiaaam</strong></span> <span class='ocrx_word' id='word_1_336' title='bbox 1260 3732 1354 3780; x_wconf 58' lang='lat' dir='ltr'><strong>novem,</strong></span> <span class='ocrx_word' id='word_1_337' title='bbox 1378 3720 1428 3770; x_wconf 82' lang='lat' dir='ltr'><strong>,Sic</strong></span> 
     </span>
     <span class='ocr_line' id='line_1_40' title="bbox 362 3779 1429 3848; baseline -0.003 -15"><span class='ocrx_word' id='word_1_338' title='bbox 362 3783 562 3848; x_wconf 62' lang='lat' dir='ltr'><strong>..maresuan</strong></span> <span class='ocrx_word' id='word_1_339' title='bbox 578 3785 641 3834; x_wconf 73' lang='lat' dir='ltr'><strong>Haec</strong></span> <span class='ocrx_word' id='word_1_340' title='bbox 657 3792 694 3832; x_wconf 87' lang='lat' dir='ltr'><strong>est</strong></span> <span class='ocrx_word' id='word_1_341' title='bbox 704 3791 815 3832; x_wconf 78' lang='lat' dir='ltr'><strong>veterum</strong></span> <span class='ocrx_word' id='word_1_342' title='bbox 826 3786 877 3832; x_wconf 87' lang='lat' dir='ltr'><strong>edi-</strong></span> <span class='ocrx_word' id='word_1_343' title='bbox 910 3783 982 3838; x_wconf 80' lang='lat' dir='ltr'><strong>inire,</strong></span> <span class='ocrx_word' id='word_1_344' title='bbox 994 3784 1010 3829; x_wconf 76' lang='lat' dir='ltr'><strong>t</strong></span> <span class='ocrx_word' id='word_1_345' title='bbox 1023 3781 1165 3830; x_wconf 81' lang='lat' dir='ltr'><strong>xxv11.c.</strong></span> <span class='ocrx_word' id='word_1_346' title='bbox 1176 3779 1217 3831; x_wconf 78' lang='lat' dir='ltr'><strong>ts.</strong></span> <span class='ocrx_word' id='word_1_347' title='bbox 1229 3783 1315 3830; x_wconf 78' lang='lat' dir='ltr'><strong>crebris</strong></span> <span class='ocrx_word' id='word_1_348' title='bbox 1331 3781 1429 3848; x_wconf 69' lang='lat' dir='ltr'><strong>ignibus</strong></span> 
     </span>
     <span class='ocr_line' id='line_1_41' title="bbox 363 3847 1431 3912; baseline 0.003 -16"><span class='ocrx_word' id='word_1_349' title='bbox 363 3855 445 3906; x_wconf 72' lang='lat' dir='ltr'><strong>torum</strong></span> <span class='ocrx_word' id='word_1_350' title='bbox 465 3848 545 3907; x_wconf 82' lang='lat' dir='ltr'><strong>lectio,</strong></span> <span class='ocrx_word' id='word_1_351' title='bbox 567 3847 638 3912; x_wconf 80' lang='lat' dir='ltr'><strong>cujus</strong></span> <span class='ocrx_word' id='word_1_352' title='bbox 665 3862 750 3896; x_wconf 79' lang='lat' dir='ltr'><strong>senatu</strong></span> <span class='ocrx_word' id='word_1_353' title='bbox 772 3848 879 3910; x_wconf 88' lang='lat' dir='ltr'><strong>optimos</strong></span> <span class='ocrx_word' id='word_1_354' title='bbox 910 3847 1104 3908; x_wconf 64' lang='lat' dir='ltr'><strong>minuentisque</strong></span> <span class='ocrx_word' id='word_1_355' title='bbox 1119 3849 1145 3894; x_wconf 90' lang='lat' dir='ltr'><strong>in</strong></span> <span class='ocrx_word' id='word_1_356' title='bbox 1160 3861 1189 3896; x_wconf 86' lang='lat' dir='ltr'><strong>ea</strong></span> <span class='ocrx_word' id='word_1_357' title='bbox 1204 3853 1431 3908; x_wconf 66' lang='lat' dir='ltr'><strong>pomeranorum,</strong></span> 
     </span>
     <span class='ocr_line' id='line_1_42' title="bbox 349 3905 1430 3976; baseline -0.003 -15"><span class='ocrx_word' id='word_1_358' title='bbox 349 3914 434 3964; x_wconf 81' lang='lat' dir='ltr'><strong>nobis</strong></span> <span class='ocrx_word' id='word_1_359' title='bbox 449 3912 554 3964; x_wconf 85' lang='lat' dir='ltr'><strong>videtur.</strong></span> <span class='ocrx_word' id='word_1_360' title='bbox 586 3913 656 3974; x_wconf 75' lang='lat' dir='ltr'><strong>Spem</strong></span> <span class='ocrx_word' id='word_1_361' title='bbox 673 3921 879 3976; x_wconf 72' lang='lat' dir='ltr'><strong>quaquaestspem</strong></span> <span class='ocrx_word' id='word_1_362' title='bbox 910 3926 961 3974; x_wconf 68' lang='lat' dir='ltr'><strong>quur</strong></span> <span class='ocrx_word' id='word_1_363' title='bbox 973 3927 1031 3974; x_wconf 77' lang='lat' dir='ltr'><strong>pare</strong></span> <span class='ocrx_word' id='word_1_364' title='bbox 1044 3911 1214 3961; x_wconf 80' lang='lat' dir='ltr'><strong>curtrorumod</strong></span> <span class='ocrx_word' id='word_1_365' title='bbox 1228 3910 1303 3958; x_wconf 69' lang='lat' dir='ltr'><strong>leoena</strong></span> <span class='ocrx_word' id='word_1_366' title='bbox 1320 3905 1430 3976; x_wconf 74' lang='lat' dir='ltr'><strong>uergebat</strong></span> 
     </span>
     <span class='ocr_line' id='line_1_43' title="bbox 362 3977 1042 4040; baseline -0.007 -10"><span class='ocrx_word' id='word_1_367' title='bbox 362 3979 457 4040; x_wconf 68' lang='lat' dir='ltr'><strong>ipsum:</strong></span> <span class='ocrx_word' id='word_1_368' title='bbox 474 3991 524 4026; x_wconf 87' lang='lat' dir='ltr'><strong>non</strong></span> <span class='ocrx_word' id='word_1_369' title='bbox 543 3984 709 4028; x_wconf 81' lang='lat' dir='ltr'><strong>commeatum</strong></span> <span class='ocrx_word' id='word_1_370' title='bbox 730 3979 814 4035; x_wconf 88' lang='lat' dir='ltr'><strong>modo,</strong></span> <span class='ocrx_word' id='word_1_371' title='bbox 836 3979 879 4026; x_wconf 86' lang='lat' dir='ltr'><strong>sed</strong></span> <span class='ocrx_word' id='word_1_372' title='bbox 911 3977 1042 4034; x_wconf 60' lang='lat' dir='ltr'><strong>,acticus</strong></span> 
     </span>
     <span class='ocr_line' id='line_1_44' title="bbox 362 4036 1431 4106; baseline -0.003 -16"><span class='ocrx_word' id='word_1_373' title='bbox 362 4043 485 4104; x_wconf 83' lang='lat' dir='ltr'><strong>etipssm</strong></span> <span class='ocrx_word' id='word_1_374' title='bbox 505 4045 576 4104; x_wconf 78' lang='lat' dir='ltr'><strong>spem</strong></span> <span class='ocrx_word' id='word_1_375' title='bbox 594 4049 753 4092; x_wconf 84' lang='lat' dir='ltr'><strong>commeatus.</strong></span> <span class='ocrx_word' id='word_1_376' title='bbox 786 4043 879 4090; x_wconf 82' lang='lat' dir='ltr'><strong>Grouo·</strong></span> <span class='ocrx_word' id='word_1_377' title='bbox 944 4041 975 4088; x_wconf 92' lang='lat'><strong>10</strong></span> <span class='ocrx_word' id='word_1_378' title='bbox 985 4036 1188 4106; x_wconf 76' lang='lat' dir='ltr'><strong>Aiieaomatgio]</strong></span> <span class='ocrx_word' id='word_1_379' title='bbox 1197 4039 1310 4091; x_wconf 79' lang='lat' dir='ltr'><strong>Aliorum</strong></span> <span class='ocrx_word' id='word_1_380' title='bbox 1319 4041 1431 4102; x_wconf 76' lang='lat' dir='ltr'><strong>nauigio·</strong></span> 
     </span>
     <span class='ocr_line' id='line_1_45' title="bbox 363 4103 1431 4170; baseline -0.004 -16"><span class='ocrx_word' id='word_1_381' title='bbox 363 4107 428 4168; x_wconf 81' lang='lat' dir='ltr'><strong>viru,</strong></span> <span class='ocrx_word' id='word_1_382' title='bbox 441 4107 499 4168; x_wconf 88' lang='lat' dir='ltr'><strong>qnia</strong></span> <span class='ocrx_word' id='word_1_383' title='bbox 508 4108 598 4168; x_wconf 82' lang='lat' dir='ltr'><strong>reperit</strong></span> <span class='ocrx_word' id='word_1_384' title='bbox 613 4107 643 4166; x_wconf 75' lang='lat' dir='ltr'><strong>in¹</strong></span> <span class='ocrx_word' id='word_1_385' title='bbox 655 4107 748 4168; x_wconf 81' lang='lat' dir='ltr'><strong>aliquot</strong></span> <span class='ocrx_word' id='word_1_386' title='bbox 758 4107 829 4156; x_wconf 79' lang='lat' dir='ltr'><strong>MSS·</strong></span> <span class='ocrx_word' id='word_1_387' title='bbox 842 4109 879 4154; x_wconf 79' lang='lat' dir='ltr'><strong>ia·</strong></span> <span class='ocrx_word' id='word_1_388' title='bbox 911 4119 977 4161; x_wconf 89' lang='lat' dir='ltr'><strong>rum,</strong></span> <span class='ocrx_word' id='word_1_389' title='bbox 987 4107 1063 4168; x_wconf 87' lang='lat' dir='ltr'><strong>puppi</strong></span> <span class='ocrx_word' id='word_1_390' title='bbox 1079 4103 1211 4170; x_wconf 85' lang='lat' dir='ltr'><strong>pugnantis</strong></span> <span class='ocrx_word' id='word_1_391' title='bbox 1229 4106 1299 4152; x_wconf 85' lang='lat' dir='ltr'><strong>navis</strong></span> <span class='ocrx_word' id='word_1_392' title='bbox 1318 4105 1431 4166; x_wconf 79' lang='lat' dir='ltr'><strong>alligato-</strong></span> 
     </span>
     <span class='ocr_line' id='line_1_46' title="bbox 362 4168 1095 4234; baseline -0.003 -14"><span class='ocrx_word' id='word_1_393' title='bbox 362 4172 510 4230; x_wconf 73' lang='lat' dir='ltr'><strong>aramme,</strong></span> <span class='ocrx_word' id='word_1_394' title='bbox 520 4173 569 4234; x_wconf 85' lang='lat' dir='ltr'><strong>legi</strong></span> <span class='ocrx_word' id='word_1_395' title='bbox 580 4168 671 4233; x_wconf 82' lang='lat' dir='ltr'><strong>jussit:</strong></span> <span class='ocrx_word' id='word_1_396' title='bbox 687 4186 727 4234; x_wconf 75' lang='lat' dir='ltr'><strong>spe</strong></span> <span class='ocrx_word' id='word_1_397' title='bbox 742 4177 881 4220; x_wconf 81' lang='lat' dir='ltr'><strong>cornmcotar</strong></span> <span class='ocrx_word' id='word_1_398' title='bbox 912 4171 1095 4232; x_wconf 77' lang='lat' dir='ltr'><strong>tumremigio.</strong></span> 
     </span>
     <span class='ocr_line' id='line_1_47' title="bbox 363 4229 1430 4302; baseline -0.005 -20"><span class='ocrx_word' id='word_1_399' title='bbox 363 4250 450 4299; x_wconf 79' lang='lat' dir='ltr'><strong>quoquc</strong></span> <span class='ocrx_word' id='word_1_400' title='bbox 466 4229 791 4302; x_wconf 56' lang='lat' dir='ltr'><strong>hunitar.3s&#39;oterelasur&#39;os.</strong></span> <span class='ocrx_word' id='word_1_401' title='bbox 823 4237 880 4298; x_wconf 75' lang='lat' dir='ltr'><strong>Spa,</strong></span> <span class='ocrx_word' id='word_1_402' title='bbox 946 4231 1105 4285; x_wconf 80' lang='lat' dir='ltr'><strong>ll&#39;Peraiae</strong></span> <span class='ocrx_word' id='word_1_403' title='bbox 1126 4267 1136 4286; x_wconf 86' lang='lat'>.</span> <span class='ocrx_word' id='word_1_404' title='bbox 1154 4266 1162 4282; x_wconf 84' lang='lat'><strong>·</strong></span> <span class='ocrx_word' id='word_1_405' title='bbox 1179 4248 1250 4284; x_wconf 72' lang='lat' dir='ltr'><strong>aava</strong></span> <span class='ocrx_word' id='word_1_406' title='bbox 1266 4229 1430 4296; x_wconf 59' lang='lat' dir='ltr'><strong>meantum</strong></span> 
     </span>
     <span class='ocr_line' id='line_1_48' title="bbox 362 4299 1430 4364; baseline -0.007 -14"><span class='ocrx_word' id='word_1_407' title='bbox 362 4302 636 4361; x_wconf 78' lang='lat' dir='ltr'><strong>tnast‚spseoucspta.</strong></span> <span class='ocrx_word' id='word_1_408' title='bbox 667 4299 715 4348; x_wconf 84' lang='lat' dir='ltr'><strong>Sed</strong></span> <span class='ocrx_word' id='word_1_409' title='bbox 731 4307 790 4347; x_wconf 87' lang='lat' dir='ltr'><strong>tunc</strong></span> <span class='ocrx_word' id='word_1_410' title='bbox 849 4302 879 4348; x_wconf 89' lang='lat' dir='ltr'><strong>ti·</strong></span> <span class='ocrx_word' id='word_1_411' title='bbox 910 4299 990 4364; x_wconf 76' lang='lat' dir='ltr'><strong>aaut]</strong></span> <span class='ocrx_word' id='word_1_412' title='bbox 1007 4299 1068 4348; x_wconf 84' lang='lat' dir='ltr'><strong>Erat</strong></span> <span class='ocrx_word' id='word_1_413' title='bbox 1081 4301 1160 4348; x_wconf 80' lang='lat' dir='ltr'><strong>facitis</strong></span> <span class='ocrx_word' id='word_1_414' title='bbox 1170 4299 1336 4362; x_wconf 80' lang='lat' dir='ltr'><strong>pugnantibus</strong></span> <span class='ocrx_word' id='word_1_415' title='bbox 1348 4304 1430 4346; x_wconf 82' lang='lat' dir='ltr'><strong>nana-</strong></span> 
     </span>
     <span class='ocr_line' id='line_1_49' title="bbox 294 4314 1341 4436; baseline -0.004 -20"><span class='ocrx_word' id='word_1_416' title='bbox 294 4367 296 4370; x_wconf 86' lang='grc'><strong>’</strong></span> <span class='ocrx_word' id='word_1_417' title='bbox 363 4367 517 4428; x_wconf 76' lang='lat' dir='ltr'><strong>eulaqsoqur</strong></span> <span class='ocrx_word' id='word_1_418' title='bbox 532 4377 710 4428; x_wconf 70' lang='lat' dir='ltr'><strong>supervacanea</strong></span> <span class='ocrx_word' id='word_1_419' title='bbox 724 4371 769 4414; x_wconf 86' lang='lat' dir='ltr'><strong>est.</strong></span> <span class='ocrx_word' id='word_1_420' title='bbox 802 4314 880 4417; x_wconf 42' lang='grc' dir='ltr'><strong>ἔξω</strong></span> <span class='ocrx_word' id='word_1_421' title='bbox 911 4359 1279 4434; x_wconf 63' lang='lat' dir='ltr'><strong>irusexuuanav&#39;einaitam</strong></span> <span class='ocrx_word' id='word_1_422' title='bbox 1337 4419 1341 4436; x_wconf 45' lang='grc' dir='ltr'>Ι</span> 
     </span>
    </p>
   </div>
   <div class='ocr_carea' id='block_1_5' title="bbox 0 0 1568 4962">
    <p class='ocr_par' dir='ltr' id='par_1_20' title="bbox 0 0 1568 4962">
     <span class='ocr_line' id='line_1_50' title="bbox 0 0 1568 4962; baseline 0 0"><span class='ocrx_word' id='word_1_423' title='bbox 0 0 1568 4962; x_wconf 95' lang='lat' dir='ltr'><strong> </strong></span> 
     </span>
    </p>
   </div>
  </div>
 </body>
</html>
