3060 4960
445 151 495 212 Ll
507 149 541 211 B.
571 145 672 210 XXX.
698 147 801 212 CAP.
832 149 887 210 lV.
1141 154 1199 218 547

128 315 230 383 midae
254 315 415 404 praecipue
443 315 600 380 arundine
627 315 730 391 textis,
757 327 924 402 storeaque
952 327 1027 404 pars
1057 315 1341 386 maximamusts.

130 406 232 482 tectis,
254 404 370 489 passim
393 402 483 466 nullo
510 402 634 480 ordine,
657 403 799 488 quidam,
821 414 857 466 ut
885 402 952 466 sine
977 403 1111 489 imperio
1140 396 1339 472 oc·¹³²⁰·²⁰³·

130 491 255 576 cupatis
284 489 371 566 locis.
401 502 491 553 extra
521 488 636 552 fossam
666 489 760 552 etiam
789 489 968 576 vallumque
997 487 1193 560 habitabant.

134 577 222 641 Haec
243 576 339 641 relata
356 574 496 659 Scipioni
519 594 605 659 spem
628 573 767 639 fecerant
786 589 889 639 castra
910 575 1045 642 hostiurn
1068 599 1126 662 per
1141 603 1194 668 ⁰⁰7

130 665 290 727 casi'onern
308 660 507 728 incendendi.

178 749 237 814 IV.
262 749 345 813 Cum
372 748 492 834 legatis,
512 767 591 834 quos
618 747 754 811 mitteret
775 745 815 812 ad
841 745 1028 834 Syphacem,
1046 751 1193 818 calonum

131 834 204 899 loco
230 835 254 874 ¹¹
269 837 387 920 primos
415 834 543 898 ordines
571 844 719 918 spectatae
742 833 866 896 virtutis
895 847 988 921 atque
1017 837 1195 922 prudentiae

132 920 237 985 servili
253 921 363 986 habitu
377 921 542 996 mittebat;
564 922 628 1008 qui,
645 919 722 982 dum
742 921 773 982 in
789 919 959 1004 conloquio
974 921 1067 1010 legati
1083 927 1194 1006 essent,

133 1009 207 1094 vagi
229 1029 287 1094 per
312 1021 424 1084 castra,
441 1006 519 1070 alius
545 1007 616 1083 alia,
637 1006 741 1070 aditus
765 1005 934 1091 exitusque
955 1029 1077 1090 omnes,
1100 1015 1194 1078 situm

131 1093 332 1180 formamque
346 1105 376 1160 et
392 1094 610 1156 universorum
627 1105 812 1167 castrorum,
828 1105 859 1155 et
875 1094 1023 1175 partium,
1041 1103 1103 1182 qua
1120 1099 1197 1164 Poess

132 1181 179 1257 ni,
202 1201 264 1266 qua
285 1179 434 1244 Nunridae
456 1179 618 1254 habereut,
640 1191 793 1264 quantum
819 1178 1087 1246 intervalli¹inrer
1108 1185 1195 1250 Has·

133 1262 329 1336 druhalisac
344 1267 431 1351 regia
450 1277 554 1329 castra
574 1277 662 1338 esset,
678 1264 933 1349 specularentur:
956 1289 1141 1356 moremque
1156 1271 1197 1336 si·

133 1352 201 1416 mul
224 1363 389 1416 noscerent
411 1355 580 1416 stationum
597 1349 856 1438 vigiliarumque:
880 1367 981 1429 nocte,
998 1377 1038 1418 an
1058 1357 1197 1424 interdiu

131 1443 379 1523 'oportuniores
401 1437 563 1502 insidianti
586 1451 697 1500 essent.
743 1435 786 1500 Et
805 1438 1014 1503 intererebrn
1029 1443 1198 1531 conloquia
1282 1468 1287 1472 ·

133 1461 187 1589 aih
200 1539 299 1611 atque
313 1524 365 1588 alii
380 1525 421 1588 de
441 1523 603 1599 industria,
619 1545 683 1609 quo
705 1522 849 1608 pluribus
871 1525 978 1592 omnia
993 1543 1068 1592 nota
1083 1543 1198 1614 essent,

134 1614 353 1676 mittebantur.
399 1610 508 1686 Quum
524 1610 672 1695 saepiusa
698 1608 836 1673 ‘tatares
851 1612 1018 1676 certiorem
1034 1637 1120 1700 spem
1142 1639 1199 1703 pa·
1275 1634 1281 1646 ·

134 1697 182 1762 cis
204 1698 237 1760 in
258 1697 324 1760 dies
345 1711 377 1760 et
393 1697 531 1781 Syphaci
552 1708 584 1759 et
601 1695 681 1759 Kart
706 1695 919 1780 aginiensihus
943 1719 1000 1783 per
1023 1705 1094 1766 curn
1117 1707 1200 1769 lace-

133 1795 201 1860 ret3
223 1783 320 1872 legati
345 1783 482 1846 Romani
507 1784 660 1847 actitasse
674 1784 788 1845 reverti
806 1785 850 1844 ad
872 1785 1084 1866 imperatorem
1100 1789 1199 1871 aiunt,

12 1891 19 1904 ’
133 1871 200 1934 nisi
212 1880 323 1934 aarum
349 1889 520 1952 responsum
542 1871 639 1932 detur.
685 1867 864 1948 ¹²Proimle,
880 1891 931 1932 seu
945 1873 1009 1953 ipsi
1028 1877 1200 1960 staretjam

133 1958 298 2032 sententia,
314 1977 365 2020 seu
386 1957 582 2019 consulendus
598 1953 784 2019 Hasdrubal
805 1963 835 2016 et
857 1955 1134 2042 Karthaginienses
1155 1985 1201 2027 es-

7 2069 19 2106 a
133 2051 212 2118 seat,
227 2045 405 2106 consuleret.
447 2043 575 2124 Tempus
589 2061 659 2116 esse,
675 2050 846 2122 autpacem
861 2046 1008 2126 componi,
1025 2057 1080 2110 aut
1094 2047 1200 2112 bellum

134 2131 260 2192 naviter
280 2131 361 2216 geri.
405 2127 494 2192 Dum
518 2125 692 2190 consulitur
717 2125 898 2190 Hasdrubal
926 2131 967 2192 ab
983 2132 1137 2217 Syphace,
1159 2129 1201 2199 ab

138 2213 347 2280 Hasdrubale
364 2211 663 2300 Karthaginiensem
686 2226 718 2278 et
737 2212 948 2296 speculatores
970 2219 1077 2282 omnia
1099 2219 1201 2284 visen·

134 2300 182 2381 di,
198 2314 229 2365 ct
245 2301 353 2386 Scipio
369 2301 407 2363 ad
431 2298 644 2381 comparanda
660 2321 709 2378 ea,
723 2321 796 2386 quoe
817 2300 851 2362 in
874 2321 939 2364 rem
961 2319 1062 2381 erant,
1079 2305 1202 2394 tempus

135 2385 259 2451 habuit.
282 2400 313 2452 et
338 2409 376 2449 ex
408 2387 567 2450 mentione
596 2407 634 2450 ac
659 2407 714 2470 spe
741 2387 827 2469 pacis
858 2386 1065 2476 neglegentia,
1092 2405 1128 2457 ut
1153 2393 1200 2472 fit,

135 2473 230 2560 apud
242 2473 359 2538 Poeuos
376 2472 612 2559 Numidamque
626 2485 695 2536 orta
714 2472 855 2550 cavendi,
872 2495 911 2536 ne
928 2475 1004 2559 quid
1025 2478 1137 2544 hostile
1152 2480 1202 2544 in·¹

136 2561 230 2625 terim
246 2571 441 2645 paterentur.
485 2558 628 2622 Tandem
645 2557 777 2622 relatum
798 2579 996 2642 responsum,
1012 2563 1200 2648 quibusdam

137 2645 226 2733 (quia
246 2647 339 2710 nimis
361 2667 476 2730 cupere
497 2645 659 2709 Romanus
681 2665 791 2730 pacem
814 2645 991 2729 videbatur)
1007 2650 1123 2738 iniquis
1143 2673 1202 2738 per

136 2733 335 2797 occasionem
351 2732 497 2816 adjectist
520 2753 594 2817 quae
617 2747 854 2815 peropportune
868 2734 1006 2817 cupienti
1028 2737 1138 2802 tollere
1154 2741 1202 2803 in-

137 2819 249 2882 ducias
266 2817 406 2904 Scipioni
432 2838 574 2882 caussam
596 2815 771 2901 praebuere.
794 2839 832 2881 ac
852 2820 970 2884 nuncio
993 2823 1085 2908 regis,
1102 2847 1202 2910 quum

135 2903 309 2970 relaturum
332 2927 365 2968 se
386 2903 427 2968 ad
453 2903 618 2968 consilium
641 2903 784 2979 dixisset,
799 2917 927 2988 postero
950 2905 1002 2970 die
1027 2911 1201 2996 respondit,

136 2993 179 3057 Se
192 2991 385 3076 anosrrrstra
398 2993 549 3065 tendente,
561 2991 642 3053 rtrrlli
654 2991 717 3053 alii
724 3009 828 3071 pacem
839 2991 1001 3072 plausisse.
1025 2995 1203 3064 Renmraia·

136 3088 187 3142 ret
202 3079 309 3162 igitur,
326 3079 440 3142 nullam
461 3079 557 3143 aliam
576 3096 656 3158 spem
672 3078 771 3157 pacis,
788 3097 878 3160 quam
898 3080 1014 3145 relictis
1028 3081 1203 3171 Karthagi-

137 3163 301 3238 niensibus,
317 3163 451 3248 Syphaci
465 3184 529 3226 cam
546 3163 694 3226 Romanis
708 3184 777 3226 esse.
824 3161 872 3226 Ita
896 3164 978 3228 tollit
997 3166 1151 3246 inducias,
1167 3185 1203 3235 ut

137 3248 239 3314 libera
263 3249 327 3313 fide
352 3250 479 3332 incepta
503 3261 740 3334 exsequeretur:
767 3247 974 3336 deductisque
998 3255 1131 3318 navibus
1160 3263 1204 3340 (ct

133 3337 202 3422 jam
224 3336 306 3399 veris
327 3335 520 3419 principium
541 3336 621 3415 erat)
643 3333 804 3398 machinas
830 3347 987 3400 tormenta
1011 3360 1059 3415 ue,
1076 3341 1163 3407 velut
1185 3366 1204 3407 a

137 3423 221 3488 mari
243 3421 448 3508 adgressurus
466 3419 605 3500 Uticam,
621 3423 755 3504 inponit.
801 3419 844 3486 Et
858 3421 923 3485 duo
945 3359 1044 3508 millia
1066 3427 1203 3493 militurn

139 3507 181 3574 ad
205 3506 405 3592 capiendum,
424 3528 515 3590 quern
539 3519 632 3571 antea
653 3520 806 3582 tenuerat,
829 3509 986 3574 tumulum
1009 3533 1104 3598 super
1128 3514 1203 3582 Uti-

138 3615 211 3660 cam
235 3593 348 3658 mittit:
372 3592 465 3656 simul
491 3605 525 3656 ut
548 3592 589 3656 ab
614 3615 662 3671 eo,
679 3593 765 3678 qnod
789 3593 931 3680 parabat,
950 3596 982 3659 iu
1007 3598 1136 3664 alterins
1159 3603 1203 3666 rei

137 3699 250 3746 curam
265 3691 462 3754 converteret
478 3677 614 3743 hostium
631 3679 769 3743 animos:
787 3679 881 3744 simul
895 3703 936 3745 ue
951 3705 1022 3768 qna,
1040 3707 1139 3772 qnurn
1153 3688 1204 3774 ip.

139 3789 176 3845 se
198 3765 238 3830 ad
263 3767 440 3852 Syphacem
465 3763 763 3852 Hasdrubalemque
788 3769 948 3849 profectus
969 3777 1204 3858 esset„eruptio

138 3875 182 3918 ex
200 3851 278 3918 urbe
292 3867 324 3916 et
342 3853 468 3936 inpetus
484 3854 515 3916 in
532 3866 633 3916 castra
652 3871 724 3929 sua,
735 3851 843 3916 relicta
868 3875 941 3918 curn
963 3855 1022 3921 levi
1042 3860 1205 3944 praesidio,

140 3938 242 4004 lieret.
588 3955 589 3960 ’
1200 3973 1201 3976 “

177 4151 204 4192 11
224 4143 321 4192 Prr‘m
340 4145 445 4211 ordiner]
468 4149 600 4198 Priscorum
619 4163 658 4199 ar·
690 4149 779 4212 tentia]
805 4151 1088 4212 tumescentem
1109 4169 1206 4220 respon·
1246 4146 1254 4158 Χ

138 4212 224 4260 diuum
242 4212 399 4259 centuriones.
422 4214 478 4263 Vsd.
497 4221 548 4266 nat.
571 4222 611 4264 nt.
628 4215 658 4264 sd
690 4217 888 4269 numularios
909 4219 965 4280 qnid
988 4221 1071 4270 simile.
1101 4223 1212 4275 Verbum

138 4280 156 4324 l.
169 4277 201 4324 Χ.
213 4289 234 4322 a·
245 4283 285 4324 85·
535 4335 539 4346 1
688 4281 753 4328 enim
769 4282 899 4329 mutaret
914 4285 954 4330 hic
972 4283 1051 4332 laeum
1067 4287 1207 4338 nonhabet.

176 4340 657 4406 tsProiade‚rerrr'prtrtarrtjamrea·
690 4346 1070 4401 vianet.et.·tl.111.c.sr.
1140 4373 1142 4377 ·

963 4419 971 4442 l'

740 4413 836 4474 nni
