3136 4970
382 177 441 240 m
652 181 686 200 *¹
743 167 1060 233 :immittit
1162 211 1201 233 ..

220 353 250 404 u.
262 353 289 402 c.
301 353 357 406 sss.
380 333 472 402 sibus
486 331 649 411 tenuisset,
664 344 760 403 nocte
771 330 813 400 in
821 331 895 402 litus
907 333 1073 418 aspasius
1083 333 1127 402 ad
1139 346 1265 419 partam
1282 355 1357 403 eam
1369 357 1441 402 mu·

220 419 250 468 b
260 421 289 466 ⁶·
300 420 354 468 ²0⁶·
379 423 418 499 ri,
434 445 498 509 qua
512 432 606 505 capta
621 419 794 506 Karthago
804 418 843 486 ab
859 421 1011 488 llcmauis
1025 419 1137 498 barat,
1151 420 1257 490 duuitr
1281 443 1342 486 aec
1356 443 1441 506 prm-

380 508 462 574 sidio
483 508 559 574 satis
579 505 683 574 valido
699 507 809 572 urbem
832 505 933 572 teneri
954 519 1052 587 ratus,
1066 519 1100 574 at
1118 507 1239 594 aliquos
1261 508 1440 594 oppidano-

380 618 452 660 rum
468 593 609 680 adspsm
623 591 762 660 novandi
777 614 827 656 res
849 591 972 678 aliquid
993 606 1145 660 moturos.
1191 594 1342 664 Ceterum
1356 615 1442 662 nun·

380 683 423 746 cii
436 704 477 746 ex
493 680 578 766 agris
593 678 710 764 trepidi
724 678 819 761 simpl
833 678 1070 764 populationem
1084 681 1319 768 agrestiumque
1330 680 1442 770 fugam

380 782 414 834 et
443 767 582 834 hostium
611 767 777 834 advenitio]
803 765 994 833 adtulerunt:
1017 778 1050 832 et
1072 767 1137 833 visa
1164 767 1304 833 interdiu
1332 768 1442 834 classis

380 863 459 932 erat,
477 875 535 920 uec
548 853 618 918 siue
637 851 890 919 caussaelectam
905 864 980 918 ante
1000 852 1111 920 urbem
1126 854 1293 921 sunonem
1308 855 1443 940 adpare-

382 941 448 1007 bat.
471 941 577 1026 itaque
599 939 747 1006 instructi
771 938 946 1025 armatique
968 938 1053 1004 intra
1077 953 1215 1024 portum,
1229 941 1271 1006 ad
1293 953 1442 1028 stagnum

382 1049 419 1095 ac
439 1047 527 1092 mara
548 1045 680 1104 versam,
698 1024 954 1090 continebantur.
1001 1023 1067 1092 Ubi
1088 1025 1178 1092 effusi
1203 1029 1319 1106 hostes,
1341 1028 1442 1094 mixta

382 1115 465 1180 iuter
495 1111 611 1180 milites
647 1111 766 1178 navalis
802 1110 906 1190 turba,
935 1110 977 1176 ud
1005 1133 1113 1178 muros
1142 1114 1280 1180 tumultu
1308 1115 1441 1201 majore,

405 1223 478 1268 uam
500 1200 542 1278 vi,
566 1198 741 1275 subierunt,
756 1196 912 1283 patefacta
934 1211 1065 1282 repente
1086 1213 1189 1285 porta,
1213 1199 1354 1268 Romani
1368 1223 1440 1268 cum

381 1223 522 1354 diamore
556 1296 746 1368 erumpunt:
786 1283 988 1370 turbatosque
1025 1283 1140 1366 hostes,
1169 1300 1201 1353 et
1229 1285 1272 1352 ad
1302 1289 1441 1370 primum

382 1371 816 1524 {ii‘illiawlliiuml‘
831 1369 1140 1535 itltlmntl‘lt
1161 1373 1441 1526 illidii

382 1545 483 1632 pulsae
506 1541 646 1629 trepidos
668 1477 870 1630 oecqepiqssqm‘
895 1503 1100 1630 superfuisset
1127 1567 1245 1632 pugnis
1274 1559 1331 1612 aut
1354 1545 1441 1634 fugae

382 1632 563 1785 3qu
584 1629 890 1784 illitati
911 1629 1441 1803 luilltlllltilldle

381 1803 552 1891 “orasque
565 1817 804 1880 stanconam
818 1802 852 1866 in
866 1801 1027 1868 mbliendo
1040 1825 1130 1870 mora
1144 1819 1233 1883 esset,
1249 1805 1441 1892 pmciduut

383 1889 539 1979 multique
560 1889 714 1991 adnautes
732 1887 878 1967 navibus,
888 1889 1024 1991 'incepto
1040 1912 1108 1977 prae
1131 1891 1280 1974 tenebris,
1295 1893 1371 1994 quid
1387 1906 1443 1959 aut

380 1988 768 2132 dlgddnludgtrllibredd
783 1973 1442 2153 ffindffirbetlddtbenbglerbigllsdtlbld
1530 2059 1531 2100 ³

381 2152 557 2239 octingenti
581 2150 726 2216 homines
749 2149 823 2214 etesi
846 2148 929 2214 inter
954 2169 1081 2216 murum
1106 2149 1255 2238 litusque,
1269 2165 1301 2218 et
1315 2153 1356 2218 ad
1378 2154 1442 2220 duo

381 2238 653 2306 millinarmorum
669 2237 806 2302 inventa.
844 2277 846 2284 ·

219 2329 375 2408 caussam-
427 2323 617 2392 XXXVII.
639 2324 749 2412 Mago,
769 2344 868 2410 quum
885 2322 991 2390 Gades
1007 2325 1181 2410 repetisset,
1197 2325 1343 2394 exclusus
1356 2327 1442 2404 inde,

220 2401 262 2451 ‘¹⁸’
275 2397 339 2474 ”⁰5¹⁰
382 2411 459 2477 ⁸⁷ad
476 2407 615 2478 Ci'mbim
633 2409 734 2496 (haud
747 2410 860 2495 procul
876 2431 896 2474 a
911 2409 1055 2476 Gadibus
1077 2412 1103 2476 is
1122 2411 1208 2480 locus
1223 2412 1324 2494 abest)
1340 2413 1443 2480 classe

220 2462 367 2576 emturum.
382 2498 527 2583 adpulsa,
552 2497 714 2566 mittendis
737 2495 859 2585 legatis,
880 2496 1115 2584 querendoque,
1139 2499 1226 2584 quod
1248 2512 1353 2585 portae
1382 2501 1443 2568 sibi

382 2584 578 2670 socioatquo
599 2584 702 2654 amico
716 2581 831 2650 clausae
845 2581 959 2659 forent,
974 2581 1000 2624 ⁸⁸
1009 2585 1219 2672 purgantibus
1232 2585 1444 2664 iia—multitu·

382 2670 467 2737 dinis
480 2691 638 2738 concursu
656 2668 785 2748 factum,
801 2667 923 2736 infestoe
937 2669 980 2734 ob
993 2669 1118 2756 direpta
1131 2673 1277 2758 quaedaru
1292 2673 1350 2739 abs
1365 2696 1444 2740 eou-

382 2757 604 2824 scendentibus
626 2779 720 2822 naves
745 2754 907 2834 militibus,
926 2755 968 2820 ad
991 2756 1194 2844 conloquium
1209 2757 1369 2826 ⁸⁹suffetes
1388 2785 1444 2828 eo·

382 2867 466 2924 rum,
481 2844 538 2932 qui
553 2865 696 2911 summus
712 2842 882 2944 Poenisest
895 2842 1107 2946 magistratuq
1123 2867 1197 2948 cum
1211 2860 1372 2947 quaestore
1387 2847 1445 2912 eli-

382 2927 1243 3105 iltlaiilttitltltllil?illiillidii
1256 2933 1445 3102 lltlil,

382 3104 494 3190 (Poeni
517 3117 676 3170 tumeam
698 3101 893 3182 incolebant)
915 3101 1089 3189 ⁹⁰trajecit:
1111 3104 1218 3192 itaque
1231 3105 1444 3174 classisbona

311 3269 313 3274 ,
380 3214 455 3260 cum
470 3214 549 3279 pace
564 3205 692 3275 accepta
714 3205 772 3270 est,
786 3211 847 3254 nec
864 3202 1059 3254 commeatus
1084 3191 1181 3258 modo
1202 3192 1341 3281 benigne
1361 3217 1445 3280 prta·

384 3279 450 3356 biti,
478 3277 532 3344 sed
556 3278 588 3342 in
615 3276 870 3362 supplementum
891 3274 998 3340 classis
1018 3278 1168 3363 juventus
1191 3301 1344 3367 armaque
1359 3280 1444 3348 data

405 3387 519 3434 uorum
534 3364 654 3430 fiducia
668 3363 785 3430 Poenus
798 3362 832 3427 in
849 3361 989 3428 Baliares
1004 3362 1119 3446 insulas
1135 3365 1386 3454 (quinquaginta
1398 3370 1446 3436 iu·

217 3389 423 3518 'sunamitide
439 3452 537 3518 millia
560 3451 690 3530 absunt)
711 3447 893 3514 transmisit.
939 3447 1026 3514 Duoe
1048 3463 1123 3516 sunt
1138 3451 1279 3516 Baliares
1300 3453 1446 3534 insnlaer,

217 3523 364 3636 {fflw
383 3540 484 3626 major
495 3538 594 3604 altera
608 3551 703 3624 atque
716 3534 895 3620 opulentior
906 3535 1002 3600 armis
1018 3535 1174 3621 virisquer
1197 3551 1373 3622 otpertum
1389 3541 1447 3608 hg.

748 3659 853 3707 ⁰iuarcloe
861 3659 907 3706 det.
920 3659 994 3706 Gron.
1007 3660 1075 3708 Creu.

413 3751 446 3806 86
464 3758 536 3821 Orus]
560 3757 713 3818 Retinacula,
731 3759 818 3818 quibus
835 3769 896 3818 pup-
928 3756 992 3804 nicia
1013 3759 1115 3807 emundi.
1160 3761 1240 3808 Gades
1262 3763 1329 3810 enim
1351 3765 1448 3816 colonia

381 3824 419 3883 pis
441 3824 517 3870 littori
543 3824 694 3884 alligabatur.
727 3825 820 3870 Eadem
850 3823 896 3870 hac
928 3821 1058 3884 Tyrium
1073 3831 1117 3872 est.
1145 3826 1242 3886 Saffum
1258 3829 1344 3889 lingua
1354 3830 1448 3877 manica

380 3901 441 3934 voce
458 3883 513 3948 jam
535 3901 594 3936 usus
618 3889 655 3934 cat
677 3887 763 3935 Livius
785 3901 857 3948 supra
879 3885 896 3933 1.
929 3888 1091 3951 auntjudr'ces.

381 3951 555 4000 xxttmtu.
602 3971 608 3980 ·
962 3953 994 4002 90
1013 3954 1448 4018 rrajeststmqueeteuatmesa

407 4015 439 4064 87
455 4016 496 4065 Art
507 4017 736 4128 Cr'mlq'qtgeNomen
748 4017 793 4064 loci
810 4030 897 4078 parum
925 4017 995 4080 pace]
1015 4019 1063 4066 Hic
1084 4018 1112 4068 el
1132 4021 1209 4082 traque
1230 4028 1372 4082 asspectum
1394 4037 1448 4070 esse

380 4087 478 4140 nutum,
489 4082 527 4128 vel
538 4083 575 4128 lor
645 4084 813 4142 depravatum.
926 4089 1015 4142 potest,
1037 4087 1103 4145 quod
1122 4086 1205 4134 nullus
1231 4087 1336 4147 mrtptm
1362 4089 1447 4136 babet·

412 4143 647 4209 SS'Purgaatrbui]
660 4149 895 4208 Adpurgandumue
926 4147 1032 4202 Quidam
1051 4150 1126 4196 etiam
1148 4151 1267 4198 omittunt
1281 4154 1448 4202 neoeuefium

380 4210 525 4260 urentibus.
929 4214 1030 4262 omuino
1047 4216 1149 4262 verbum
1166 4216 1267 4279 trajecit.
1299 4215 1449 4266 Sodomam

412 4276 444 4324 89
460 4276 559 4337 Suffitas
588 4291 677 4335 comm,
715 4279 755 4338 qui
793 4291 897 4324 summus
930 4279 1007 4324 nostri
1025 4285 1110 4328 tenent
1126 4281 1152 4326 id
1167 4282 1232 4342 quod
1248 4282 1397 4336 Gronovius,
1409 4283 1448 4328 ni·

379 4340 461 4388 Poeur'r
490 4347 524 4390 ert
553 4343 717 4404 rangistrutm]
746 4341 842 4402 Nempe
872 4349 897 4390 et
929 4342 1008 4389 mium
1027 4345 1156 4394 obsecutus
1168 4343 1322 4400 enacmin.
1340 4343 1448 4408 mactum

379 4407 493 4456 Gaditani
515 4407 587 4454 Puni
601 4413 679 4464 erant,
691 4406 716 4452 id
732 4413 778 4462 est,
795 4421 809 4454 e
827 4407 897 4454 Phua·
930 4408 1016 4466 voluit,
1028 4408 1107 4460 clatris
1117 4411 1172 4458 lonc
1183 4421 1236 4460 tum
1241 4422 1309 4471 pacc-
1528 4449 1529 4480 q
