3122 4962
297 121 388 236 ,m
723 165 836 249 rsrr
864 167 1000 227 nrvrr
1082 149 1085 161 '

169 347 306 464 nst:
331 329 1393 571 teratrrmntrttqrrtrrutrustra

333 507 473 591 Hispani
487 505 600 570 milites
615 520 646 568 et
659 503 802 568 lirnditor
867 503 962 580 liaris,
977 504 1136 590 elephanti
1153 527 1289 592 quoque,
1306 523 1393 571 cont·

331 593 427 658 misso
445 594 512 678 jam
527 591 698 656 certamine
712 589 744 654 in
760 589 913 676 proelium
936 591 1009 656 acti.
1053 591 1123 655 Diu
1146 613 1255 680 pugna
1276 593 1392 658 neutro

331 679 486 742 inclinata*
501 678 596 742 stetit.
643 677 760 741 Primae
780 676 897 763 legioni
917 678 1021 756 tertia,
1040 677 1180 742 dexterae
1192 677 1394 744 almainistra

332 766 438 842 subiit,
468 775 501 828 et
529 763 614 848 apud
639 762 745 828 hostes
769 764 885 848 integri
911 785 931 828 e
953 762 1041 830 fessis
1065 785 1207 852 pugnam
1232 787 1392 851 accepere.

333 853 461 916 Novum
479 862 575 937 atque
596 864 689 914 atrox
711 850 863 935 proelium
878 871 919 915 ex
934 863 999 915 tam
1014 851 1103 934 segni
1118 864 1247 935 repente
1260 853 1393 932 exarsit,

331 937 512 1002 recentibus
533 937 646 1000 animm
670 936 934 1024 corporibusque:
958 936 1014 1000 sed
1036 955 1101 1001 nox
1128 937 1248 1004 incerta
1261 939 1395 1004 victoris

333 1025 462 1090 diremit
485 1035 672 1112 pugnantes.
719 1020 852 1088 Postero
872 1023 924 1088 die
947 1022 1085 1088 Romani
1107 1024 1149 1088 ab
1171 1024 1238 1088 sole
1260 1039 1334 1089 orto
1359 1025 1393 1089 in

334 1111 470 1175 multum
496 1110 558 1174 diei
583 1123 695 1174 stetere
718 1110 749 1173 in
773 1111 856 1175 acie:
883 1109 937 1174 ubi
962 1131 1056 1173 nemo
1077 1108 1217 1176 hostium
1245 1112 1395 1176 adversus

334 1199 464 1284 prodiit,
479 1196 582 1283 spolia
595 1217 653 1280 per
662 1194 762 1260 otium
777 1196 894 1296 legere,
909 1210 940 1262 et
954 1210 1121 1284 congestos
1133 1198 1165 1260 in
1176 1219 1276 1262 unum
1290 1197 1397 1264 locunt

173 1294 232 1342 ann
242 1294 318 1350 Hm„
334 1307 513 1350 cremavere
528 1303 614 1346 suns.
659 1282 763 1348 Nocte
776 1283 955 1368 insequenti
976 1273 1145 1346 Hannibal
1156 1283 1283 1348 silentio
1295 1283 1395 1350 movit

172 1361 447 1448 nibilnoctu’castra
463 1383 495 1433 et
510 1370 542 1432 in
559 1367 710 1454 Apuliam
725 1368 819 1434 abiit:
843 1367 1027 1446 Marcellus,
1043 1369 1099 1434 ubi
1120 1369 1178 1434 lux
1197 1368 1305 1458 fugam
1320 1371 1395 1436 hos-

172 1431 288 1483 sequente

172 1487 297 1538 Marcello.

334 1460 414 1523 tiam
429 1457 565 1542 apernit,
581 1455 694 1520 sauciis
708 1475 780 1519 curn
802 1456 952 1542 praesidio
972 1455 1099 1521 modico
1124 1456 1333 1522 Numistrone
1346 1479 1397 1523 re-

334 1544 427 1622 lictis,
443 1543 678 1628 praepositoque
692 1539 741 1605 his
758 1542 797 1606 L.
814 1543 912 1607 Furio
931 1542 1139 1627 Purpureone
1159 1543 1290 1608 tribuno
1313 1545 1397 1608 miii-

334 1645 416 1708 tum,
433 1628 570 1716 vestigiis
584 1629 696 1692 institit
711 1629 810 1710 sequi.
855 1629 908 1694 Ad
920 1629 1092 1692 Venusiam
1105 1628 1239 1714 adeptus
1253 1652 1326 1694 eum
1338 1645 1395 1696 est.

336 1717 386 1780 lbi
401 1739 459 1802 per
473 1715 540 1780 dies
554 1714 593 1778 ali
615 1728 673 1778 not
682 1737 780 1801 quum
796 1715 835 1779 ab
849 1714 1036 1780 stationibus
1049 1729 1299 1802 procurreretur,
1315 1717 1397 1782 mix·

334 1816 368 1867 ta
393 1803 536 1890 equitnm
561 1737 767 1886 peditumque
782 1801 989 1866 *tumultuosa
1019 1803 1119 1887 magis
1146 1802 1270 1886 proelia,
1300 1825 1397 1890 quam

334 1911 463 1978 magna,
487 1904 518 1952 et
542 1889 640 1952 ferme
663 1887 771 1951 omnia
796 1888 950 1952 Romanis
972 1887 1111 1953 secunda
1131 1887 1270 1956 fuerunt.
1316 1890 1397 1954 Inde

333 1997 393 2061 per
408 1975 558 2060 Apuliam
571 1973 660 2039 ducti
674 1973 830 2038 exercitus
841 1974 907 2039 sine
918 1973 984 2039 ullo
994 1975 1201 2040 memorando
1211 1976 1397 2052 certamine;

335 2085 434 2149 quum
459 2060 625 2127 Hannibal
646 2074 741 2125 nocte
761 2063 852 2148 signa
873 2071 1025 2137 moveret,
1040 2060 1145 2126 locum
1167 2061 1289 2126 insidiis
1307 2085 1396 2148 qure-

334 2172 423 2226 rens3
449 2146 633 2226 Marcellus,
648 2147 708 2211 nisi
723 2161 811 2212 certa
830 2147 912 2230 luce,
926 2160 960 2212 et
973 2147 1140 2231 explorato
1161 2161 1245 2226 ante,
1261 2169 1327 2214 non
1349 2173 1397 2216 se·

355 2249 493 2302 ueretur.

333 2259 354 2324 q
379 2323 442 2387 111.
459 2323 581 2407 Capuae
593 2321 718 2386 interim
733 2316 865 2384 Flaccus
875 2319 951 2384 dum
964 2322 1054 2386 bonis
1064 2321 1245 2406 principum
1256 2321 1396 2388 renden-

333 2409 393 2486 dis,
419 2431 507 2494 agro,
535 2408 590 2494 qui
613 2407 794 2493 publicatus
817 2405 929 2484 fuerat,
954 2407 1090 2472 locando
1116 2407 1142 2492 (⁷
1150 2406 1265 2473 locavit
1290 2409 1397 2473 autem

332 2515 460 2559 omnem
477 2494 653 2575 frumento)
669 2504 795 2578 tempus
809 2492 897 2568 terit3
921 2515 962 2557 ne
975 2493 1096 2559 deesset
1110 2495 1242 2560 materia
1255 2495 1288 2558 in
1301 2495 1397 2560 Carn-

333 2601 435 2665 panos
446 2580 606 2656 saeviendi,
622 2601 742 2643 novum
757 2581 789 2642 in
800 2578 926 2644 occulto
936 2579 1072 2667 gliscens
1085 2600 1143 2665 per
1154 2579 1308 2646 indicium
1322 2603 1398 2666 pro·

334 2679 472 2734 tractum
487 2679 533 2729 est
547 2664 675 2729 facinus.
723 2664 844 2730 Milites
858 2665 1001 2731 aediliciis
1015 2679 1146 2746 emotus,
1160 2666 1253 2732 simul
1269 2679 1305 2732 ut
1323 2690 1398 2734 cum

335 2775 414 2841 agro
428 2765 512 2817 tecta
526 2751 613 2816 urbis
624 2751 758 2816 fruenda
772 2753 962 2830 locarentur,
976 2753 1068 2817 simul
1083 2766 1237 2830 metuens,
1249 2776 1290 2819 ne
1304 2776 1396 2820 suum

335 2863 378 2927 qu
422 2863 461 2904 ue
475 2839 660 2916 exercitum,
676 2839 759 2901 sicut
779 2837 983 2920 Hannibalis,
998 2839 1097 2903 nimia
1119 2839 1208 2904 urbis
1227 2841 1399 2906 amoenitas

335 2863 503 3006 emblliret,
517 2926 551 2989 in
566 2925 667 3008 portis
682 2925 842 3012 murisque
864 2925 987 2990 sibimet
1009 2926 1094 3010 ipsos
1113 2938 1197 2991 tecta
1219 2926 1400 2992 militariter

336 3016 482 3100 coligeret
500 3011 670 3076 aedilicare.
694 3025 785 3076 erant
809 3023 915 3076 autern
941 3010 1092 3098 pleraque
1116 3035 1156 3076 ex
1181 3013 1319 3078 cratibus
1343 3026 1400 3080 aut

336 3098 450 3164 tabulis
463 3097 556 3175 facta,
573 3096 636 3161 alia
655 3097 810 3162 arundine
831 3109 927 3174 texta,
944 3109 1119 3164 stramento
1142 3099 1258 3164 intecta
1278 3101 1400 3182 omnia,

336 3184 422 3250 velut
436 3185 476 3249 de
490 3184 657 3259 industria,
681 3183 837 3249 alimentis
859 3183 952 3272 ignis.
996 3185 1106 3250 8Ηωο
1121 3186 1224 3250 noctis
1239 3189 1304 3250 una
1318 3185 1401 3253 bora

336 3288 372 3339 ut
386 3271 493 3338 omnia
507 3270 724 3352 incenderent,
739 3282 867 3336 centum
878 3271 1078 3359 septuaginta
1094 3271 1262 3359 Campani,
1277 3274 1399 3359 princi-

336 3439 850 3502 locnmlegerevidenrnrposse....llc·
881 3453 937 3486 anm
963 3453 1074 3501 acrem
1106 3442 1164 3488 Jsrn
1191 3443 1285 3490 duobus
1312 3445 1399 3502 perob-

337 3510 405 3554 mant'
423 3508 548 3554 sinistrum
565 3505 596 3550 ad
616 3504 726 3566 oppidum
748 3503 850 3565 appllco·
882 3504 959 3554 scutit
976 3505 1036 3556 locis
1054 3507 1071 3552 l.
1088 3505 1174 3555 XXII.
1190 3521 1211 3554 c.
1224 3507 1264 3556 dle
1280 3513 1306 3554 et
1322 3521 1345 3555 c.
1356 3507 1398 3556 38.

338 3576 398 3618 rent.
431 3571 578 3630 Dtupspnn
593 3569 850 3617 anteactarum·
882 3569 964 3616 consti
981 3583 1067 3616 sumus
1087 3571 1179 3618 mederi
1196 3571 1309 3618 similiter
1329 3586 1399 3620 revo-

338 3638 376 3682 ut.
409 3635 447 3682 Aa
465 3635 523 3680 hora
541 3635 612 3682 tertia
628 3648 699 3695 qrrum
717 3632 748 3680 nd
763 3637 851 3680 aarum
882 3634 960 3680 cando
977 3635 1003 3680 in
1018 3635 1128 3682 ordinem
1147 3637 1258 3684 membra
1274 3635 1399 3693 orationis,

335 3715 443 3760 paganam
472 3699 626 3746 entersdtsmrt
654 3697 768 3759 fissaque
788 3711 852 3758 pug-
884 3711 940 3758 quoe
958 3699 1022 3746 mate
1040 3696 1142 3762 trajam
1158 3701 1308 3748 ridebantur.
1342 3702 1399 3750 vid.

338 3765 415 3810 acardo
431 3765 519 3823 prs'moe
540 3763 600 3810 artes
617 3767 700 3820 mart,
722 3775 778 3822 quae
799 3763 853 3822 qui·
884 3762 1014 3811 etinfrae.
1026 3762 1067 3812 36.
1077 3761 1151 3826 hujus
1161 3766 1224 3814 libri.

338 3825 395 3874 de'rn
412 3829 498 3888 prime
514 3828 577 3875 scies
593 3833 663 3874 erant
681 3827 711 3874 ab
727 3825 853 3886 Basante,
917 3827 934 3874 'l-
948 3827 1047 3876 bennit
1066 3834 1143 3876 asum
1160 3843 1250 3877 manem
1261 3827 1397 3898 frumento]

338 3894 365 3938 id
382 3899 419 3940 est
439 3893 470 3938 sb
492 3893 660 3940 Romanorum
676 3896 753 3952 parte,
770 3893 853 3952 prima
885 3891 941 3939 Hoc
951 3898 997 3948 est,
1009 3900 1037 3942 ut
1047 3894 1164 3942 frumenti
1183 3900 1278 3942 certum
1294 3897 1398 3944 modum

276 3975 280 3996 ι
337 3957 399 4017 legio
420 3960 443 4002 ct
464 3956 557 4004 ἀείσω
574 3957 621 4012 ala,
638 3956 666 4003 ab
683 3955 808 4016 Atalmo,
827 3957 853 4004 id
885 3958 1017 4016 penderent
1051 3959 1140 4017 coloni,
1176 3972 1225 4006 non
1260 3961 1397 4021 pecuniam.

338 4027 385 4076 est,
397 4024 430 4068 ab
440 4023 567 4070 Annibalis
582 4027 659 4083 parts,
671 4019 780 4082 Hrspam
788 4021 854 4068 milt-
886 4019 976 4069 Hans.
989 4021 1139 4071 Vanasrus.

338 4090 381 4142 ter,
398 4091 421 4134 tl
433 4085 547 4150 finaliter
566 4087 685 4145 Balearis,
700 4090 723 4132 cl
737 4085 854 4146 ekflsmrt
917 4086 934 4133 8
948 4086 1010 4134 Htw
1020 4088 1092 4134 amris
1101 4102 1149 4136 utta
1158 4087 1215 4135 dora
1225 4093 1253 4136 ul
1262 4090 1342 4136 mnata
1357 4091 1398 4142 μή-

338 4163 434 4212 quaqua
456 4152 499 4214 qui
520 4153 639 4198 mmmtssa
652 4153 708 4214 jam
728 4153 864 4207 malae,
883 4149 1004 4198 merear
1022 4155 1114 4200 &mum
1127 4155 1279 4216 acptsogtsta
1294 4154 1398 4216 Campa·

339 4221 365 4283 ἐμ
377 4217 489 4277 pralium
500 4218 548 4262 acts·
558 4217 670 4276 ruerant,
685 4217 770 4276 primo
779 4215 851 4278 legio·
885 4215 911 4260 ssi
922 4246 930 4262 .
940 4245 947 4261 .
958 4217 1146 4282 sufflammat]
1165 4217 1255 4266 Victor·
1272 4220 1358 4275 codex,
1371 4225 1398 4266 ut

336 4284 363 4327 nt
375 4283 459 4338 'terlata
470 4285 492 4328 et
503 4281 604 4327 dcaetcroe
622 4282 666 4327 aloe
683 4281 783 4328 stanna
800 4281 851 4328 sst-
885 4279 1077 4338 nuenariani,
1093 4283 1185 4334 omittit
1196 4280 1268 4339 cist,
1280 4289 1306 4330 et
1320 4284 1398 4332 lmen-

336 4346 374 4404 tu,
385 4351 409 4395 et
420 4345 565 4408 apostante
576 4346 665 4407 integra·
676 4362 691 4392 a
700 4345 775 4408 fissa
786 4353 851 4412 m·
882 4343 935 4394 dere
945 4345 1027 4404 habet,
1039 4361 1088 4395 non
1099 4347 1249 4398 tsecadsrsnt.
1275 4347 1398 4398 lleremur
