3122 4962
432 163 531 264 arn.
560 197 675 262 xxm.
701 201 814 286 (aar.¹
833 197 949 263 xxvr.
1163 205 1220 270 sss
1318 193 1321 203 ¹

158 381 227 434 mm
236 366 486 436 exsecrationem
499 366 533 432 in
545 366 724 453 populares,
734 366 974 432 obtestationem
984 361 1079 454 quam
1088 365 1219 430 sanctis
1228 382 1257 430 u.
1269 381 1296 429 c.
1307 368 1380 430 ab.¹

156 455 270 520 simam
281 464 465 540 potuerunt
480 452 628 520 adversus
648 453 798 532 hospites,
814 465 1070 535 composuerunt.
1084 449 1295 538 precari-M
1307 447 1364 498 ²¹¹·

157 561 223 625 quc
237 540 495 625 aimul'Epirotas
509 553 593 616 aunt,
610 554 655 615 ut,
671 541 725 626 qui
746 561 875 604 suorum
890 540 923 602 in
938 539 1006 602 acie
1024 538 1219 622 cecidissent,

157 648 214 690 eos
234 649 300 692 uno
321 626 444 692 tumulo
465 639 682 713 contegerent,
694 626 980 712 “adbibercutque
992 624 1130 689 hamatis
1144 625 1220 690 titu-¹

158 711 246 778 lum:
284 734 346 779 arc
378 733 444 778 srrr
481 732 570 778 suar
598 731 815 789 noanneane,
847 731 922 793 qur,
952 731 1122 776 savansus
1155 731 1219 775 vrnr

158 817 273 880 arque:
312 818 485 866 ruruarsu
514 816 711 864 arroaoaurr
748 813 813 863 rao
843 819 965 862 earnm
1000 817 1218 876 racusanus,

159 903 307 950 moneam
329 905 592 951 oacoaurauur.
638 885 701 950 Per
724 885 794 949 baec
817 885 957 950 incitatis
979 885 1102 960 animis,
1117 884 1220 950 ⁸9cas·

158 983 211 1038 tra
225 973 257 1036 ia
274 973 426 1040 extremis
447 971 563 1036 finibus
585 972 648 1035 suis
669 971 784 1035 obvia*
798 970 882 1036 hosti
897 986 1080 1056 posuerunt.
1098 972 1221 1036 nunciis

159 1056 202 1122 ad
220 1057 404 1144 Philippum
416 1057 526 1134 missia,
542 1069 664 1144 quanto
674 1079 722 1121 res
734 1059 767 1120 in
778 1057 958 1122 discrimine
973 1069 1062 1133 esset,
1075 1057 1221 1122 omittere

163 1143 361 1232 Philippum,
387 1144 419 1209 id
444 1144 588 1230 quadiu
612 1144 758 1208 manibus
783 1149 862 1224 crat,
891 1147 1064 1231 coiigerunt
1089 1143 1218 1220 bellum,

158 1229 372 1314 Jampboriua
394 1253 452 1316 per
470 1231 662 1296 deditionem
687 1243 824 1314 recepta,
839 1243 870 1294 et
887 1253 1050 1315 prospero
1066 1229 1128 1294 alio
1149 1253 1220 1294 suc·

160 1339 250 1382 wau
264 1339 380 1382 rerum.
417 1317 595 1384 AEtolorum
612 1316 754 1400 inpetum
767 1317 944 1381 tardaverat
958 1317 1064 1401 primo
1074 1319 1237 1403 conjura-·

162 1403 257 1468 tionis
272 1401 356 1468 fama
371 1399 597 1468 Acarnanicae:
620 1403 735 1468 deinde
749 1403 875 1469 auditus
892 1403 1033 1488 Philippi
1057 1404 1220 1479 adventus,
1330 1419 1334 1426 ·

161 1489 410 1576 regredietiam
442 1489 474 1552 in
504 1490 634 1554 intimos
663 1489 768 1575 oo'e'git
795 1491 887 1554 fines.
932 1491 1002 1554 Neo
1041 1489 1219 1574 Philippus,

162 1597 423 1662 quemquamne
436 1575 691 1659 obprimerentur
706 1579 900 1652 Acarnanes,
917 1575 1082 1640 itineribus
1098 1578 1221 1660 magnis

162 1664 253 1739 ierat,
270 1661 354 1727 ultra
369 1662 468 1726 Dium
484 1675 532 1726 est
547 1675 741 1748 progressus.
756 1662 841 1739 iude,
857 1683 955 1749 quum
978 1663 1118 1727 audisset
1139 1662 1222 1726 redi-

162 1761 230 1816 tum
248 1747 432 1814 AEtolorum
448 1769 488 1812 ex
505 1748 698 1826 Acarnania,
714 1749 827 1834 etipse
843 1749 962 1813 Pallam
979 1750 1081 1814 rediit.

207 1834 341 1900 XXVI.
366 1834 527 1914 Laevinus,
542 1836 622 1900 veris
637 1835 795 1920 principio
810 1859 828 1898 a
844 1836 986 1921 Corcyra
999 1835 1158 1920 proiectus
1167 1858 1222 1900 na·

163 1921 264 1998 vibus,
280 1932 430 2004 superato
444 1921 603 1993 leucatas
617 1922 846 2006 promontorio,
863 1943 960 2006 quum
976 1924 1109 1986 venisset
1132 1924 1221 1986 Nao-

163 2021 303 2094 pactum,
321 2008 507 2092 Anticyram
522 2007 597 2074 inde
612 2029 644 2072 ae
656 2007 830 2094 petiturum
846 2007 958 2084 edixit,
980 2021 1016 2072 ut
1038 2022 1156 2094 praesto
1178 2009 1222 2072 ibi
1231 2015 1373 2076 Anticyram

162 2099 283 2180 Scopas
295 2092 460 2178 AEtolique
471 2107 584 2158 essent.
631 2095 699 2158 Sita
713 2094 865 2178 Anticyra
879 2109 927 2159 est
941 2095 975 2157 in
992 2095 1129 2159 Locride
1143 2082 1356 2159 laevaonpngnat

161 2193 252 2268 parte
267 2180 370 2246 sinum
389 2179 629 2244 Corinthiacum
646 2180 845 2244 intrantibus.
869 2180 963 2244 brere
985 2192 1071 2244 terra
1092 2182 1154 2244 iter
1168 2203 1221 2258 eo,

68 2321 70 2324 .
162 2267 267 2332 brevis
289 2266 450 2351 navigatio
475 2265 516 2330 ab
541 2266 707 2351 Naupacto
724 2282 780 2331 est.
825 2266 937 2330 Tertio
957 2265 1057 2330 ferme
1078 2281 1151 2351 post
1172 2267 1224 2334 die

164 2354 325 2438 utrimque
338 2352 519 2438 obpugnari
534 2367 638 2436 coepta
651 2366 707 2416 est.
752 2353 888 2416 Gravior
903 2377 921 2415 a
935 2354 1015 2417 mari
1027 2354 1224 2442 obpugnatio
1259 2359 1265 2373 ¹

162 2452 247 2516 eratt
271 2440 345 2524 quia
359 2450 563 2506 et'tormenta
584 2437 801 2525 machinaque
822 2439 925 2503 omnis
947 2441 1071 2522 generis
1088 2442 1119 2503 in
1135 2441 1223 2503 nari-

127 2527 131 2534 ’
162 2527 222 2591 bus
236 2538 337 2602 erant,
354 2539 386 2589 et
402 2524 542 2588 Romani
554 2524 876 2611 indeobpugnabant.
922 2525 1224 2612 Itaqueintrapau-
1298 2588 1302 2596 ,

160 2633 215 2677 cos
229 2611 297 2676 <lies
310 2625 438 2697 recepta
451 2613 528 2675 urbs
541 2631 600 2695 per
614 2610 807 2675 deditionem
823 2611 939 2676 AEtolis
949 2613 1098 2691 traditur,
1114 2613 1225 2698 praeda

162 2721 204 2764 cx
218 2710 313 2784 pacto
330 2697 484 2762 Romania
498 2697 601 2762 cessit.
639 2698 755 2762 Litorae
767 2699 896 2764 Laevino
906 2701 1047 2782 redditae,
1063 2698 1223 2764 consulem

162 2807 235 2852 eum
258 2784 420 2849 absentem
441 2783 646 2862 declaratum,
663 2798 694 2848 et
708 2805 921 2850 successorem
937 2787 1042 2850 venire
1062 2786 1101 2851 P.
1117 2785 1224 2873 Sulpi-

162 2873 259 2937 cium.
274 2881 426 2951 ceterum,
442 2869 593 2935 diuturno
606 2870 648 2936 ibi
663 2871 776 2936 morbo
791 2872 961 2957 inplicitus,
976 2873 1074 2938 aerius
1088 2895 1144 2958 spe
1154 2895 1223 2937 om·

162 2959 255 3038 aium
277 2957 415 3022 Romam
431 2956 526 3021 venit.
571 2956 620 3020 M.
638 2955 822 3035 Marcellus,
838 2981 936 3044 quum
961 2959 1071 3024 Idibus
1094 2959 1223 3026 Martiis
1233 2965 1261 3012 U·
1272 2965 1301 3012 ⁰·
1312 2963 1368 3012 ⁵42·

162 3043 362 3110 consulatum
386 3043 504 3122 inisset,
520 3053 662 3108 senatum
679 3065 717 3108 eo
731 3043 793 3120 die,
809 3045 905 3108 moris
919 3045 1017 3110 modo
1031 3069 1149 3124 caussa,
1166 3033 1262 3112 hest·
1272 3030 1298 3077 ⁰·
1311 3028 1367 3139 ²¹2:

162 3130 249 3196 buit:
273 3127 439 3216 professus,
456 3130 538 3194 nihil
550 3151 591 3206 aa,
606 3129 729 3194 absente
742 3133 866 3216 collega,
882 3154 977 3218 neque
996 3135 1034 3198 de
1054 3135 1220 3216 republica,
1231 3095 1384 3210 liuilni?

94 3221 97 3228 '
161 3239 258 3302 neque
282 3219 321 3280 de
338 3215 523 3299 prouinciis,
548 3226 696 3280 acturum.
741 3217 827 3281 Scire
848 3241 889 3296 se,
901 3220 1085 3304 fiequentes
1106 3221 1288 3285 Siculoslen'o
1299 3223 1333 3271 1¹·

156 3322 258 3388 prope
270 3301 372 3368 urbem
387 3303 421 3366 in
440 3303 525 3366 uillis
537 3302 770 3366 otneeatomm
787 3324 906 3367 moment
922 3328 991 3369 esse.
1017 3307 1133 3390 quidus,
1149 3292 1294 3369 tan-⁰⁰³²*
1313 3370 1318 3378 ,

161 3399 224 3455 lum
245 3389 357 3468 adesse,
374 3397 407 3452 ut
423 3409 530 3471 perse
544 3409 605 3450 reon
619 3389 712 3474 liceat
729 3391 839 3472 palam
853 3391 962 3454 Rornae
981 3394 1113 3455 crimina
1135 3394 1221 3455 edita

153 3477 291 3561 fictaque
304 3475 493 3543 etinimicis
513 3477 649 3558 uulgare,
664 3481 711 3551 uti·
732 3477 767 3538 ni
788 3477 979 3556 simularent,
1004 3480 1136 3562 aliquem
1160 3478 1222 3542 sibi
1331 3551 1335 3560 ι

160 3565 309 3639 timorem,
325 3561 448 3626 absente
467 3563 593 3646 collega,
610 3563 734 3624 dicendi
744 3563 785 3624 de
798 3564 917 3626 coraule
938 3586 1008 3638 esse,
1024 3565 1090 3646 ipse
1110 3563 1154 3628 eis
1168 3586 1221 3628 ee-

159 3649 273 3733 templo
294 3649 424 3712 daturus
445 3655 580 3730 serratum
592 3647 709 3734 fierit.
760 3647 821 3714 Ubi
841 3651 959 3733 quidem
981 3651 1097 3734 collega
1122 3651 1221 3715 uenir-

159 3744 215 3816 ιιι,
231 3755 292 3798 raon
308 3754 470 3818 pasmmon
485 3735 652 3818 quidquam
666 3735 759 3820 prius
773 3735 838 3818 agi,
854 3755 943 3819 quam
957 3745 992 3799 ut
1005 3737 1103 3800 Siculi
1125 3737 1158 3800 in
1175 3759 1221 3802 se·

159 3831 266 3886 nalum
292 3821 537 3888 introducantur.
581 3820 740 3884 Delectant
763 3840 864 3902 prope
884 3843 905 3883 a
929 3821 977 3886 Μ.
1000 3821 1144 3886 Cornelio
1161 3846 1224 3908 per

160 3915 256 3972 lotum
278 3907 419 3976 Siciliam
442 3906 589 3986 lubitum,
605 3915 639 3969 at
653 3907 872 3990 quamplurimi
892 3917 1025 3990 questum
1047 3909 1085 3971 de
1104 3931 1136 3973 se
1157 3911 1224 3974 Ro·

160 4013 240 4058 mum
261 3993 566 4069 mimatensem
589 3994 691 4058 literis
702 3992 806 4078 salsis
829 3992 929 4056 urbem
952 3995 1101 4076 implesse,
1116 3995 1224 4060 bellum

370 4135 386 4166 ⁸
398 4133 487 4182 meum
499 4133 574 4180 Gran.
623 4139 625 4146 “
713 4131 929 4200 inuenturos
942 4133 1011 4180 orer.
1057 4195 1060 4200 Ι
1148 4187 1153 4198 ,

164 4237 170 4244 ’
193 4247 226 4296 88
241 4229 619 4314 Ᾱόὴῑῡὲνεπίῳιε....ὶίειι1αηι]
635 4249 681 4296 Lc-
713 4248 752 4295 Sic
764 4253 833 4294 vetur
849 4247 940 4312 Sigonli
953 4249 1024 4308 liber,
1034 4227 1072 4296 ric¹
1085 4253 1230 4295 trecenos·⁴
1340 4229 1342 4234 ⁸

160 4311 405 4375 gecumGro'novio,
416 4313 578 4381 adscriberent.
685 4369 687 4380 Ι
712 4312 769 4360 tria:
788 4312 1088 4377 meumqnamusvnrgo,
1096 4312 1194 4360 uuass

196 4377 229 4426 39
245 4379 330 4428 unam
340 4411 349 4428 .
360 4409 368 4428 .
378 4381 446 4429 ulula
463 4379 525 4428 larii
538 4377 678 4443 munt]
789 4429 797 4446 ι

209 4460 283 4506 VOL·
297 4463 340 4513 11.
771 4461 793 4504 2

1232 2144 1359 2191 Laevinus
1458 2155 1462 2160 ’
