3036 4972
173 385 205 437 U.
215 385 243 438 0.
254 387 311 438 OEd.

173 453 204 502 A·
215 453 242 503 G.
254 453 310 504 nln

170 1417 305 1468 canusium

170 1485 243 1532 multi
255 1485 304 1532 Ro·

319 205 393 268 ‘124
563 141 568 162 Ι
730 201 843 264 Tiri
872 202 1008 264 lerl
1090 207 1094 216 '

330 370 422 438 unde
433 370 468 434 iri
481 367 702 458 senatnmtlegi
717 368 880 446 deberent,
896 391 995 457 quum
1018 391 1076 434 sus
1095 367 1401 438 ¹voluntatauriiites
1502 403 1503 448 1

333 459 368 527 in
389 455 569 545 legionibus
589 454 666 522 faeti
691 469 803 522 essent.
848 456 953 542 Capta
966 479 1004 521 eo
1017 459 1133 542 proelio
1152 458 1214 521 tria'
1228 457 1328 526 millia
1341 479 1399 544 pe·

308 608 312 625 ,
333 544 438 610 ditum
452 559 484 608 et
497 544 620 630 equites
634 544 768 609 trecenti
782 543 944 609 dicuntur.
981 557 984 564 ’
1003 563 1006 574 ’

378 625 420 696 L.
444 631 529 695 Haeo
554 645 601 695 est
625 651 734 716 pugna
760 630 949 708 Cannensis,
975 629 1109 694 Alliensi
1128 629 1212 694 eiadi
1233 627 1400 696 nobilitate

325 739 410 803 ‚pars
432 727 572 782 'ceterum
600 729 637 781 ut
659 716 731 793 illis,
755 739 828 804 quae
853 728 926 802 post
950 737 1091 804 pugnam
1117 715 1269 794 accidere,
1284 717 1396 795 levior,

321 805 410 888 *quia
424 803 466 870 ab
478 803 569 868 hoste
583 814 736 882 cessatum
751 811 815 880 est3
838 804 883 866 sic
898 816 1003 887 strage
1020 804 1176 868 exercitus
1194 804 1323 890 gravior
1336 803 1398 868 fos·

324 889 476 975 ‚diorqun
497 889 581 979 fuga'
595 912 733 977 namque
746 890 788 954 ad
805 889 922 954 Alliam
944 891 1026 954 sient
1046 890 1157 954 arbem
1181 889 1332 974 prodidit,
1351 890 1398 955 ita
1503 917 1504 960 Τ

332 977 511 1042 exereitum
539 979 691 1042 serravits
726 975 768 1040 ad
794 975 923 1040 Cannas
951 974 1313 1064 fugientemiconsulem
1341 977 1398 1041 rix
1503 1009 1504 1022 κ

332 1064 535 1152 septuaginta
563 1065 661 1128 secuti
687 1072 780 1126 sunt:
809 1061 972 1129 “walterius
995 1063 1158 1127 morientis
1180 1085 1283 1148 prope
1310 1075 1398 1128 totus

331 1151 492 1216 exercitus
505 1149 575 1215 suit
617 1148 709 1214 Binis
723 1149 758 1211 in
772 1149 881 1213 castris
906 1157 1005 1235 quani
1029 1148 1202 1214 multitudo
1222 1146 1400 1216 semiermis

332 1239 400 1302 sine
421 1237 555 1302 ducibus
573 1247 663 1312 asset,
678 1234 878 1316 ⁴8nuncians,
895 1235 996 1320 quiin
1011 1236 1183 1321 majoribus
1205 1247 1305 1314 erant,
1320 1236 1397 1302 mit·

332 1333 423 1400 tuut3
445 1326 516 1387 dum
524 1323 651 1406 praelio,
663 1323 777 1385 deinde
785 1343 824 1384 ea
832 1324 947 1386 latitia
957 1323 1219 1407 epulisfhtigatos
1229 1325 1315 1406 quies
1325 1345 1398 1388 noa·

331 1420 426 1475 tunice
439 1410 537 1474 hostes
546 1417 708 1500 premam
723 1417 758 1472 ui
772 1409 816 1470 ad
827 1430 859 1472 se
873 1411 1143 1472 transirentsuuo
1156 1412 1279 1494 agmine
1291 1411 1396 1474 Conse

332 1497 409 1562 sium
424 1495 561 1560 abituros
575 1517 646 1559 erse.
691 1493 782 1558 Eam¹
794 1495 979 1564 sententiam
1002 1493 1056 1560 alii
1070 1507 1170 1559 totam
1186 1495 1395 1580 adspernari:
1504 1519 1505 1536 ¹

216 1615 221 1626 ·
335 1583 400 1648 Cur
413 1584 493 1644 enim
508 1583 588 1658 illos,
604 1583 659 1665 qui
671 1603 703 1645 se
717 1590 882 1659 arcessant,
898 1583 981 1665 ipsos
995 1603 1057 1644 nore
1069 1584 1185 1657 venire,
1201 1589 1290 1666 pamm
1309 1603 1397 1667 reque
1504 1643 1505 1650 ,

330 1667 477 1752 conjungi
492 1673 644 1750 possent?
667 1669 742 1751 quio
756 1669 897 1732 uidelicet
903 1670 1003 1751 pleno
1015 1669 1144 1732 bostium
1162 1670 1270 1732 munio
1285 1671 1319 1732 in
1332 1691 1395 1734 mer·
1504 1665 1505 1702 ³

330 1757 385 1818 dio
399 1764 517 1820 essent.-
538 1763 569 1818 et
581 1755 724 1831 oliorum,
739 1775 829 1837 quem
843 1775 909 1830 suo,
920 1775 1050 1836 emporio
1065 1763 1154 1818 tento
1163 1757 1302 1837 periculo
1315 1758 1396 1820 nnl-

329 1843 395 1906 lent
408 1839 546 1924 objicere.
591 1839 672 1904 Aliis
687 1859 751 1904 non
767 1852 832 1904 tam
848 1840 999 1904 'sententia
1013 1839 1191 1924 displicere,
1207 1861 1305 1926 quum
1325 1842 1397 1907 ani-

331 1925 543 1992 musdeesse.
587 1926 625 1991 Ρ.
643 1927 848 2011 Sempronius
871 1925 1054 1993 Tuditanus
1075 1926 1221 1992 tribunus
1244 1927 1395 2009 militum,

227 2055 229 2060 ·
334 2014 416 2098 Capi
428 2036 501 2098 ergo
520 2015 671 2102 monitis,
686 2012 800 2099 inquit,
815 2013 854 2076 ab
869 2015 1049 2078 auarissimo
1063 2023 1094 2078 et
1106 2015 1311 2080 medeiusima
1324 2016 1396 2080 Ῑιοε-

217 2111 220 2122 ’
329 2111 370 2177 te,
382 2102 589 2184 animarique
602 2102 708 2182 capito
723 2109 834 2175 vestro,
850 2109 880 2164 et
894 2099 1130 2183 erquiripretio
1145 2100 1185 2164 ab
1195 2102 1397 2187 interrogan-

329 2188 420 2264 tibus,
436 2188 595 2252 Romanus
614 2187 690 2250 ciuis
704 2187 763 2263 sis,
779 2186 974 2250 cen-Iatinus
991 2189 1098 2263 socius,
1114 2185 1183 2251 ⁴ssnt
1194 2193 1302 2252 ennea
1321 2209 1396 2252 con·

329 2276 458 2340 tremelio
472 2283 503 2340 et
516 2274 640 2338 miseria
654 2273 749 2337 alteri
762 2273 857 2337 bonos
870 2278 1054 2356 queratur?
1081 2271 1190 2338 ⁶⁰Non
1204 2283 1259 2338 tu:
1281 2275 1311 2338 si
1323 2276 1395 2358 qui·
1418 2289 1428 2310 ⁸

329 2362 454 2428 dem'L.
468 2360 599 2426 AEmilii
607 2360 746 2436 consulis,
763 2359 817 2442 qui
830 2380 862 2424 se
875 2359 948 2424 bene
961 2361 1047 2435 mori,
1060 2379 1150 2444 quan
1164 2361 1298 2444 turpiter
1311 2362 1397 2426 uive-

329 2471 376 2527 re,
391 2449 513 2527 maluit,
527 2456 558 2510 at
571 2454 617 2512 tot
623 2445 867 2530 fortissimorum
882 2447 1025 2525 arnum,
1041 2447 1095 2528 qui
1108 2447 1192 2510 circo
1213 2468 1279 2511 eum
1288 2455 1396 2512 'nunu
1506 2490 1507 2498 κ

329 2519 517 2618 tatijacent,
532 2534 610 2596 ciues
624 2533 706 2596 estis.
750 2532 907 2608 sedante,
923 2552 1013 2615 quam
1027 2531 1246 2614 obprinitbua,
1257 2533 1395 2616 mepan-

329 2641 388 2705 pue
398 2621 528 2683 bostium
542 2618 668 2701 agmina
682 2617 841 2698 obsepiam
856 2619 926 2694 iter,
934 2637 996 2700 per
1008 2619 1072 2694 bos,
1088 2621 1142 2701 qui
1152 2621 1330 2684 nannai
1343 2630 1396 2684 at·

329 2729 388 2792 que
402 2705 595 2786 incompositi
613 2701 789 2786 obstrepunt
796 2705 910 2785 portis,
936 2725 1135 2786 erumpamus.
1180 2705 1278 2768 Ferro
1301 2716 1397 2792 atque

329 2793 464 2856 namsia
479 2791 589 2873 oiofit,
602 2791 738 2872 quamuis
746 2789 967 2874 percensentes
979 2789 1086 2854 bostes.
1101 2812 1194 2856 cuneo
1208 2793 1327 2875 quidem
1338 2793 1398 2858 boo

329 2880 433 2943 meum
456 2887 549 2960 atque
568 2877 696 2939 solutum
721 2897 839 2959 agmen,
854 2885 889 2940 ut
910 2878 939 2940 si
960 2877 1041 2940 nibil
1065 2877 1169 2954 obstet,
1185 2878 1394 2944 transibimus.

331 2967 443 3048 Itaque
462 2965 505 3026 ite
525 2979 647 3040 meeum,
661 2961 717 3046 qui
734 2972 765 3025 et
778 2964 970 3046 vosmetipsos
990 2973 1020 3026 et
1040 2963 1393 3046 rempublicom'salvnm

331 3052 434 3116 meltis.
478 3047 564 3112 Haec
589 3045 645 3112 ubi
670 3045 754 3112 dicta
783 3047 882 3128 dedit,
904 3049 1031 3136 stringit
1050 3045 1204 3138 gladium,
1228 3072 1395 3138 cuneoque

330 3276 380 3332 Qui
390 3275 547 3336 magistratus
563 3275 661 3322 currules
672 3275 845 3336 gemmatis
875 3287 919 3324 eos
929 3274 973 3334 qui
982 3274 1008 3322 in
1019 3273 1154 3322 minoribus
1164 3274 1336 3326 minuerant.

330 3336 434 3402 noejus
452 3339 706 3400 eranutaproxiruis
720 3343 777 3400 post
791 3353 846 3399 ges·
909 3338 943 3388 49
961 3339 996 3386 Ut
1013 3353 1042 3386 ea
1064 3343 1105 3386 tua
1121 3369 1129 3386 .
1145 3370 1152 3386 .
1168 3369 1176 3386 .
1192 3367 1200 3383 .
1215 3337 1325 3400 miserto]
1359 3337 1395 3384 Ut

330 3412 386 3454 turn
397 3405 567 3465 magistratum
583 3417 655 3451 suum
672 3404 846 3451 censoribusin
877 3418 909 3452 ex
930 3403 1028 3450 misena
1048 3410 1073 3450 et
1094 3403 1251 3461 contumelia,
1270 3416 1328 3463 quae
1349 3402 1397 3450 tibi

330 3476 443 3520 senatum
453 3470 502 3530 legi
512 3470 633 3516 deberent.
665 3468 747 3528 Atque
763 3469 847 3527 etiam,
878 3470 989 3516 Romm
1004 3468 1159 3528 perpetienda
1177 3467 1307 3524 indicetur,
1317 3468 1397 3516 honos

331 3542 462 3595 antequam
483 3535 509 3580 in
531 3540 644 3580 senatum
663 3533 800 3593 legerentur
821 3539 847 3580 et
877 3532 956 3588 alten,
975 3533 1074 3580 cuilibet
1087 3544 1176 3590 usurpa
1193 3533 1397 3591 Latiumquaera·

331 3608 455 3648 senatores
475 3604 566 3652 essent,
586 3597 679 3644 curiam
705 3603 787 3644 tamen
809 3598 846 3644 in·
878 3605 927 3646 tur.
958 3597 1065 3644 Annibal
1086 3597 1133 3642 hoe
1150 3596 1291 3644 institutum
1310 3597 1396 3644 nacte-

331 3665 400 3726 grsdi
453 3668 542 3718 terant,
558 3668 584 3708 et
602 3662 628 3708 in
647 3666 733 3708 remia
751 3668 847 3708 senten
879 3675 926 3708 nus
946 3667 1092 3716 κηπεῖαί.
1104 3668 1156 3708 ute
1172 3662 1275 3720 captivis
1286 3661 1396 3722 eosqui

331 3731 393 3776 tiam
407 3730 495 3775 dcere.
527 3726 595 3773 Hinc
610 3725 652 3770 illa
668 3725 757 3771 veteris
773 3725 846 3773 edicti
878 3731 948 3774 nunt
965 3725 1047 3772 Latini
1065 3725 1172 3772 nominis
1189 3726 1242 3772 sine
1259 3725 1338 3784 pretio
1356 3726 1395 3772 di·

330 3794 448 3850 formula,
478 3803 528 3850 qua
562 3790 673 3837 musula
707 3791 846 3845 utebantur,
878 3791 996 3845 mitteret,
1015 3789 1138 3836 &manos
1155 3789 1180 3834 in
1200 3789 1298 3836 vincula
1319 3789 1396 3838 duret·

331 3871 409 3919 quum
431 3861 544 3902 senatum
565 3855 591 3900 in
613 3854 706 3900 curiam
731 3867 847 3900 munuca·
880 3854 1061 3914 Vidsupra,o.
1074 3853 1262 3908 minitante.

332 3927 402 3970 rent:
429 3923 552 3973 samiera,
572 3918 695 3979 quibusque
716 3918 743 3964 in
767 3922 848 3964 wnatu
912 3917 1013 3966 surum
1030 3917 1069 3981 tu]
1090 3919 1156 3966 iliud
1172 3922 1199 3964 tu
1215 3919 1396 3978 pungitetad·

331 3986 470 4033 sententiam
485 3981 632 4030 dunsten.
664 3981 722 4030 Vid.
733 3985 766 4030 A.
783 3982 845 4030 Geli.
880 3983 1133 4044 menetaingulorum
1149 3983 1257 4030 animos:
1275 3987 1303 4030 ut
1313 3983 1395 4030 aerius

331 4051 349 4096 1.
362 4050 440 4096 111.c.
452 4046 475 4093 b
680 4097 684 4106 ⁶
878 4048 929 4094 fere
945 4054 1055 4106 movent,
1066 4061 1122 4107 qun
1138 4047 1222 4094 statim
1239 4047 1350 4106 annuos
1360 4048 1397 4095 ie·

365 4112 396 4160 ii
412 4112 519 4158 Alterius
529 4111 728 4172 maeniupropc
738 4115 799 4158 totus
807 4125 848 4160 α’-
878 4112 1040 4172 siunt,quam
1060 4124 1115 4172 quae
1132 4113 1159 4158 iu
1178 4125 1309 4161 commune
1329 4111 1395 4161 dicta

331 4176 417 4223 arcitus
425 4171 615 4237 fnit]Alterum
631 4177 776 4224 morientem
792 4190 847 4236 pro·
879 4176 1045 4236 uuusquisque
1073 4177 1174 4224 demum
1201 4176 1307 4236 applicat
1340 4175 1395 4222 sibi.

332 4253 363 4300 pe
374 4247 440 4288 totus
450 4240 569 4288 exercitus
580 4247 676 4287 sewius
688 4246 733 4295 est,
745 4242 847 4288 comita-
880 4241 919 4286 ita
929 4249 1011 4288 censet
1021 4247 1045 4286 et
1053 4242 1153 4302 exponit
1164 4240 1309 4296 Gronovius,
1321 4240 1394 4290 tiva

333 4312 438 4352 tuaest:
455 4306 480 4351 id
491 4311 537 4360 est,
545 4318 602 4351 cum
611 4319 639 4350 ea
651 4305 728 4366 periit.
880 4305 980 4354 Obrerv.
990 4319 1011 4352 e·
1023 4305 1064 4354 20.

366 4369 398 4420 48
413 4370 568 4420 Nuntium..
578 4369 687 4432 mittunt]
706 4370 804 4430 supple,
816 4371 847 4416 ad
