3140 4972
483 139 578 200 LIB.
600 137 718 200 xxlv.
744 139 848 198 cAP.
875 137 963 198 v111.
1200 147 1258 205 206

197 317 254 372 um
267 325 357 372 armo
370 305 507 390 capenae·
522 303 651 372 Gallum
667 305 711 368 ad
730 313 890 374 unomen·
937 303 1192 375 Quemadmodum
1200 325 1297 390 qia-u
1308 327 1336 376 a.
1348 326 1405 384 ost.

197 397 275 458 dites
288 393 460 476 equitesque
473 401 620 475 optumus,
630 401 666 456 ut
679 392 855 468 validiores,
865 392 894 456 si
907 392 1016 468 minus,
1027 400 1062 456 ut
1069 393 1260 475 poresbosti
1267 393 1299 444 Α·
1308 393 1336 442 ⁰·
1347 394 1403 444 21&

197 480 375 550 lamonia,-
400 480 447 542 ita
470 480 541 542 duci
565 479 693 546 bostium
710 499 821 560 paren
846 479 1058 560 imperatorem
1079 499 1258 564 quaeamus.
1328 541 1330 546 .

201 565 311 642 Quum,
326 566 380 648 qui
393 573 438 630 est
456 587 583 630 nunnus
597 565 771 631 incivitate
785 566 858 641 dun,
873 585 937 628 eum
959 565 1134 648 legerimus,
1158 575 1261 632 tamen

198 661 322 736 reqmte
334 654 437 728 latu,
454 653 489 714 in
506 672 618 716 annum
638 660 767 725 creatus,
782 651 926 716 adversm
947 659 1073 717 veterem
1095 673 1131 716 ac
1146 673 1261 736 perpe-

197 747 279 804 tuum
295 740 509 822 inperatorem
529 736 765 820 comparabitur,
780 738 875 803 nullis
888 755 984 820 neque
998 740 1151 821 temporis,
1165 759 1262 824 neque

13 843 15 888 ι
188 824 275 908 juris
286 825 431 901 inclusum
441 825 603 908 ungendis,
613 835 671 906 quo
679 824 1262 906 minusitaomniageratadministret·

198 919 311 996 que,nt
319 919 456 992 tempora
461 911 659 993 postulabunt
668 909 749 974 belli.
764 908 850 972 nobis
860 917 960 975 nutem
973 910 1005 974 in
1015 912 1173 994 adparatu
1182 914 1259 995 ipso,

197 1020 236 1062 aa
253 1006 373 1062 tamnen
396 997 607 1062 inchoantibus
626 1017 685 1074 res,
700 1015 799 1060 annus
818 994 1047 1082 cirmunogitur.
1094 997 1260 1076 Quoniam,

198 1086 303 1170 quoles
316 1085 399 1148 uiros
411 1100 517 1148 meare
530 1103 581 1148 aas
594 1082 938 1156 manuteneamus
952 1091 995 1146 est
1006 1083 1135 1156 dutum,-
1152 1095 1262 1166 restat,
1294 1093 1297 1102 ‘

196 1181 232 1234 ut
250 1192 351 1254 pauca
366 1171 405 1234 de
418 1171 471 1242 eis,
487 1170 521 1232 in
536 1189 608 1252 quos
616 1169 836 1251 prerogotiva
844 1168 946 1251 favor
960 1169 1133 1247 inclinavit,
1150 1171 1260 1234 dicam.

199 1257 250 1321 M.
266 1255 417 1320 AEmilius
430 1256 572 1340 Regillus
579 1254 700 1341 flamen
713 1263 757 1318 est
774 1253 962 1330 Quirinalis,
979 1277 1063 1338 quem
1081 1277 1176 1340 neque
1189 1260 1262 1322 mit-

197 1353 262 1408 tere
276 1343 337 1406 ab,
349 1343 456 1418 sacris,
466 1363 564 1425 neque
574 1341 705 1404 retinere
716 1350 925 1422 possumusne
936 1362 997 1404 nors
1008 1341 1108 1409 Dein
1120 1353 1175 1406 out
1189 1343 1263 1414 belli

198 1431 368 1494 deseramus
388 1449 501 1492 acram.
548 1426 700 1493 Otacilium
720 1429 833 1490 sororis
851 1429 1041 1510 neaefiliam
1062 1440 1262 1506 unorem,nt-

201 1537 258 1600 que
271 1537 309 1578 en
322 1536 359 1578 ea
375 1515 495 1589 liberos,
510 1513 610 1578 babet.
626 1523 752 1578 ceterum
768 1533 827 1576 nan
842 1535 879 1576 eo
894 1525 994 1579 uestra
1011 1516 1044 1578 in
1059 1537 1105 1580 me
1118 1515 1263 1600 majores-
1332 1534 1340 1546 ‘

200 1623 257 1686 que
266 1623 344 1665 meos
355 1602 464 1666 merita
474 1609 553 1675 sunt,
565 1609 600 1664 ut
613 1620 675 1662 nan
685 1601 836 1682 potiorem
845 1600 983 1680 privatis
993 1603 1263 1668 necessitudinibus

199 1687 412 1769 rempublicam
426 1686 562 1752 babean.
609 1684 745 1758 Quilibet
766 1695 930 1751 nautarum
953 1697 1159 1772 sectarumque
1172 1699 1262 1754 tran-

202 1775 297 1858 quillo
304 1773 683 1856 marigubernarepatest:
693 1771 1260 1855 ubisawortatenpestasestmctnn

201 1859 272 1924 bota
282 1861 363 1922 mari
375 1861 502 1942 rupuar
511 1868 600 1924 uento
610 1859 708 1934 navis,
718 1868 780 1924 tum
792 1860 899 1922 niroet
905 1860 1111 1942 manutere
1124 1883 1200 1945 opus
1207 1873 1261 1928 est.

200 1946 274 2023 Non
288 1947 459 2030 tranquillo
478 1947 665 2029 navigamus,
681 1946 735 2009 sed
745 1943 818 2026 jam
831 1945 950 2027 aliquot
957 1949 1104 2028 procellis
1115 1949 1264 2014 ¹submersi

195 2053 276 2115 pene
293 2054 402 2096 manca.
424 2034 539 2115 itaque,
555 2033 623 2115 quis
641 2033 684 2094 ad
701 2031 907 2114 gubernacula
928 2034 1041 2108 sedeat,
1056 2053 1170 2099 sumna
1187 2058 1262 2100 aaa
1288 2045 1303 2083 ι’

192 2120 416 2202 providendum
431 2139 468 2184 aa
476 2119 709 2200 precavendam
724 2116 806 2182 vobis
820 2127 873 2182 cst.
903 2118 943 2180 In
957 2120 1073 2182 minore
1086 2129 1118 2184 te
1131 2123 1262 2203 capati,

204 2205 242 2271 T·
260 2205 389 2282 Otacili,
404 2228 439 2268 re
452 2225 559 2270 nemus.
581 2205 667 2268 baud
679 2223 762 2279 sane,
777 2225 831 2266 cur
848 2206 892 2266 od
910 2203 1028 2288 mcejora
1043 2205 1102 2276 tibi
1110 2208 1261 2289 fidamus,
1381 2205 1384 2214 ¹

200 2293 369 2360 documenti
391 2293 554 2376 quidquam
576 2292 697 2356 dedisti.
744 2292 877 2354 Classem
892 2291 947 2360 boo
961 2312 1054 2368 anno,
1070 2295 1120 2356 cui
1133 2303 1168 2356 tu
1176 2305 1263 2376 pree-

186 2378 298 2462 fuisti,
315 2379 407 2442 trium
421 2399 521 2448 rerum
535 2397 642 2443 caussa
658 2379 855 2459 paravimus:
878 2386 913 2440 ut
926 2377 1047 2463 Africa
1061 2399 1146 2444 oram
1161 2401 1263 2463 popu·

199 2465 334 2542 leretur,-
352 2473 466 2528 ruttulo
480 2464 566 2528 nobis
575 2465 683 2528 Italia
696 2465 792 2528 zoora
806 2473 902 2528 essent
905 2497 917 2536 ,·
935 2473 1008 2528 ante
1021 2467 1125 2530 amnia
1140 2487 1179 2530 ne
1192 2489 1264 2550 sup-

193 2553 378 2634 plementum
392 2571 456 2614 curn
470 2552 624 2632 stipendio
638 2557 857 2632 commeatuque
872 2550 911 2612 ab
921 2551 1119 2637 Karthagine
1133 2553 1264 2626 Hanni*-

200 2637 266 2702 bali
279 2646 556 2718 transportaretur.
580 2635 692 2702 Oreate
702 2637 848 2707 conulem
868 2637 905 2700 T.
919 2640 1094 2716 Otacilium,
1106 2659 1168 2704 reare
1182 2643 1262 2720 dieo,

200 2725 229 2786 si
242 2724 345 2786 omnia
366 2724 441 2798 boec,
456 2724 513 2786 sed·
521 2724 551 2788 si
564 2723 688 2806 aliquid
701 2743 800 2786 eorum
811 2724 991 2805 'reipublice
1006 2729 1170 2808 preastitit.
1206 2729 1265 2794 Sin

199 2818 310 2884 aman,
325 2819 356 2872 te
370 2809 493 2877 classem
506 2808 669 2885 obtinente,
684 2807 710 2845 ⁴⁴
718 2811 821 2884 etiam,
834 2812 914 2875 velat
922 2822 1039 2893 pacata
1052 2815 1144 2891 mori,
1156 2816 1264 2898 quali-¹

201 2895 249 2960 bet
263 2895 446 2962 Hannibali
466 2903 534 2958 tuta
552 2904 645 2979 atque
667 2897 789 2980 integra
804 2895 844 2958 ab
866 2898 952 2960 darm
971 2909 1134 2972 venenant,-
1157 2904 1187 2966 si
1206 2923 1264 2966 ora

201 2982 307 3046 Italico
320 2981 463 3067 iry‘estior
476 2982 531 3044 lenc
544 3002 637 3057 anno,
653 3002 743 3064 quom
758 2979 982 3066 Afiicee‚ficit‚·
1006 2987 1082 3068 quid
1096 2988 1197 3051 dicere
1203 3009 1266 3071 po·

201 3077 254 3144 tes,
270 3089 325 3132 cur
337 3077 369 3132 te
375 3069 567 3150 potissimum
582 3068 684 3130 ducem
698 3065 909 3132 ⁴⁶Hannibali
921 3070 1003 3134 lasti
1015 3071 1206 3154 obponent'?
1229 3076 1267 3140 Si

200 3156 303 3218 carrad
312 3176 398 3230 esses,
407 3152 614 3218 ¹⁶dictatorem
625 3154 784 3218 dicendum
791 3157 926 3237 eeenquo
937 3155 1084 3241 majorum
1095 3170 1265 3225 nostrorum

200 3261 390 3304 censeremus.
406 3261 460 3304 nec
470 3249 504 3303 tu
519 3241 553 3304 id
566 3241 730 3324 indignari
736 3261 850 3323 posses,
864 3243 996 3326 aliquem
1011 3246 1046 3308 in
1059 3246 1186 3312 civitate
1198 3249 1266 3311 Re

201 3347 294 3391 mana
308 3328 459 3391 meliorem
481 3326 558 3390 bello
582 3325 701 3402 baberi,
716 3347 805 3411 quom
820 3336 859 3390 te.
882 3331 981 3414 magis
995 3332 1109 3396 nullius
1128 3335 1265 3411 interest,

201 3433 290 3496 mean
304 3423 371 3494 tua,
391 3413 428 3476 T.
445 3414 572 3489 Otacili,
588 3434 650 3476 non
664 3412 774 3490 inponi
786 3415 950 3482 ceruicibus
963 3418 1025 3482 tuis
1038 3439 1123 3496 onus,
1138 3419 1192 3483 sub
1207 3443 1267 3506 qna

200 3501 351 3564 concidas.
396 3499 466 3584 Ego
480 3519 664 3584 magnopere
676 3500 797 3576 suadeo,
814 3503 915 3565 eodem
929 3505 1043 3581 animo,
1056 3525 1125 3589 quo,
1137 3506 1167 3568 si
1180 3515 1266 3572 stan·

200 3585 279 3649 tibus
294 3585 377 3650 vobis
391 3585 425 3650 in
435 3587 531 3649 aciem
542 3587 672 3650 armatis
685 3595 810 3668 repente
820 3589 978 3673 deligendi
991 3592 1051 3654 duo
1066 3591 1267 3676 imperatores

199 3681 305 3747 essent,
320 3693 446 3756 quarum
460 3673 552 3735 ductu
572 3681 663 3756 atque
676 3674 816 3755 auspicia
830 3676 1028 3754 dimiseratis,
1044 3677 1136 3744 bodie
1149 3701 1267 3765 quaque

200 3759 332 3824 carrades
352 3758 476 3822 creetis:
497 3753 642 3843 '⁴⁷'quibus
654 3770 844 3824 sumomonte
863 3762 956 3826 liberi
975 3766 1071 3830 vestri
1092 3766 1207 3844 dicant,
1223 3770 1268 3832 ad

424 3911 545 3990 baOron.
557 3911 626 3958 Crev-
789 3890 945 3974 'opponamus
955 3917 1031 3965 Gran.

231 4060 264 4108 bb
280 4062 362 4110 Etiam
383 4063 445 4110 uelut
462 4068 546 4124 pacato
568 4062 642 4127 asan]
668 4062 712 4110 Su·
745 4078 804 4112 meu.
838 4063 891 4112 Nos
901 4068 1051 4116 miravimus
1062 4075 1170 4116 veterem
1180 4070 1264 4118 lectio·

198 4137 374 4185 pervuouneum
384 4134 421 4174 est
432 4126 549 4178 cleliam.
746 4141 811 4174 nem.

230 4191 262 4238 ts
278 4190 391 4238 Annibali
406 4192 468 4240 boeti
477 4192 603 4256 opponant]
620 4193 712 4242 Grono·
778 4192 811 4240 46
826 4195 971 4244 Dictatorcm
989 4197 1111 4245 dicendum
1191 4211 1265 4246 cense-

196 4254 253 4306 ,siun
271 4257 347 4314 nulls,
363 4261 392 4304 ut
410 4259 479 4307 nobis
496 4259 576 4304 visum
595 4263 641 4316 eet,
655 4261 714 4306 satis
746 4258 835 4322 remus]
854 4258 964 4308 Fortasse
975 4275 1094 4312 censerem.
1111 4265 1239 4312 (ἔκοπτον.

198 4322 331 4368 numisma
346 4334 420 4370 musa
437 4323 476 4371 edi
492 4317 598 4384 jusserat
615 4335 714 4384 oppona-
779 4321 811 4371 tt
830 4319 919 4380 Qnilm
941 4330 1085 4376 armamento
1106 4327 1172 4376 liberi
1194 4327 1266 4376 vertet
