3060 4960
447 177 542 240 aaa.
563 177 663 238 xxx.
690 175 795 236 car.
814 174 913 251 xxm
1159 175 1217 241 591

14 371 16 388 =
118 393 120 399 -
151 344 404 424 matiscentium,
419 352 565 428 quantum
579 343 624 406 od
640 343 788 428 priuatos
808 361 857 404 res
873 339 1037 423 pertinet:
1058 357 1113 402 neo
1126 337 1260 400 inetsu
1273 337 1366 386 &⁶⁵¹-

152 433 319 518 quenquam
340 431 453 507 acrius,
469 451 561 514 quum
576 430 717 511 pecunie
737 430 890 505 domnum,
905 426 1054 491 stimulat.
1097 405 1261 508 itaquel·
1276 405 1367 452 ΜΝ·

153 539 243 617 qinom
263 517 365 602 spolio
386 519 480 582 uictae
491 515 688 602 Karthagini
708 513 958 589 detrahebantur,
974 531 1062 596 quum
1078 512 1222 574 inermem

141 626 215 688 pam
229 625 267 667 oc
275 606 388 668 nudam
397 603 525 668 destitui
538 603 621 666 iuter
634 612 680 667 tot
690 611 829 666 cunutus
833 609 940 684 gentes
948 599 1070 682 Africae
1083 617 1222 661 cenem·

153 691 206 768 tr's,
221 711 307 754 nemo
327 691 486 775 ingemuit.
508 710 599 766 nuuc,
614 690 690 774 qnia
706 688 852 753 tributum
867 709 905 749 eu
921 687 1050 770 privato
1065 685 1221 768 coeperan-
1278 759 1284 770 Β

156 777 227 840 dum
238 779 293 854 est,
308 786 464 862 tamquam
484 777 519 839 in
530 776 656 858 prtblico
664 775 785 860 stenem
805 773 1011 856 coruplorntr's.
1058 770 1158 847 Qtrom
1173 792 1223 834 oe-

154 883 236 940 reor,
252 885 291 928 ne
299 864 479 946 propediem
493 861 644 939 sentiatis,
659 863 809 926 levissimo
819 863 853 924 in
865 861 945 923 molo
959 880 1011 923 vos
1023 859 1115 921 hodie
1127 858 1223 921 locri·

156 959 275 1014 mosset
299 949 385 1015 Haec
401 947 570 1014 Hannibal
583 949 668 1034 apud
686 946 979 1034 Karthaginienses.
1011 944 1130 1030 Scipio,
1146 963 1222 1008 con-

159 1033 250 1100 cione
265 1034 428 1115 advocata,
444 1033 658 1112 Masinissam,
669 1034 710 1100 ad
725 1055 859 1122 regnum
874 1044 1042 1118 paternum
1059 1030 1150 1095 Cirta
1164 1051 1222 1114 op-
1232 1039 1360 1090 Muinioa

157 1120 237 1208 pido
251 1133 283 1186 et
296 1121 408 1189 ceteris
430 1122 562 1187 urbibus
583 1121 740 1211 agrisque,
756 1141 828 1206 quat
842 1141 883 1185 ex
900 1140 1002 1204 regno
1018 1115 1174 1204 Syphacis
1188 1116 1305 1184 inf‘ffl'?
1315 1108 1365 1170 ⁸5‘

158 1207 270 1294 populi
287 1208 426 1274 Romani
439 1219 625 1295 potestatem
641 1206 807 1284 venissent,
823 1205 953 1292 adjectis
973 1203 1114 1270 donavit.
1159 1172 1313 1286 Oml'ffl
1324 1175 1365 1221 ‘¹⁰'

162 1293 333 1360 Octavium
349 1298 480 1360 classem
495 1297 529 1360 in
541 1295 688 1366 Siciliam
703 1293 834 1359 ductam
855 1293 918 1358 Cn.
935 1290 1087 1357 Cornelio
1101 1289 1226 1354 consuli,
1386 1321 1390 1326 ·

161 1379 287 1446 tradere
303 1382 406 1468 jussit
423 1382 544 1470 legatos
566 1380 879 1468 Karthaginiensium
902 1379 1039 1444 Romam
1052 1376 1225 1463 proficisci,

161 1478 209 1544 ut,
225 1489 298 1556 qaae
312 1469 353 1532 ab
368 1491 402 1534 se
415 1491 457 1534 ex
472 1470 582 1534 decem
603 1469 782 1556 legatorum
798 1467 957 1537 sententia
978 1477 1050 1530 acta
1062 1475 1175 1542 essent,
1190 1485 1229 1528 aa

163 1551 297 1618 Patrum
311 1556 499 1622 auctoritate
512 1555 688 1642 populique
696 1555 786 1642 jussu
801 1552 1077 1618 confirmarentur.

206 1639 317 1705 XLV.
341 1641 425 1706 Pace
439 1653 523 1708 terra
538 1642 682 1728 marique
695 1653 798 1726 parta,
813 1641 954 1705 exercitu
975 1638 1009 1702 in
1024 1660 1119 1702 naves
1133 1637 1226 1721 inpo-
1236 1639 1315 1702 scipio
1325 1641 1374 1690 nn.

164 1724 236 1803 sito,
251 1726 285 1790 in
302 1727 442 1793 Siciliam
466 1727 646 1815 Lilybaeum
666 1728 797 1814 trajecit.
813 1725 888 1792 inde
906 1747 1023 1814 magna
1037 1737 1128 1810 parte
1143 1721 1385 1820 mill·2⁸‚¹²},f{'⁶''

165 1824 232 1877 tum
259 1814 293 1877 in
318 1814 452 1880 navibus
476 1815 580 1892 missa,
602 1815 672 1898 ipse
693 1835 751 1900 per
779 1813 884 1879 laetam
915 1835 993 1897 pace
1017 1833 1083 1877 non
1109 1790 1316 1902 minuspm¹
1335 1789 1370 1822 m-

165 1921 260 2050 quam
276 1899 418 1980 victoria,
434 1900 570 1981 Italiam,
586 1901 692 1967 effusis
706 1921 772 1965 non
793 1899 926 1966 urbibus
943 1897 1093 1965 modoad
1107 1896 1228 1963 hahen-

189 2008 225 2050 os
239 1985 386 2066 honores,
402 1989 457 2054 sed
471 1989 643 2078 agrestium
657 1987 752 2054 etiam
774 1987 869 2054 turba
887 1985 1051 2051 obsidente
1066 1984 1144 2063 vias,
1163 1985 1230 2048 Ro-

168 2093 252 2136 mam
267 2075 422 2160 peruenit,
438 2075 664 2163 triumphoque
685 2075 830 2140 omnium
855 2072 1029 2139 clarissimo
1049 2071 1162 2137 urbem
1185 2084 1233 2136 est

165 2157 322 2226 invectus.
365 2159 392 2200 ⁸⁵
403 2162 539 2248 Argenti
553 2162 627 2228 tulit
641 2161 674 2226 in
690 2162 840 2227 aerarium
854 2161 964 2247 pondo
986 2173 1114 2224 centum
1133 2157 1235 2222 millia

168 2244 281 2398 qipinti
307 2248 378 2312 tria.
394 2247 548 2314 militibus
564 2269 606 2314 ex
625 2249 734 2334 praeda
748 2248 1005 2338 a“quadragenos
1024 2247 1097 2311 oeris
1119 2244 1236 2310 divisit.

212 2345 282 2398 orte
296 2333 476 2400 subtractus
490 2335 670 2420 spectaculo
691 2358 741 2402 ma
777 2359 792 2402 s
813 2335 994 2411 hominum,
1010 2354 1105 2420 quam
1122 2331 1237 2397 trium·

167 2417 298 2505 phontis
320 2419 444 2508 glorioe,
470 2422 494 2488 S
539 2422 604 2487 hax
626 2435 683 2501 est,
708 2358 833 2488 'silure
856 2420 943 2488 haud
965 2421 1010 2488 ita
1035 2419 1139 2486 multo
1162 2431 1237 2482 ante

169 2520 323 2583 mortuus,
340 2529 405 2594 quo
419 2507 460 2574 ab
483 2511 513 2572 A
527 2508 567 2574 ba
587 2509 751 2576 traductus
776 2507 888 2574 fuerat.
931 2506 1137 2594 ⁸⁷conspecta
1151 2527 1237 2570 mors

170 2603 276 2657 tamen
292 2593 360 2680 ejus
374 2592 443 2673 fuit,
460 2594 534 2680 quia
555 2595 684 2683 publico
704 2595 815 2662 funere
835 2607 883 2661 est
907 2594 1018 2660 elatus.
1064 2593 1167 2658 Hunc
1188 2613 1238 2657 re-

170 2701 243 2828 gem
258 2679 292 2742 in
307 2679 470 2769 trihmpho
484 2681 616 2748 ductum
640 2682 803 2771 Polybius,
817 2679 1064 2769 haudquaquam
1086 2700 1239 2766 spernen-

195 2789 232 2830 us
253 2779 374 2846 auctor,
397 2768 516 2835 tradit:
552 2769 687 2836 Secutm
713 2769 896 2854 Scipionem
918 2766 1168 2854 triumphantem
1192 2778 1240 2831 est

171 2851 198 2892 ⁸⁸
207 2852 291 2938 pileo
305 2855 403 2942 capiti
417 2856 557 2942 inposito
572 2855 617 2934 Q.
632 2855 804 2922 Terentius
828 2855 958 2922 Culleo:
982 2854 1133 2942 omniqua
1147 2851 1239 2918 dein·

172 2937 214 3004 de
227 2940 303 3020 vita,
315 2953 351 3006 ut
365 2938 501 3030 dignum
516 2955 594 3022 erat,
616 2943 770 3009 libertatis
784 2955 948 3008 auctorem
959 2941 1069 3008 coluit.
1114 2939 1240 3006 Africa·

173 3046 252 3090 num
262 3049 449 3114 eognomcn
464 3030 609 3096 militaris
623 3030 712 3116 prius
726 3029 825 3106 favor,
838 3051 879 3093 an
893 3028 1057 3114 popularis
1083 3050 1172 3104 aura,
1188 3049 1240 3091 ce·

173 3110 353 3192 lebraveriu
370 3137 422 3194 an,
445 3117 537 3182 sicuti
559 3116 672 3182 Felicis
695 3117 794 3184 Sullae
815 3115 994 3204 Magnique
1019 3114 1163 3200 Pompeii
1184 3135 1240 3199 pa-

175 3209 260 3262 trum
271 3203 437 3278 memoria,
453 3218 597 3289 coeptum
613 3203 653 3270 ab
668 3203 885 3272 adsentatione
900 3201 1047 3266 familiari
1062 3203 1113 3278 sit,
1125 3222 1239 3284 parum

176 3299 374 3372 compertum
404 3288 519 3358 habeo.
565 3291 691 3356 Primus
720 3303 804 3356 certe
832 3288 885 3354 hic
909 3289 1082 3373 imperator
1102 3288 1242 3356 ,nomine

177 3371 269 3436 victae
288 3373 333 3438 'ab
358 3398 391 3440 se
414 3377 518 3464 gentis
540 3392 586 3441 est
612 3377 805 3443 nobilitatus.
831 3375 980 3460 exemplo
1001 3373 1116 3440 deinde
1135 3373 1240 3461 hujus,

175 3480 376 3546 nequaquam
393 3463 525 3528 victorin
562 3485 642 3542 ares,
658 3465 797 3552 insignes
817 3463 993 3552 imaginum
1015 3459 1126 3527 titulos
1141 3461 1241 3526 clara·

178 3567 240 3632 que
253 3549 447 3634 cognomina
461 3486 709 3618 fumilimiecera.
776 3549 780 3562 ’
1059 3561 1062 3576 ’

199 3725 242 3797 ,85
259 3720 367 3799 <fruenti
379 3755 386 3771 .
398 3755 405 3771 .
419 3725 498 3786 pendo
508 3732 604 3774 eentum
613 3726 694 3773 millio
760 3731 790 3775 87
809 3721 954 3786 Conspecta]
964 3722 1044 3784 Vulgo
1061 3725 1120 3768 nota
1135 3724 1160 3767 et
1177 3734 1243 3782 apec-

178 3785 271 3844 mgiatr
282 3783 343 3856 trio]
350 3789 452 3838 Selihras
464 3797 582 3840 nostrates
592 3795 693 3840 tetras.
726 3795 787 3838 ists.

180 3853 458 3905 unaoemunciaminua.
760 3861 790 3902 88
809 3846 1243 3917 Pileocopa'tiimposito]0uiauide-

193 3918 245 3988 ,⁸⁶
264 3916 435 3981 Quodragem
445 3920 511 3972 criel
528 3923 605 3970 Bina·
624 3922 696 3969 dena·
728 3922 784 3969 iicet
801 3923 876 3982 pileus
892 3925 943 3968 erat
959 3924 1059 3982 recepta
1076 3917 1192 3965 libertatis
1206 3917 1243 3964 in·

181 3991 230 4024 noa
238 3985 413 4092 ffig'm'
429 3989 470 4047 qui
486 3989 697 4048 squammarum
728 3987 805 4050 signe.
837 3986 851 4013 '
863 3986 917 4034 Vid.
930 3999 1002 4047 supra
1010 3983 1104 4032 XXIV.
1119 3985 1156 4030 16.

482 4225 595 4283 FlNlS
615 4175 725 4285 Tollit
747 4226 941 4286 SECUNDI.
