3140 4972
335 189 399 250 rou
724 183 821 244 rrrr
849 183 983 267 err-11

180 362 314 415 unm
338 351 463 432 Locros
475 348 578 414 omnis
600 346 771 412 multitudo
785 347 910 412 abeunt.
957 347 994 412 lit
1011 347 1131 431 Apulia
1152 369 1192 415 ne
1212 347 1400 434 hiemsque.

179 429 211 476 tt.
224 431 251 476 ⁰·
261 427 316 476 ²¹⁵·
339 439 412 503 dem
428 437 533 524 q'uieta
552 435 634 500 inter
648 433 812 500 Romanos
833 447 926 517 atque
941 433 1159 500 Hannibalem
1173 449 1250 502 eret,
1297 436 1405 502 Line,

243 585 244 590 ,
339 524 397 588 rioe
413 522 621 608 Sempronius
636 519 757 599 consul,
772 519 935 585 Hannibal
951 519 1037 584 baud
1054 524 1162 603 procul
1179 522 1278 606 Arpis
1294 522 1401 588 lriber‘·

340 611 449 676 nabat.
493 609 581 674 Inter
595 629 648 672 eos
661 605 741 671 levia
761 606 875 692 proelia
895 629 936 670 ex
957 605 1130 685 occasione,
1145 622 1200 674 aut
1214 608 1402 693 opportuni-

341 709 406 762 tate
430 695 524 782 hujus
546 708 602 760 aut
623 693 707 758 illius
726 693 833 776 partis,
848 692 1048 758 oriebantur:
1071 694 1245 780 meliorque
1266 695 1311 760 eis
1334 695 1402 764 Rc-

342 804 465 859 manus,
480 781 559 846 etin
574 779 641 844 dies
656 780 778 844 cautior
792 779 953 879 tutiorque
968 780 1008 844 ab
1024 779 1146 846 insidiis
1160 781 1268 846 fiebat.

182 895 284 944 uteont
388 867 448 933 lV.
470 868 509 932 lu
526 866 633 932 Sicilia
649 865 803 930 Romanis
824 885 930 930 ornum
946 874 1121 932 mutaverat
1135 889 1220 932 mors
1237 865 1410 949 Hieronis»

180 961 289 1038 eufemie
343 976 540 1044 regnumque
554 953 595 1018 ad
607 952 843 1038 Hieronymum
859 963 1005 1036 nopotem
1017 953 1084 1037 ejus
1094 953 1300 1020 translatum:
1323 965 1405 1039 pne‘-

182 1025 302 1087 ¹⁴¹⁸¹⁰¹¹5‘
344 1065 427 1116 rum,
443 1040 575 1105 vixdum
597 1039 786 1118 libertatem,
802 1037 919 1102 nedum
934 1037 1196 1117 dominationem,
1209 1039 1335 1104 modice
1356 1039 1404 1107 la'-

181 1089 320 1202 lnaltlflm
344 1141 463 1194 turum.
506 1126 532 1166 ²⁰
542 1127 631 1190 Laete
646 1124 678 1188 id
694 1123 856 1224 ingenium
880 1136 998 1188 tutores
1012 1137 1107 1211 atque
1124 1126 1218 1192 amici
1233 1126 1274 1192 ad
1289 1127 1404 1210 ptoeoi—

299 1241 303 1248 ·
343 1215 510 1302 pitandum
534 1212 568 1275 in
591 1212 698 1275 omnia
715 1210 790 1274 vitia
810 1222 1019 1294 acceperuut:
1041 1233 1114 1312 quae
1139 1214 1183 1276 ita
1205 1211 1313 1286 futuru
1335 1225 1405 1278 cer·

343 1303 423 1366 neus
448 1299 562 1375 Hiero,
577 1297 689 1362 ultima
710 1307 836 1360 senecta
848 1295 983 1360 voluisse
996 1296 1112 1369 dicitur
1133 1297 1247 1362 liberas
1266 1300 1404 1385 Syracu-

343 1411 392 1454 sas
414 1385 604 1470 relinquere,
626 1405 667 1448 ne
691 1382 936 1463 subdominatu
960 1384 1086 1468 puerili,
1102 1383 1190 1468 ²¹per
1215 1383 1402 1461 ludibrium,

343 1472 436 1538 bonis
449 1471 572 1536 artibus
585 1481 711 1554 partum
725 1467 948 1554 firmatumque
967 1471 1107 1534 interiret
1121 1491 1266 1555 regnum.
1311 1470 1406 1539 Huic

343 1558 477 1624 consilio
497 1558 707 1643 ejur‘summa
727 1577 789 1639 ope
808 1555 956 1620 obstitere
969 1553 1055 1631 filiae,
1070 1577 1185 1620 nomen
1209 1557 1331 1644 regium
1349 1579 1404 1641 pe-

343 1667 399 1711 nes
412 1666 553 1730 ,puerum
576 1641 718 1710 futurum
744 1653 831 1716 ratae,
855 1641 996 1726 regimen
1019 1663 1124 1706 rerum
1149 1643 1291 1708 omnium
1305 1664 1407 1728 penes

299 1769 302 1780 ·
344 1734 377 1797 se'
391 1732 537 1816 virosque
559 1751 642 1808 suos,
656 1727 926 1792 Andrenodorum
948 1741 979 1792 et
996 1727 1170 1813 Zoippumr
1192 1728 1218 1768 ²²
1227 1752 1301 1796 nem
1315 1730 1338 1796 ii
1352 1741 1421 1801 tu·‚

345 1821 450 1882 torum
465 1816 558 1902 primi
574 1813 842 1900 relinquebantur.
875 1811 962 1878 Non
975 1812 1067 1903 facile
1080 1827 1148 1879 erat
1163 1836 1227 1883 non
1289 1815 1407 1883 simum

339 1905 406 1992 jam
427 1903 534 1991 agenti
552 1923 682 1978 annum,
697 1901 901 1964 circumsesso
920 1899 988 1964 dies
1008 1911 1179 1986 noctesque
1199 1924 1253 1966 mu
1266 1901 1407 1968 iebribus

345 1990 514 2067 blanditiis,
541 1987 676 2054 liberare
699 1987 851 2067 animum,
877 1998 908 2050 et
932 1985 1150 2054 ”convertere
1177 1987 1218 2052 ad
1242 1988 1408 2072 publicam

344 2077 468 2162 privata
490 2097 608 2146 curam.
653 2075 765 2159 ltaque
785 2072 941 2151 ²⁴,tutores
961 2071 1073 2138 modo¹
1096 2073 1277 2160 quindecim
1303 2094 1409 2160 puero,

286 2155 288 2164 ¹
345 2163 490 2250 reliquit:
513 2184 592 2248 quos
607 2171 754 2246 precatus
772 2172 820 2224 est
836 2159 983 2234 moriens,
1000 2171 1036 2224 ut
1049 2157 1145 2225 fidem
1159 2183 1235 2248 erga
1249 2158 1410 2245 populum·

345 2251 540 2328 Romanum,
566 2245 796 2334 quinquaginta
819 2265 919 2310 anuos
941 2245 982 2310 ab
1006 2268 1040 2310 se
1062 2245 1192 2324 cultam,
1221 2246 1406 2316 inviolatam

346 2348 519 2413 servarent,
539 2335 750 2419 juvenemque
778 2330 843 2396 suis
871 2331 1069 2415 potissimum
1097 2333 1237 2418 vestigiis
1256 2332 1411 2402 insistere

348 2423 463 2487 vellent
476 2419 756 2505 ”disciplinaeque
773 2417 806 2482 in
820 2440 884 2504 qua
905 2416 1034 2482 edoctus
1049 2432 1138 2483 esset.
1181 2418 1208 2458 ²⁶
1217 2418 1304 2484 Haec
1317 2441 1410 2487 mnu·

347 2509 433 2572 data.
478 2506 618 2582 Quume
633 2504 834 2590 exspirasset,
850 2526 907 2589 per
921 2515 1040 2568 tutores
1063 2515 1250 2585 testamento
1271 2504 1409 2592 prolato,

379 2657 683 2710 incantamentum.
823 2657 1039 2707 mHaeenmndeia.
1075 2659 1152 2716 Quum
1163 2661 1178 2708 l.
1191 2649 1431 2724 roseumquum'

345 2723 492 2811 respiramen
503 2729 588 2774 tutores
595 2723 715 2787 prodeunt.
750 2723 892 2772 statunculo
898 2725 990 2786 prolato
1000 2729 1045 2772 etc.
1057 2725 1131 2772 Gron.
1143 2726 1211 2772 Crev.

380 2875 413 2924 20
429 2874 493 2922 Lae
509 2872 535 2920 td
552 2874 673 2934 {nmium
689 2875 776 2920 tutarer
794 2873 878 2932 atque.
926 2870 960 2919 rt
978 2869 1075 2920 Trieres
1095 2871 1161 2920 modo
1182 2872 1323 2936 primenti]
1352 2873 1409 2923 liae

347 2940 417 2986 amin
437 2938 468 2984 ad
485 2935 693 3000 precipitandum]
715 2935 762 2984 Pro
783 2935 863 3000 prima
893 2936 973 2984 solum
982 2937 1048 2984 dedit
1059 2952 1103 2984 suo
1113 2938 1138 2984 in
1148 2937 1212 2984 cives
1222 2938 1309 2994 amori,
1319 2945 1347 2986 ut
1357 2952 1409 2986 non

349 3018 407 3050 voce
429 3003 511 3062 scripti
532 3008 557 3048 et
578 3007 639 3047 vett.
662 3001 721 3048 editi
747 2999 862 3047 exhibent
894 3002 1044 3064 autplenam
1060 3015 1142 3048 rerum
1158 3001 1268 3048 omnium
1284 3003 1410 3050 licentiam

348 3067 453 3114 trtcrvel
466 3067 547 3113 crarta.
582 3063 740 3113 Laur.Valla
755 3059 862 3125 conjece·
895 3078 969 3125 puero
980 3065 1135 3126 relinqueret,
1147 3071 1191 3113 aut
1204 3068 1410 3114 Andrancdorum

324 3131 329 3138 '
349 3132 480 3178 ratlaeiati.
514 3131 591 3178 Nobis
602 3129 678 3190 magis
694 3131 798 3190 placeret
808 3127 863 3173 loeil.
897 3135 993 3176 tantum
1010 3136 1035 3176 et
1046 3131 1169 3192 Zoippum
1184 3131 1207 3178 ei
1224 3135 1316 3179 tutores
1331 3133 1411 3190 daret,

351 3197 398 3242 Sed
418 3196 488 3241 etin
507 3196 537 3242 iis
558 3209 614 3256 quse
640 3207 697 3240 mox
720 3198 864 3254 sequuntur,
896 3194 939 3238 sed
972 3195 1110 3254 quindecim
1140 3201 1232 3241 tutores
1263 3195 1410 3246 nominaret.

350 3269 415 3307 unus
436 3273 451 3305 e
472 3259 560 3307 nostris
581 3258 650 3305 codd.
673 3259 765 3305 omittit
783 3254 810 3304 el
827 3255 865 3303 ad.
897 3258 977 3319 Vulgo
997 3259 1037 3305 hic
1055 3259 1144 3319 legitur
1161 3273 1256 3306 nunus-c
1272 3259 1411 3322 quodecim

250 3347 252 3352 ·
351 3325 391 3372 Sic
410 3323 486 3386 igitur
504 3337 554 3372 non
571 3321 671 3370 omnino
689 3323 762 3375 male,
783 3326 865 3367 nostro
887 3321 945 3372 ¹Sed
963 3322 989 3369 id
1006 3323 1071 3384 quod
1087 3323 1191 3378 edimus,
1209 3329 1294 3371 tenent
1312 3325 1367 3372 rur.
1385 3331 1412 3370 et
1501 3352 1506 3383 2

346 3384 450 3450 judicio,
476 3389 623 3436 formaretur
653 3388 706 3433 brec
737 3385 861 3446 periodum
896 3385 990 3433 Victor.
1001 3387 1102 3434 codices.

350 3453 413 3500 Loett
431 3453 457 3498 ul
474 3453 595 3514 ingenium
611 3453 781 3510 intereuntque
795 3448 866 3494 amiel
928 3451 960 3497 25
975 3451 1157 3514 nunpttnaequ
1172 3454 1197 3500 in
1213 3467 1259 3515 qua
1274 3453 1364 3501 edoctus
1374 3465 1413 3500 es.

346 3517 542 3580 perennandum
560 3516 587 3561 in
604 3515 683 3562 urnula
700 3516 760 3562 uilia
778 3525 866 3574 crotpe-
896 3516 942 3578 rel]
976 3513 1066 3563 Melius
1087 3517 1197 3575 toruus,
1217 3517 1320 3576 eductus,
1342 3519 1411 3578 quod

351 3587 416 3631 runt.
897 3580 989 3638 placuit
1005 3580 1127 3626 Gronorio
1144 3586 1168 3627 et
1188 3581 1251 3629 'l'am
1270 3582 1363 3630 labem
1384 3587 1411 3628 et

384 3646 483 3695 21Per
504 3640 796 3705 ludibrium-,interiretl
824 3640 866 3687 Iu·
897 3642 933 3689 cic
943 3643 1089 3704 Campanus.
1122 3645 1179 3692 Non
1194 3646 1414 3707 enimbicagltur,

350 3712 434 3760 teriret
443 3725 489 3771 per
497 3708 621 3756 lasciviam
632 3709 700 3768 pueri
712 3706 865 3768 Hieronymi,
898 3714 926 3753 ut
941 3708 1007 3754 idem
1020 3709 1155 3756 Gronovius
1171 3712 1290 3766 emanat,
1307 3712 1338 3757 de
1353 3711 1413 3758 doo-

350 3773 421 3839 eujus
429 3777 515 3822 levitas
524 3785 599 3834 regno
610 3773 676 3818 velut
687 3773 807 3819 lluderet.
898 3773 961 3818 trlua
977 3773 1113 3820 litterarum
1128 3781 1153 3821 et
1163 3775 1263 3828 artium,
1274 3773 1317 3821 sed
1328 3776 1358 3822 de
1368 3788 1414 3834 ps-

383 3839 416 3888 22
433 3839 501 3885 Nam
516 3839 536 3884 li
546 3836 661 3899 tutamur]
679 3836 727 3883 liar
737 3849 807 3882 noces
823 3836 866 3883 de·
897 3835 980 3884 tricet
995 3837 1095 3898 antiquo
1112 3851 1179 3884 more
1195 3852 1224 3885 ac
1239 3840 1317 3897 cultu,
1328 3839 1372 3898 qui
1385 3840 1413 3886 iu

350 3910 408 3952 sunt
419 3903 446 3949 in
457 3902 566 3962 scriptis,¹
572 3906 597 3946 et
607 3895 708 3961 adjectis
718 3906 775 3946 runt
785 3913 801 3946 a
810 3901 866 3946 Val-
897 3901 970 3946 domo
982 3902 1096 3948 Hieronis
1106 3915 1201 3962 semper
1211 3903 1328 3962 viguerat.

350 3971 381 4016 le
414 3969 524 4016 Andreas
539 3962 713 4024 ercampanus
729 3965 815 4012 dedere
825 3965 866 4025 qul
930 3965 962 4012 26
977 3966 1037 4012 Post
1051 3965 1100 4014 loec
1117 3967 1225 4013 maadma
1244 3981 1315 4026 mam
1335 3968 1414 4028 empi-

350 4037 463 4080 tutorum.
897 4034 977 4084 ranan,
998 4033 1084 4076 tutores
1099 4030 1227 4094 prodeunt]
1255 4031 1364 4078 Primam
1387 4039 1414 4080 et
1476 4074 1481 4085 ,

383 4096 416 4144 23
432 4095 570 4144 Cmurrtrre
590 4091 621 4138 ad
636 4093 754 4152 peditem
768 4094 866 4153 priuata
898 4094 1011 4140 ultimam
1023 4107 1105 4141 vocem
1122 4095 1236 4156 ignorant
1249 4097 1337 4154 uoetn,
1348 4101 1378 4142 ut
1389 4103 1417 4144 et

349 4160 445 4222 curam]
462 4157 502 4206 lta
518 4165 624 4204 statuere
640 4158 670 4203 de
686 4157 759 4204 domo
772 4169 825 4213 sua,
838 4165 867 4204 ut
898 4157 1055 4216 Gronovlani,
1074 4159 1137 4205 libri.
1171 4159 1252 4206 Possis
1277 4174 1336 4208 curn
1356 4161 1413 4210 lac.

348 4226 471 4286 praecipue
503 4221 643 4284 reipublice
668 4223 812 4275 consuleret,
840 4229 866 4270 et
898 4219 1112 4285 Groncriolegere.
1127 4224 1188 4270 Hae
1196 4223 1314 4272 mndata·
1334 4222 1416 4280 Οκιιπι

347 4291 414 4338 illius
431 4294 523 4338 statum
539 4283 614 4350 hujus
630 4287 759 4334 commodo
775 4291 864 4334 attatu-
896 4286 1041 4398 alpwrplraurt,
1048 4302 1094 4350 prr
1109 4293 1196 4338 tumre
1209 4291 1343 4338 testamento
1354 4303 1415 4353 pro·

349 4361 452 4420 peraret.
941 4381 949 4396 ·
1217 4389 1220 4396 ·
