3064 4976
359 224 396 284 te
674 195 687 246 ·'
750 215 863 275 rrrr
891 213 1028 274 L1v11

199 400 228 445 n.
238 400 266 444 c.
278 397 333 444 aaa.
359 388 482 445 montes
497 379 721 446 circumducit:
732 395 735 408 ·
745 382 865 467 equites
881 379 921 444 ad
936 380 1019 466 ipsas
1038 378 1145 444 fauces
1167 377 1273 456 saltus,
1289 377 1420 443 tumulis

199 461 334 512 *bc-²¹⁷·
360 479 433 553 apte
458 468 648 557 tegentibus,
665 468 767 546 locat3
791 481 835 546 ut,
856 467 910 531 ubi
932 467 1103 534 intrassent
1129 465 1279 538 Romani,
1295 467 1421 550 objecto

199 593 334 642 Flaminius
360 555 511 641 equitatu,
528 554 637 621 clausa
647 555 755 619 omnia
769 555 839 620 lacu
855 577 892 618 ac
907 554 1068 619 montibus
1083 565 1196 618 essent.
1242 551 1421 617 Flaminius

198 659 223 704 in
235 659 335 706 insidias
360 663 463 727 quum
472 643 574 728 pridie
588 641 663 706 solis
677 663 789 708 occasu
805 640 845 706 ad
871 641 975 705 lacurn
991 640 1193 726 pervenisset,
1208 638 1420 724 inexplorato,

199 725 342 783 praecrpnn.
360 741 488 813 postero
513 729 575 806 die,
597 730 652 792 vix
675 728 751 792 dum
776 727 850 793 satis
873 739 958 792 certa
979 729 1059 802 luce,
1076 728 1230 814 angustiis
1252 727 1421 812 superatis,

275 824 277 830 '
361 829 532 900 postquam
554 815 587 878 iu
606 815 815 900 patentiorem
830 835 980 898 campum
1004 813 1103 900 pandi
1126 833 1239 900 agmen
1263 813 1371 898 coepit,
1386 812 1422 876 id

360 913 483 965 tanturn
499 902 648 978 hostium,
664 900 750 988 quod
765 924 805 966 ex
822 901 954 965 adverso
965 913 1041 977 erat,
1058 901 1224 984 conspexit
1234 895 1257 962 f:
1273 899 1314 964 ab
1329 912 1423 986 tergo

298 1001 301 1006 “
361 996 413 1052 et⁸
427 1011 521 1075 super
535 1001 632 1074 caput
644 987 832 1072 ³⁰decepere
841 987 975 1052 insidiae.
1008 987 1130 1051 Poenus
1143 986 1205 1062 ubi,
1223 985 1254 1049 id
1266 985 1352 1072 quod
1365 1009 1423 1070 pe·

362 1075 465 1152 tieret,
481 1075 621 1140 clausum
642 1076 714 1139 lacu
728 1097 766 1139 ac
783 1074 942 1139 montibus
957 1088 987 1137 et
1002 1073 1226 1138 circumfusum
1241 1076 1306 1136 suis
1320 1075 1423 1157 copiis

201 1170 331 1228 uunqua-
361 1160 474 1226 habuit
496 1162 629 1240 hostem,
646 1165 771 1248 signum
798 1160 944 1225 omnibus
967 1163 1020 1224 dat
1043 1160 1136 1223 simul
1161 1159 1344 1223 invadendi.
1366 1161 1423 1245 qui
1515 1209 1516 1212 ,

201 1247 348 1345 ffiffffia
361 1249 428 1326 ubi,
445 1271 507 1334 qua
522 1251 636 1336 cuique
659 1247 933 1332 proximum'iuit,
949 1247 1166 1326 decucurrere,
1184 1247 1336 1334 eo‘magis
1354 1247 1424 1310 Ro-

201 1365 272 1410 dum„
363 1336 464 1400 manis
479 1336 582 1399 subita
597 1349 691 1422 atque
706 1336 865 1420 inprovisa
876 1333 1009 1423 reslfuit,
1025 1332 1110 1418 quod
1132 1346 1203 1396 orta
1222 1355 1262 1396 ex
1279 1333 1350 1396 lacu
1366 1355 1423 1397 ne-

362 1422 438 1486 bula
463 1443 586 1506 campo,
611 1443 705 1507 quatu
734 1421 906 1499 montibus,
929 1420 1055 1485 densior
1077 1419 1208 1496 sederat,
1233 1420 1425 1506 agminaque
1515 1471 1516 1480 ,

362 1508 503 1572 hostiurn
517 1505 594 1572 ilen
613 1508 756 1594 pluribus
772 1507 903 1573 vallibus
918 1507 988 1592 ipsa
1006 1509 1088 1571 inter
1103 1529 1135 1570 se
1150 1507 1226 1570 satis
1241 1521 1422 1591 conspecta,

362 1618 463 1682 eoque
475 1596 576 1682 magis
590 1594 709 1681 pariter
723 1594 981 1659 decucurrerunt.
1007 1593 1173 1658 Romanus
1184 1592 1322 1656 clamore
1336 1593 1425 1679 prius
1515 1591 1516 1672 3

363 1683 515 1767 undique·
533 1697 615 1759 orto,
638 1703 733 1768 quam
756 1682 830 1746 satis
853 1697 1004 1758 cerneret,
1028 1703 1062 1746 se
1083 1681 1333 1744 circumventum
1357 1701 1425 1744 esse
1515 1675 1516 1718 t

363 1770 477 1847 sensit3
501 1779 533 1833 et
559 1783 632 1834 unte
652 1769 686 1831 in
707 1767 842 1832 frontem
864 1767 1027 1854 lateraque
1047 1767 1185 1855 pugnari
1207 1779 1348 1850 coeptum
1364 1781 1423 1847 est,

364 1877 457 1941 quam
475 1857 548 1920 satis
571 1856 780 1921 instrueretur
794 1855 886 1932 acies,
903 1865 958 1918 aut
971 1853 1118 1939 expediri
1132 1875 1230 1931 arma,
1246 1853 1424 1940 stringique
1510 1865 1513 1881 ¹

363 1943 461 2030 gladii
475 1957 611 2027 possent.
1002 1939 1003 1946 '
1306 1959 1309 1968 ⁴

349 2034 354 2058 l
408 2029 450 2092 V.
474 2027 607 2109 Consul,
623 2029 775 2114 perculsis
787 2028 944 2104 omnibuS,
960 2029 1026 2112 ipse
1041 2029 1125 2103 satis,
1139 2041 1173 2092 ut
1189 2027 1220 2091 in
1238 2025 1362 2110 trepida
1376 2047 1421 2103 re,

363 2117 542 2202 inpavidus,
559 2115 701 2181 turbatos
721 2115 858 2196 ordines,
873 2130 1015 2179 vertente
1029 2137 1061 2178 se
1076 2133 1203 2201 quoque
1217 2112 1257 2177 ad
1279 2113 1425 2178 dissonos
1515 2135 1516 2176 r

364 2203 528 2282 clamores,
544 2203 680 2280 instruit,
696 2215 732 2266 ut
752 2215 876 2286 tempus
892 2201 1040 2287 locusque
1053 2201 1189 2286 patitur3
1212 2213 1253 2276 et,
1270 2221 1424 2287 quacum·
1515 2221 1516 2230 ¹

364 2312 427 2376 que
441 2291 528 2355 adire
541 2289 707 2376 audirique
722 2303 836 2374 potest,
852 2287 1051 2364 adhortatur,
1074 2309 1110 2351 ac
1125 2305 1208 2351 stare
1227 2299 1258 2350 et
1278 2306 1426 2373 pugnare

359 2376 470 2462 jubet;
493 2383 547 2440 nec
568 2379 647 2440 enim
670 2377 745 2440 inde
764 2377 841 2440 votis
855 2386 910 2438 ant
924 2375 1133 2457 inploratione
1147 2373 1258 2451 Derim,
1274 2375 1328 2438 sed
1341 2375 1375 2437 ui
1388 2397 1428 2437 ac

364 2466 487 2540 virtute,
504 2465 773 2527 manendumne
816 2464 884 2526 Per
901 2463 1018 2535 medius
1031 2463 1112 2525 acies
1120 2461 1218 2546 ferro
1231 2462 1311 2524 uiant
1320 2462 1425 2544 fieri.-
1514 2485 1516 2490 ’

350 2613 351 2620 ,
365 2560 404 2626 et,
421 2555 479 2634 qno
494 2551 615 2614 timoris
629 2550 727 2613 minus
741 2551 792 2626 sit,
809 2569 843 2612 eo
857 2548 1063 2633 minusferme
1071 2549 1208 2630 periculi
1221 2569 1291 2612 esse.
1331 2545 1427 2610 Cete-

364 2657 436 2699 rum
459 2658 527 2720 prae
541 2635 681 2720 ‘strepitu
697 2657 733 2698 ac
748 2635 886 2699 tumultu
909 2657 969 2699 nec
990 2633 1156 2698 consilium
1173 2655 1233 2697 nec
1255 2633 1428 2717 imperium

364 2723 466 2806 accipi
481 2734 616 2807 poterat.
638 2734 827 2808 tantumque
846 2721 965 2796 aberat,
981 2733 1018 2784 ut
1032 2743 1089 2784 sua
1109 2722 1198 2806 signa
1220 2731 1315 2807 atque
1332 2719 1428 2783 'ordi-

365 2831 437 2872 nem
451 2825 482 2874 et
497 2809 602 2872 locum
617 2821 758 2872 nosceret
773 2808 872 2885 miles,
888 2821 923 2872 ut
936 2807 963 2846 ⁸²
974 2809 1027 2870 vix
1042 2806 1082 2870 ad
1098 2829 1187 2870 arma
1200 2805 1355 2892 capienda
1369 2829 1427 2892 ap-

365 2896 525 2982 tandaque
545 2917 662 2982 pugnae
684 2907 877 2980 competeret
898 2895 1038 2958 animus:
1068 2893 1428 2980 ³6obprimerenturque

366 2982 508 3066 quidam,
524 2981 646 3046 onerati
669 2983 768 3070 magis
789 2981 850 3058 his,
866 3003 961 3067 quam
976 2981 1069 3044 tecti:
1092 2993 1123 3044 et
1137 2995 1206 3045 erat
1219 2981 1252 3044 iu
1268 2992 1427 3044 tantaen-

334 3133 336 3136 .
366 3067 463 3155 ligine
487 3070 588 3156 major
611 3090 684 3133 usus
706 3069 841 3145 aurium,
864 3090 959 3154 quam
986 3064 1165 3131 oculorum.
1211 3066 1264 3130 Ad
1289 3066 1429 3154 gemitus
1515 3051 1516 3076 ¹

365 3156 531 3220 uulnerum
555 3157 699 3244 ictusque
712 3176 882 3240 corporum
897 3167 954 3220 aut
967 3175 1140 3231 armorum,
1156 3163 1188 3216 et
1208 3155 1333 3216 mixtos·
1348 3166 1429 3216 stre-

366 3243 509 3327 pentium
524 3243 768 3330 paventiumque
778 3241 941 3319 clamores,
954 3239 1218 3305 circumferebant
1231 3261 1289 3304 ora
1302 3238 1430 3303 oculos·

366 3351 439 3415 que.
475 3329 539 3394 Alii
552 3329 706 3418 fugientes
717 3327 930 3415 pugnantium
942 3327 1039 3412 globo
1053 3326 1141 3390 inlati
1153 3325 1331 3391 haerebant:
1347 3324 1430 3390 alios
1515 3337 1516 3406 t

366 3417 532 3482 redeuntes
548 3418 579 3482 in
595 3437 737 3504 pugnam
749 3412 913 3480 avertebat
924 3412 1113 3501 fugientium
1126 3433 1250 3501 agmen.
1287 3411 1428 3492 Deinde,
1515 3419 1516 3490 ξ

626 3611 757 3680 ‘adaperta
767 3619 841 3665 Gron.
853 3617 923 3664 Crev.
1032 3620 1088 3664 zac
1098 3617 1166 3664 Eaea

398 3803 432 3850 30
447 3801 562 3862 Daerpara
582 3799 685 3862 insidia]
712 3799 828 3846 Fefellera
846 3799 883 3845 in·
915 3799 1022 3860 Lipsius,
1033 3759 1152 3848 referente
1164 3799 1237 3848 Fran.
1249 3794 1342 3848 Medio.
1515 3825 1516 3834 κ

366 3869 450 3915 sidia:
467 3879 483 3910 a
495 3865 616 3911 Flaminio
634 3878 682 3911 non
699 3870 757 3911 suut
772 3865 882 3911 animad-
946 3865 1001 3912 82·
1014 3865 1061 3911 Via
1165 3868 1299 3925 competeret
1320 3865 1430 3928 animur]
1515 3857 1516 3896 ἶ

366 3945 460 3980 versa:
490 3929 555 3976 Olim
578 3930 637 3976 editi
662 3931 753 3976 habent
774 3929 882 3975 detectum
915 3929 967 3976 Vix
985 3931 1080 3976 animus
1097 3931 1252 3990 suieompoa
1268 3932 1339 3974 earet.
1373 3931 1432 3976 Alia
1515 3953 1516 3976 r

367 3997 461 4055 scripti,
473 3994 575 4053 decepta.
608 3995 671 4040 Inde
681 3995 819 4042 Gronovius
833 4008 881 4041 non
915 3995 1003 4054 forma,
1013 3995 1056 4040 sed
1071 3997 1156 4042 eodem
1168 4007 1250 4046 sensu,
1262 3993 1324 4039 dixit
1337 3993 1432 4040 Salius-
1515 3985 1516 4050 J

360 4059 488 4108 *dubitavit
506 4059 635 4104 admittere
656 4060 682 4105 in
704 4065 801 4105 textum
819 4058 883 4105 dece·
915 4059 979 4106 tium
1011 4073 1083 4118 neque
1108 4062 1196 4117 eninm,
1222 4072 1294 4121 nequa
1321 4058 1430 4116 anamim,
1515 4095 1516 4100 ,

363 4137 430 4186 pera,
440 4125 506 4183 quod
522 4130 547 4169 et
563 4124 658 4184 pridem
675 4120 811 4186 conjecerat
825 4123 883 4183 Lip-
915 4125 1051 4185 autlingua
1061 4129 1193 4186 compacte.

369 4190 427 4235 sius.
581 4223 584 4230 .
947 4187 1247 4252 SS'Opprtmerentnrqua
1265 4183 1373 4251 quidun]
1397 4187 1433 4235 Et

400 4252 433 4300 31
450 4253 494 4300 Ea
509 4252 616 4314 plantus
634 4253 744 4315 veditur]
762 4255 811 4300 Res
829 4254 883 4314 ipsu
914 4254 1014 4314 quidam
1042 4255 1236 4314 opprimerentur
1259 4255 1290 4300 ab
1311 4253 1433 4311 hostibus,

368 4319 467 4374 clamat,
487 4326 512 4366 et
530 4325 581 4366 tota
599 4319 704 4365 narratio
721 4319 831 4376 Liviana,
848 4319 883 4364 le·
915 4320 975 4364 dum
992 4331 1062 4364 arma
1080 4321 1188 4372 nondum
1205 4325 1288 4378 aptata
1299 4319 1366 4365 onam
1377 4331 1433 4365 ma·

368 4385 476 4443 gendum
498 4398 550 4431 esse
573 4384 677 4443 collibus,
698 4398 747 4432 aon
772 4385 882 4432 vallibus.
916 4383 1022 4444 giaipsis
1033 4381 1262 4444 erantquamosar.
