3060 4960
342 137 402 203 d06
733 135 845 200 TlTl
874 137 1008 202 lell
1060 135 1075 165 ⁸
1110 159 1113 167 ·

179 321 211 372 u.
222 321 251 374 n
261 317 317 373 sn.
341 319 415 372 ram
428 299 591 374 mirarem
606 308 729 369 tautum
745 299 920 374 Pleminius
933 299 1152 375 Humum
1164 299 1306 388 presidii
1318 319 1409 388 nra-

181 389 250 440 Μ·
261 387 328 438 Μ’
340 387 470 466 fectum,
493 399 618 460 tautum
640 387 829 474 presidum
849 389 965 459 milites
983 387 1122 457 Romani
1144 387 1266 458 Poenos·
1287 387 1412 468 scelera

341 487 436 562 atqua
449 474 580 543 avaritia
592 496 630 540 su
689 487 832 554 avarunt,
849 488 884 542 ut
904 497 969 540 non
992 475 1101 553 armis,
1115 474 1171 540 aed
1185 475 1267 542 vitiis
1282 473 1408 543 videre·

342 573 396 628 tar
409 561 534 629 assuri.
558 559 626 629 nihi
652 561 810 641 omnium,
825 581 899 648 quas
911 561 979 630 “in
1023 561 1036 626 i
1058 561 1175 631 innisae
1195 583 1274 646 onas
1289 574 1408 648 poten·

341 647 431 717 tionis
445 645 576 725 faciunt,
590 647 837 732 pretermissum
854 646 890 715 in
911 650 986 735 noni
1051 671 1087 714 os
1108 663 1157 714 est
1177 647 1219 714 ab
1240 647 1333 726 duna,
1348 659 1409 714 aut

340 757 362 800 a
375 732 556 800 militibusr.
568 735 601 798 in
615 755 753 819 corpora
767 731 922 818 ipsorum,
936 735 971 800 in
991 733 1118 812 liberos,
1132 734 1167 800 in
1186 735 1340 822 conjuges
1354 734 1408 834 in-

179 819 447 908 injuriari-laudm
463 819 664 894 contumelias
685 818 790 896 editae.
835 820 919 886 Nam
942 821 1073 888 avaritia
1093 843 1135 886 ne
1154 842 1317 886 sacrorum
1332 841 1408 905 qna·

179 901 222 946 tu·

341 906 415 974 dem
444 905 633 992 spoliatione
655 905 825 975 abstinuit:
852 927 911 972 nec
934 905 997 972 alia
1022 906 1121 976 modo,
1139 907 1258 992 templa
1276 907 1407 986 violata,

341 992 397 1060 aed
420 992 623 1078 Proserpina*
645 993 750 1070 etiam,
773 993 883 1066 intacti
904 993 992 1058 omui
1013 1005 1118 1076 muta,
1140 992 1297 1070 thesauri3
1319 1015 1408 1079 prae-

342 1091 488 1167 terqnam
503 1081 588 1166 quod
603 1103 623 1144 a
639 1077 777 1166 Pyrrho,
789 1077 880 1164 ,⁸⁶qui
894 1101 968 1144 cum
990 1101 1109 1168 magno
1130 1079 1258 1165 piaculo
1279 1079 1409 1146 sacrile-

340 1165 449 1256 gii-sui
461 1165 628 1233 manubias
641 1164 759 1243 retulit,
770 1164 895 1250 spoliati
909 1165 1107 1232 dicebantur.
1151 1164 1241 1253 Ergo
1252 1165 1333 1232 siout
1347 1188 1408 1230 an-

342 1266 374 1320 ta
388 1253 485 1341 regiae
499 1273 604 1328 naves,
620 1250 766 1318 laceratas
787 1251 1065 1340 naufragiis,nil1il
1080 1253 1115 1316 in
1136 1263 1253 1318 terram
1275 1251 1407 1340 integri,

341 1353 460 1426 praeter
481 1359 604 1404 sacram
625 1337 791 1422 pecuniam
813 1339 905 1418 Dese,
927 1359 1021 1425 quam
1043 1338 1260 1423 asportabant,
1281 1337 1408 1414 extule-

341 1438 435 1502 rant;
455 1437 524 1489 tum
544 1445 671 1510 quoque
684 1422 711 1467 ⁸⁷
718 1423 782 1489 alio
802 1445 918 1511 genere
940 1424 1038 1490 cladis
1059 1424 1167 1490 eadem
1194 1425 1249 1490 illa
1268 1425 1406 1508 pecunia

342 1510 492 1579 omnibus
514 1510 666 1584 contactis
686 1531 725 1574 ea
738 1508 907 1577 violatione
927 1509 1037 1596 templi
1053 1510 1197 1578 ‘furorem
1216 1510 1341 1597 objecit,
1356 1525 1407 1576 at-

343 1621 407 1751 ffire
420 1598 510 1749 int&
520 1619 554 1664 se
567 1597 677 1672 ducem
693 1595 725 1664 in
740 1596 865 1679 ducem,
878 1596 1011 1664 militam
1026 1596 1059 1662 in
1081 1597 1213 1664 militam
1228 1596 1316 1662 rabie
1329 1595 1407 1662 hos-

381 1706 461 1754 iver

387 1769 449 1838 IX.'
472 1757 615 1838 Summas
627 1769 672 1836 rei
697 1768 869 1837 Pleminius
889 1783 1041 1856 praerat:
1063 1770 1235 1837 ⁸8militurn
1255 1792 1331 1857 pars
1344 1769 1407 1836 sub

343 1861 394 1935 eo,
417 1881 513 1946 quam
535 1857 602 1944 ipae
624 1856 666 1923 ab
691 1855 817 1944 Rhegio
835 1856 1024 1936 abduxerat,
1050 1856 1159 1943 ³⁹pars
1183 1858 1242 1924 sub
1268 1857 1406 1922 tribunis

181 1958 422 2022 mmmm·
469 1945 575 2030 R⁸1²to
596 1941 713 2029 P⁰⁰¹1¹⁰
735 1955 883 2031 argenteo
904 1965 945 2010 ax
966 1944 1120 2030 oppidani
1141 1943 1239 2010 domo
1255 1942 1408 2009 Pleminii

182 2025 273 2138 ffii'
345 2031 434 2101 ¹³¹ssoe
454 2030 588 2120 fflssim’
603 2029 804 2116 se<l1¹0¹¹fib¹1⁸
818 2051 953 2118 quorum
973 2041 1051 2110 erat,
1066 2029 1177 2096 obvius
1194 2029 1276 2096 forte
1291 2029 1407 2117 Sergio

345 2131 376 2184 et
392 2117 540 2184 Matieno
557 2116 694 2182 tribunis
712 2115 850 2182 militum
866 2117 935 2182 fuit.
957 2117 1015 2182 cui¹
1030 2139 1128 2203 quum
1145 2118 1238 2203 jussu
1259 2115 1406 2182 tribuno·

226 2261 228 2268 .
343 2227 417 2272 rum
431 2203 592 2272 ademtam
609 2203 758 2290 poculum
774 2215 863 2281 esset,
872 2203 1017 2292 jurgium
1032 2203 1106 2269 inda
1124 2217 1157 2268 et
1176 2202 1307 2280 clamor,
1321 2224 1406 2291 pug-

341 2315 381 2358 na
397 2304 558 2378 postremo
571 2304 643 2356 orta
656 2288 739 2354 inter
754 2287 902 2356 Flaminii
922 2283 1048 2368 milites,
1063 2289 1345 2378 tribunorumque;
1366 2302 1405 2356 ut
1515 2299 1516 2338 ἲ

342 2378 406 2444 suis
453 2378 563 2465 uisque
588 2388 787 2462 opportunus
811 2375 992 2456 advenerat,
1009 2374 1221 2456 multitudine
1245 2373 1341 2441 simul
1365 2398 1405 2442 aa

343 2401 481 2532 tumultu
497 2476 669 2536 crescente.
713 2460 800 2528 Victi
816 2462 963 2528 Pleminii
983 2462 1097 2542 milites
1112 2485 1211 2549 quum
1225 2461 1268 2528 ad
1284 2461 1404 2527 Plemi-

342 2550 443 2630 nium,
459 2571 605 2617 cruorem
620 2571 658 2614 ac
671 2547 804 2622 vulnera
820 2561 1021 2630 ostentantes,
1037 2571 1101 2614 non
1123 2549 1190 2614 sine
1205 2547 1406 2614 vociferatio-

342 2660 384 2706 ne
406 2651 501 2724 atque
523 2635 741 2722 indignatione
761 2637 1000 2713 concurrissent,
1016 2635 1135 2722 probra
1155 2635 1189 2700 in
1209 2657 1282 2700 eum
1297 2634 1403 2719 ipsum

337 2727 458 2812 jactata
475 2724 509 2790 in
525 2722 641 2810 jurgiis
655 2719 839 2801 relerentear
862 2743 1010 2788 accensus
1032 2722 1080 2787 ira
1094 2723 1189 2788 domo
1211 2744 1278 2786 sese
1298 2723 1405 2807 prori-

221 2847 224 2853 ,
325 2811 424 2896 'puin
446 2833 524 2878 voca
596 2831 636 2874 ue
658 2807 802 2873 tribunos
823 2807 948 2889 nudari,
963 2831 1001 2874 ac
1014 2808 1061 2872 vir
1085 2832 1118 2874 as
1138 2807 1280 2892 expediri
1299 2807 1403 2908 jubet.

341 2899 431 2974 Dum
447 2897 568 2984 spolian
595 2897 619 2960 is
642 2895 680 2960 iis
695 2894 932 2982 (repugnabant
945 2895 1039 2972 enim,
1091 2893 1284 2980 militemque
1298 2894 1404 2994 inplo-

155 2963 158 2971 ¹
260 3070 264 3088 ,
341 2985 468 3066 rabant)
487 2995 610 3068 tempus
633 2981 754 3060 teritur,
770 2994 899 3067 repente
922 2981 1045 3060 milites,
1060 2979 1179 3046 feroces
1203 2980 1320 3046 recenti
1339 3002 1405 3046 mc·

301 3219 302 3224 ’
373 3217 427 3268 85¹
437 3207 517 3282 Inopi]
533 3217 564 3265 Ei
573 3218 615 3280 qui
626 3231 652 3266 sa
663 3218 726 3266 tueri
736 3233 765 3266 ac
774 3219 856 3267 deien-
868 3221 943 3271 uluis.
969 3217 973 3227 '
986 3230 988 3234 ·

246 3289 262 3367 Ι*
341 3285 460 3334 dmmis
470 3286 556 3346 opibus
567 3297 615 3330 non
627 3289 715 3344 potest.
920 3287 954 3334 40
970 3285 1120 3348 Militcmqar
1135 3286 1299 3351 implorabant]
1328 3285 1408 3334 Pleri-

373 3349 484 3406 wara
500 3364 552 3398 cam
574 3347 781 3410 matusala]
806 3349 855 3402 Qui
872 3366 935 3415 ¹<tue
955 3352 1053 3412 scriptis
1080 3351 1404 3413 unumquempiam!

341 3416 453 3478 expensis
467 3415 618 3476 gravissimis
636 3427 681 3474 pro
698 3415 786 3460 scelere
801 3412 856 3459 l'oe·
886 3415 1010 3464 nutilium.
1029 3415 1146 3475 Quidam,
1160 3423 1220 3476 puta
1232 3415 1324 3478 regius,
1338 3415 1407 3462 Rhe·

340 3481 389 3538 nis,
400 3479 483 3526 retulit
493 3479 519 3525 in
531 3479 650 3538 templum
662 3479 738 3538 spolia
748 3491 803 3538 quae
816 3489 854 3524 aa·
888 3481 946 3528 nani
961 3480 1031 3535 liber,
1043 3481 1189 3542 militumque
1199 3479 1274 3539 fldem
1291 3481 1404 3542 impiora-

340 3545 440 3605 crileglo
450 3544 586 3605 collegerat
886 3547 946 3592 iant.
979 3543 1043 3598 Quia
1065 3543 1121 3594 Put.
1140 3545 1217 3592 audax
1234 3557 1314 3606 neque
1334 3544 1404 3591 mi

372 3607 490 3656 avano
502 3621 588 3669 genere
603 3607 689 3672 dadis]
707 3607 812 3655 Sumena
823 3619 854 3653 ex
886 3611 953 3666 itura,
974 3623 1052 3670 neque
1061 3609 1135 3670 fidam
1153 3609 1273 3670 agnoscit,
1290 3611 1402 3657 ahibot-

340 3674 463 3734 sacrilegis
473 3673 540 3719 aliud
552 3686 630 3733 poenoe
640 3685 725 3733 genua
887 3689 934 3736 que
951 3673 1015 3720 nude
1030 3673 1176 3736 militamur
1190 3673 1353 3734 implorabant,
1365 3672 1405 3719 id-
1510 3687 1511 3690 ¹

372 3735 406 3784 88
421 3737 535 3784 Militum
548 3751 607 3797 pan
623 3737 665 3783 ml
679 3749 715 3794 ao,
724 3749 794 3796 qaam
807 3736 857 3795 ipra
887 3754 917 3786 eo
933 3744 1063 3798 utramque
1072 3735 1214 3798 voeem‘pro
1223 3739 1307 3798 iniuria
1317 3737 1405 3784 habuit

340 3802 369 3848 al
380 3800 473 3861 mega
486 3799 624 3864 alrami]
642 3801 700 3848 Vid.
712 3807 762 3846 not.
774 3799 813 3847 25.
824 3801 856 3847 ad
888 3803 1034 3857 Gronovius,
1055 3802 1182 3863 οποοίηιιο
1203 3801 1229 3848 id
1245 3804 1311 3862 quod
1329 3803 1408 3849 habu

339 3879 362 3913 c.
375 3867 491 3925 usupra.
516 3867 630 3913 Ceterum
641 3867 721 3926 magis
731 3864 856 3925 monrium
888 3869 914 3915 in
931 3873 1060 3916 contextu.
1093 3865 1207 3914 Nimium
1230 3867 1332 3913 tidenter
1353 3868 1405 3912 ior·

341 3931 463 3978 videretur
489 3930 627 3990 adducam,
652 3929 774 3990 quomodo
796 3929 855 3975 olim
889 3941 959 3978 tuse.
994 3931 1093 3978 Etenim
1116 3937 1191 3978 testas
1216 3943 1310 3987 sumus,
1338 3931 1405 3977 hisee

340 3995 409 4051 aditi,
419 4001 445 4040 et
454 3993 595 4042 'l'nuanoem
606 3997 690 4044 codex.
888 3997 983 4044 duobus
1001 3996 1109 4044 maxime
1125 3996 1151 4041 in
1168 3995 1245 4054 libris,
1261 3995 1364 4042 xxix.
1377 3999 1407 4040 et

371 4058 405 4106 89
421 4058 487 4106 Pure
508 4057 549 4106 aad
568 4061 669 4106 minuis
687 4056 751 4121 arai]
775 4057 858 4104 Nimi·
888 4060 979 4108 XXX.
986 4057 1405 4120 naumnaimisdafertibasnian

339 4135 397 4171 rum
408 4123 539 4170 verisimile
549 4129 586 4170 est
597 4125 707 4171 tribanos
718 4139 734 4171 a
745 4123 856 4182 Scipione
888 4125 944 4172 Put.
957 4125 1062 4172 librumr
1079 4137 1145 4184 qure,
1157 4124 1205 4170 nisi
1220 4137 1337 4172 murum
1347 4137 1402 4170 mo·

339 4202 370 4236 ex
382 4187 463 4236 Sicilia
476 4187 564 4234 missos
574 4201 626 4236 ease
643 4201 701 4236 eum
717 4188 799 4248 allquo
809 4189 856 4234 mi·
888 4203 944 4236 vere
962 4190 1045 4236 lectori
1061 4201 1208 4245 nummus,
1220 4189 1261 4236 hie
1275 4199 1410 4236 mumana-

339 4253 634 4312 litnmnumero‚quibus
649 4259 674 4298 et
690 4263 855 4312 praesanatis,
888 4255 1079 4309 reiacileasset.
1152 4273 1155 4282 ·

340 4327 456 4382 tanquam
474 4318 584 4378 montius
606 4320 690 4376 duces,
708 4317 792 4365 consul
815 4331 855 4364 vo·
945 4327 950 4334 ·
