3060 4960
472 147 566 210 LlB·
586 145 702 214 XXIX.
729 147 833 208 CAP.
853 148 908 208 v1.
1162 154 1221 218 tua

159 309 302 384 hostium
324 323 409 382 terra
431 313 632 378 cernentibus
659 322 728 378 tota
754 311 852 378 classe
876 310 992 390 efferri,
1016 313 1156 380 accensis
1179 311 1366 388 educam.

159 399 379 484 trajiciendum
402 421 498 486 quam
521 396 671 483 primum,
687 399 856 464 intervenit
874 399 986 485 majori
1007 399 1112 464 minor
1134 401 1367 552 (ιοῗὶ-Μᾶθ·ι

157 485 249 562 tatio,
266 484 388 552 Locros
403 486 514 550 urbem
533 483 714 570 recipiendi,
732 507 804 572 quae
819 485 878 550 sub
893 485 1102 551 defectionem
1118 486 1168 553 Ita
1182 509 1221 552 1ae
1230 503 1388 566 summep-

157 569 334 637 desciverat
349 573 463 657 etipsa
477 570 519 638 ad
535 570 663 636 Poenos.
693 571 808 657 ”Spes
823 584 927 639 autom
939 569 1138 639 adfectandae
1154 574 1221 659 ejus
1229 569 1258 617 ¹¹·

156 657 205 722 rei
226 679 269 722 ex
289 659 419 724 minima
441 681 476 722 re
496 656 636 724 adfulsit.
681 656 871 722 Latrociniis
893 659 1003 742 magis,
1019 681 1115 745 quam
1132 661 1221 745 justo

156 742 253 830 bello,
268 746 301 810 in
315 745 450 814 Bruttiis
464 744 657 832 gerebantur
673 765 740 820 res3
762 744 919 830 principio
933 743 974 810 ab
990 746 1139 810 Numidis
1154 749 1220 814 iau-

155 843 202 907 to,
217 831 410 908 etBruttiis,
425 853 489 894 non
506 831 657 899 societate
671 830 770 916 magis
788 830 919 908 Punica,
935 853 1030 917 quam
1047 847 1160 917 suopte
1170 833 1220 898 in·

154 917 263 1004 genio,
282 917 530 1004 congruentibus
557 916 589 980 in
616 939 689 980 eum
712 937 845 981 morem.
890 917 1056 982 Postremo
1081 919 1220 987 Romani

156 1025 295 1089 quoquc,
306 1006 372 1091 jam
389 1005 579 1090 contagione
593 1001 729 1089 quadam
752 1016 843 1088 rapto
864 1003 1048 1090 gaudentes,
1065 1018 1222 1090 quantum·

155 1091 332 1174 perduces
357 1089 481 1169 licebat,
506 1089 710 1166 excursiones
732 1087 799 1154 23in
813 1089 959 1154 hostium
989 1113 1084 1191 agros
1106 1092 1220 1160 facere.

157 1175 213 1240 Ab
244 1177 280 1242 iis
308 1176 335 1214 ²⁴
343 1177 459 1262 egressi
487 1176 616 1262 quidam
653 1176 764 1240 urbem
796 1174 972 1241 Locrenses
1001 1180 1219 1262 circumventi,

158 1261 384 1350 Rhegiumque
405 1263 553 1329 abstracti
578 1261 711 1326 fuerant.
735 1261 768 1325 in
798 1286 836 1326 eo
865 1261 1063 1349 captivorum
1084 1286 1219 1330 numero

154 1347 238 1414 fabri
253 1348 380 1436 quidam
397 1349 493 1425 fuere,
511 1348 633 1414 adsueti
648 1349 729 1413 forte
743 1347 829 1434 apud
846 1349 966 1414 Poenos
979 1351 1124 1416 mercede
1139 1374 1220 1438 opus

156 1435 192 1502 in
208 1457 281 1501 arce
296 1435 473 1504 Locrorum
490 1435 602 1500 facere.
646 1433 687 1518 Ii,
702 1435 822 1520 cogniti
843 1435 883 1499 ab
903 1437 1107 1502 Locrensium
1130 1439 1219 1524 prin·

155 1521 367 1622 cipibus‚·qui
390 1522 469 1606 pulsi
491 1519 532 1586 ab
553 1520 685 1586 adversa
705 1520 851 1601 factione,
868 1543 941 1608 quae
958 1522 1136 1588 Hannibali
1152 1525 1219 1592 Lo-

155 1630 229 1672 cros
250 1607 434 1690 tradiderat,
452 1607 610 1696 Rhegium
633 1607 1220 1698 se.eontu1erant,vquumretemper-

155 1695 388 1772 cunctantibus,
405 1700 454 1780 (ut
477 1715 546 1759 mos
568 1705 624 1771 est,
643 1693 776 1786 qui'diu
797 1693 926 1776 absunt)
941 1718 1013 1782 quae
1036 1696 1123 1762 domi
1145 1719 1220 1800 age·
1258 1755 1261 1763 ,

153 1796 277 1860 rentur,
303 1781 532 1867 exposuissent,
552 1803 566 1844 s
590 1801 639 1844 em
662 1777 860 1858 feceruntsi
884 1781 1017 1846 redemti
1039 1806 1076 1849 ac
1099 1785 1219 1851 remissi

153 1865 271 1948 forent,
286 1889 391 1934 arcem
407 1891 439 1934 se
453 1868 490 1932 iis
505 1803 687 1933 tradituros.
701 1866 754 1946 ,ibi
769 1890 802 1932 se
815 1865 970 1947 habitare,
986 1867 1145 1956 fidemque
1159 1870 1220 1936 sibi

154 1975 263 2019 rerum
285 1955 427 2019 omnium
449 1954 532 2035 inter
548 1951 829 2040 Karthaginienses
850 1976 926 2018 esse.
968 1955 1095 2040 *ltaque
1113 1958 1220 2044 utqui

153 2040 246 2107 simul
262 2040 420 2108 desiderio
433 2041 547 2126 patriae
561 2053 766 2128 angerentur,
778 2039 871 2104 simul
886 2041 1061 2125 cupiditate
1075 2042 1220 2110 inimicos

154 2125 327 2192 ulciscendi
363 2126 522 2204 arderent,
556 2124 704 2191 redemtis
739 2125 900 2213 extemplo
936 2126 974 2192 iis
1010 2127 1218 2216 remissisque,

154 2235 254 2299 quum
279 2211 422 2279 ordinem
446 2211 579 2301 agenda
606 2211 651 2276 rei
670 2212 932 2298 composuissent,
958 2213 1119 2302 signaque,
1146 2238 1219 2302 quae

152 2298 268 2384 procul
282 2299 368 2364 edita
388 2299 603 2375 observarent,
618 2298 627 2362 i
652 2299 679 2362 si
694 2297 735 2362 nd
752 2299 935 2384 Scipionem
953 2300 1123 2386 Syracusas
1145 2324 1221 2390 pro-

152 2383 238 2462 fecfi,
254 2385 340 2472 apud
354 2408 448 2473 quem
462 2407 537 2472 pars
552 2319 698 2450 exsulum
721 2401 800 2462 erat,
817 2383 985 2450 referentes
1000 2385 1043 2451 ihi
1066 2388 1220 2472 promissa

153 2493 193 2536 ca
216 2472 363 2550 tivorum,
380 2493 477 2558 quum
500 2493 588 2558 spem
605 2468 647 2534 ab
661 2469 774 2537 effectu
788 2471 875 2536 haud
896 2469 1120 2540 abhorrentem
1143 2496 1220 2540 con-

151 2493 216 2624 auii
239 2557 401 2636 fecissent3
428 2559 548 2624 tribuni
573 2556 709 2646 militum
735 2579 807 2622 cum
833 2558 872 2624 iis
888 2557 938 2626 M.
966 2558 1095 2660 Sergius
1120 2575 1152 2626 et
1179 2561 1218 2628 P.

152 2643 318 2712 Matienus
333 2645 430 2721 missi,
441 2645 585 2731 jussique
599 2641 640 2708 ab
658 2642 785 2727 Rhegio
800 2645 860 2710 tria
882 2644 981 2712 millia
1002 2646 1138 2712 militum
1154 2649 1218 2714 Lo·

151 2753 225 2798 cros
244 2731 377 2796 ducere:
400 2745 432 2796 et
447 2730 524 2808 ²⁵Q.
541 2729 698 2796 Pleminio
718 2725 912 2880 propraetori
934 2732 1097 2884 scriptum,
1114 2747 1150 2798 ut
1171 2735 1217 2802 rei

151 2817 432 2919 agendaeadesset.
477 2815 616 2919 Profecti
633 2815 674 2882 ab
691 2815 722 2882 R
747 2818 829 2903 egio,
845 2817 945 2920 scalas
967 2843 985 2884 n
1031 2819 1148 2886 editam
1170 2821 1217 2888 al·

151 2905 321 2972 titudinem
343 2925 424 2970 arcus
437 2901 606 2970 fabricatas
626 2914 799 2988 portantes,
814 2905 920 2970 media
940 2903 1038 2972 ferme
1060 2919 1154 2976 nocte
1175 2930 1217 2976 ex

184 3142 319 3207 emper.
332 3179 358 3196 ..
374 3145 507 3208 afletanda
522 3149 570 3210 ejus
586 3145 623 3193 rei
636 3157 665 3193 ea·
697 3147 830 3206 reperimus
840 3147 866 3195 in
878 3161 927 3195 uno
938 3147 1019 3195 codice
1030 3151 1115 3196 casira.

149 3210 251 3257 minima
271 3225 297 3258 rc
316 3210 417 3275 affubd]
445 3212 534 3259 Odiosa
554 3211 665 3270 repetitio
730 3210 763 3259 25
780 3211 809 3268 Q.
821 3211 938 3262 Pleminio
949 3211 1105 3274 propraetori]
1123 3212 1213 3260 Plemi-

149 3275 287 3324 rci...re.
321 3277 403 3324 Potest
428 3277 530 3324 resecari
551 3289 600 3322 vox
620 3275 664 3326 ret.
695 3276 751 3322 nius
771 3278 811 3324 bic
837 3282 970 3336 propraetor
996 3278 1142 3336 appellatur.
1174 3277 1214 3324 Ex

149 3339 209 3400 Spes
226 3340 357 3400 affirmate
374 3342 424 3388 sive
440 3341 586 3400 occupandae
604 3341 663 3402 (ξω,
695 3354 718 3388 c.
728 3339 751 3386 9.
764 3340 828 3387 infra
839 3346 934 3386 constat
944 3352 1002 3386 eum
1019 3341 1050 3386 ab
1061 3339 1155 3400 Rhegio
1165 3342 1214 3387 mi·

148 3416 239 3464 nempe
260 3407 327 3452 urbis
348 3405 490 3459 Locrorum,
513 3418 568 3466 quae
589 3403 664 3449 iniis
695 3405 750 3450 lites
761 3405 889 3462 adduxisse
901 3404 998 3451 Locros.
1032 3404 1213 3462 Itaqueadmo-

148 3479 206 3526 qua
228 3470 337 3528 proxime
358 3471 499 3529 precedunt
520 3468 664 3528 appellatur.
695 3470 755 3516 dum
767 3467 898 3515 verisimile
910 3471 948 3514 est
964 3479 1022 3514 eum
1038 3476 1212 3528 propraetorem

148 3531 244 3580 Eodem
263 3535 337 3580 modo
356 3535 419 3580 dixit
435 3534 518 3580 Livius
529 3535 546 3582 1.
559 3533 579 3579 1.
591 3546 611 3578 c.
623 3530 662 3579 ld.
696 3533 790 3595 Rhagia
803 3533 938 3592 praefuisse,
950 3538 1023 3592 atque
1040 3545 1072 3578 ex
1088 3545 1116 3578 eo
1131 3534 1213 3593 prest-

147 3595 221 3658 spem
230 3597 436 3658 qffmandircgrs'.
583 3613 593 3630 .
695 3599 744 3653 dio,
761 3611 810 3658 quo
825 3595 895 3644 illarii
913 3599 998 3644 urbem
1018 3598 1152 3653 tutabatur,
1170 3599 1212 3645 ab·

181 3657 461 3774 231nhatiamagrosj
478 3660 579 3710 Plurimi
588 3661 663 3722 scrip·
694 3663 792 3709 duxisse
810 3661 900 3708 Locros
917 3663 964 3709 tria
981 3661 1035 3707 baec
1054 3661 1133 3709 millia
1147 3663 1214 3709 rnili-

145 3725 203 3771 tiet
214 3725 301 3786 optimi
316 3733 399 3773 carent
415 3729 440 3773 ui
462 3739 580 3774 mavoce.
612 3726 663 3772 lta·
694 3732 758 3783 turn,
779 3727 916 3787 dequibus
938 3725 1011 3773 modo
1031 3727 1124 3773 mentio
1145 3727 1211 3775 facta

145 3803 195 3850 que
214 3803 243 3836 ea
263 3803 391 3852 suppressa
406 3791 542 3838 Gronovius
558 3789 616 3851 legit
634 3791 661 3836 in
693 3798 737 3838 est.
771 3792 841 3846 Quod
854 3792 876 3838 si
887 3792 922 3838 ita
932 3797 979 3850 est,
988 3791 1080 3837 tribuni
1091 3793 1210 3851 miiitum,

144 3853 267 3901 hordeum.
692 3856 735 3915 qui
757 3857 872 3904 dicuntur
894 3852 976 3918 juberi
1003 3855 1047 3902 has
1069 3857 1150 3915 copias
1178 3859 1210 3904 ab

108 3923 110 3926 '
181 3916 352 3980 24'Egresri.
364 3949 371 3964 .
384 3951 391 3968 .
402 3919 492 3984 arbem]
509 3919 587 3966 Proba
595 3920 660 3966 locu·
690 3919 787 3981 Rhegio
797 3921 888 3968 Locros
897 3923 995 3976 ducere,
1007 3933 1056 3966 non
1072 3921 1209 3982 intelligen-

146 3983 192 4040 tio‚
203 3987 228 4030 et
245 3980 315 4046 cujus
332 3981 452 4044 exempla,
467 3997 524 4050 quse
539 3997 594 4031 rara
609 3999 658 4031 non
692 3984 717 4028 di
736 3992 793 4032 sunt
811 3986 841 4031 iis
862 3985 998 4044 prefuisse,
1017 3985 1060 4032 scd
1080 3987 1209 4044 pertulime

145 4053 215 4106 sunt,
226 4049 345 4095 crebriora
356 4052 439 4094 tamen
451 4053 531 4095 essent
542 4049 568 4096 in
580 4050 660 4106 editis,
694 4050 865 4095 tantummodo
888 4050 1004 4096 mandata
1032 4049 1150 4109 Scipionis
1176 4051 1208 4098 nd

145 4111 168 4157 si
188 4113 219 4158 ad
239 4111 312 4162 MSS.
334 4111 407 4160 fidem
430 4119 541 4162 accurate
566 4125 662 4174 semper
694 4111 842 4158 Pleminium
854 4119 882 4159 ut
894 4113 983 4160 Locros
1000 4113 1066 4160 bunc
1076 4127 1207 4162 numerum

0 4223 1 4230 χ
143 4176 305 4235 exigerentur.
339 4175 602 4224 sict.·xxv111.c.
622 4177 660 4225 lt.
693 4177 801 4223 militurn
811 4177 917 4224 duceret.
952 4178 1013 4224 Haec
1030 4191 1078 4225 non
1089 4179 1209 4228 inutiliter

87 4271 91 4278 -
146 4241 189 4287 ubi
213 4242 285 4303 vulgo
307 4241 396 4302 iegitur
423 4243 505 4290 caetris
530 4241 660 4304 egreditur,
693 4241 1000 4302 obseruaripatebitinsra.
1158 4241 1160 4248 '

718 4302 815 4367 xks
