3136 4970
444 187 540 250 mn.
556 190 709 259 ,xxmn
740 189 845 267 cnr.
866 191 950 250 xm.
1163 199 1231 276 ,sss

156 373 224 419 anm
248 352 440 437 trajiciendi,
462 355 592 419 maram
617 376 718 422 reram
742 355 926 440 subeunmm
948 357 1121 439 opinionem
1145 379 1207 424 esse
1215 391 1227 431 ,·
1239 374 1269 423 υ,
1281 375 1307 423 c.
1319 375 1378 424 547,

156 435 260 516 unias,
274 441 378 508 insitu
389 442 514 525 ingenio
523 463 587 506 meo
597 444 799 508 cunctationis
804 477 816 516 ‚·
834 465 923 526 qaam
932 453 1039 509 metam
1045 445 1229 528 pigritiam·
1238 439 1269 488 Α·
1279 441 1308 488 ⁰·
1319 442 1376 504 ²⁰2.

154 547 215 609 que
228 527 361 593 nomines
375 529 577 594 adolescentes
589 550 664 594 sane
676 531 843 630 adpellant,
859 531 929 594 dam
944 551 982 593 ne
990 532 1154 613 paniteat,
1170 532 1228 595 ad·

152 613 214 680 bac
235 615 368 681 aliorum
382 616 566 696 speciosiora
583 617 688 697 primo
708 619 853 698 adspectu
869 617 999 680 consilia
1018 639 1135 700 semper
1149 619 1226 696 uisa,

153 719 223 764 mea
238 721 294 764 asu
308 702 445 767 meliora.
467 703 608 780 alterius,
619 703 852 768 obtrectationis
867 701 958 787 atque
973 705 1102 767 invidia
1116 707 1227 770 adom·

31 847 36 852 .
147 805 205 854 eas
219 797 396 852 crescentem
411 789 445 852 in
457 785 841 873 diesgloriamfhrtissimi
853 791 995 854 romulis.
1039 790 1148 876 Aqua
1161 813 1226 856 sas·

148 873 277 955 picione
290 875 319 940 si
328 896 375 941 me
388 895 483 958 neque
493 875 561 938 nita
571 884 641 940 acta
654 885 684 939 et
698 897 793 940 mores
807 877 876 953 mei,
886 897 982 959 neque
992 877 1149 942 dictatura
1160 899 1226 940 ean

152 961 290 1044 quinque
309 961 525 1038 amenitatibus,
543 970 720 1045 tantamque
738 963 851 1046 gloria
872 961 945 1026 belli
963 964 1103 1046 domique
1118 973 1226 1046 parta
1311 1023 1315 1030 .

153 1047 304 1124 vindicat,
320 1045 372 1110 ⁸ut
380 1048 685 1132 propiusfastielium
700 1046 763 1130 ejas
776 1049 843 1124 sim,
855 1069 945 1131 qaam
957 1049 1138 1113 desideriam
1144 1083 1157 1122 ,·
1182 1071 1224 1114 a·

152 1141 206 1198 tas
219 1135 325 1200 saltem
339 1129 458 1198 liberet.
480 1155 548 1218 qua
559 1136 638 1198 enim
653 1135 730 1211 mibi
743 1136 898 1206 annulatio
909 1156 973 1198 cam
988 1156 1024 1198 eo
1037 1155 1099 1198 esse
1106 1145 1221 1217 potest,

150 1220 212 1303 qai
224 1221 342 1302 nefilio
357 1221 476 1304 quidem
491 1243 555 1284 meo
565 1222 695 1305 aqualis
708 1222 773 1284 sit?
798 1221 855 1284 Me
869 1218 1057 1298 dictatorem,
1071 1243 1160 1305 qaum
1175 1225 1222 1288 ai·

148 1327 254 1390 genem
269 1307 368 1370 aclbac
381 1307 507 1383 viribus,
523 1317 552 1370 et
567 1309 601 1370 in
615 1328 703 1372 cursa
717 1309 919 1370 macinarum
940 1329 1040 1370 rerum
1056 1329 1156 1386 essem,
1172 1331 1222 1372 re-

150 1402 307 1462 amantem
321 1414 406 1456 nemo
420 1384 476 1457 but
491 1395 526 1456 in
538 1395 932 1484 senata-autadpapulam
943 1395 1075 1470 audivit,
1091 1415 1150 1478 quo
1164 1397 1222 1460 mi·

150 1499 210 1550 aas
225 1478 390 1544 insectanti
402 1480 448 1542 me
462 1482 608 1564 magistro
622 1480 964 1565 equitnm,·qaodfhndo
976 1501 1136 1564 numqaum
1150 1492 1223 1558 ante

151 1566 295 1630 auditum
308 1575 386 1642 erat,
399 1567 558 1648 imperium
573 1587 682 1630 mecum
696 1577 880 1650 aequaretur.
924 1567 1037 1643 Rabies,
1051 1589 1141 1652 qnam
1153 1589 1221 1632 ner-

150 1651 212 1725 tris,
226 1653 355 1738 adsequi
375 1654 480 1728 malai,
500 1662 544 1728 ut,
567 1655 621 1735 qai
642 1655 773 1716 abionem
784 1651 909 1736 judicio
930 1653 1007 1716 mibi
1028 1664 1222 1738 comparatas

14 1791 15 1814 ,
149 1746 232 1814 erat,
247 1760 304 1802 seca
318 1760 387 1802 moa
398 1741 588 1824 confessione
600 1761 647 1804 me
660 1739 721 1803 sibi
734 1739 923 1824 proefirret:
945 1741 1058 1827 neriam.
1069 1761 1134 1825 ego,
1143 1763 1222 1826 per·

14 1867 16 1878 .
135 1823 273 1910 sanctas
286 1825 459 1901 bonoribus,
475 1828 643 1890 certamino
658 1827 735 1890 milri
748 1835 841 1908 atque
851 1827 1059 1890 annotationes
1070 1848 1135 1890 cam
1145 1831 1222 1892 ado·

148 1913 504 2000 lescenteflorentissimo
512 1933 696 1995 proponam.
719 1914 860 1977 videlicet
870 1921 905 1976 ut
918 1910 1070 1995 mibijam
1082 1915 1220 1991 visendo,

149 2017 216 2065 non
228 2001 323 2062 solam
339 1999 427 2064 rebus
437 2000 582 2084 gerendis
590 1999 689 2083 fesso,
706 2001 735 2062 si
755 1999 826 2084 baie
847 2007 961 2082 negata
970 1998 1089 2083 faerit,
1105 1999 1222 2084 Africa

143 2085 313 2170 provincia
328 2087 518 2150 decernatur.
540 2107 605 2148 cam
620 2107 656 2148 ea
667 2087 785 2168 gloria,
802 2105 870 2168 qua
877 2085 978 2166 parta
992 2095 1046 2160 est,
1062 2087 1221 2150 uiuendum

149 2180 244 2254 atque
258 2173 443 2236 moriendum
459 2182 513 2235 est.
562 2171 691 2244 Vincere
711 2194 767 2256 rgo
781 2171 932 2254 probibni
945 2171 1170 2249 Hannibalem,
1186 2183 1222 2236 ut

147 2279 172 2320 a
186 2257 280 2333 uobis,
295 2279 420 2341 qnorum
435 2259 538 2341 vigent
553 2279 632 2320 nanc
646 2260 735 2336 uires,
751 2261 844 2322 etiarn
859 2260 942 2322 ninci
949 2268 1064 2340 posset.
1219 2267 1223 2278 '

195 2341 292 2406 XLI.
314 2345 403 2408 Illud
422 2351 452 2408 te
473 2346 551 2408 mibi
572 2346 736 2429 ignoscere,
751 2347 792 2410 P.
811 2346 945 2422 Corneli,
961 2365 1077 2429 aquam
1095 2347 1165 2424 erit,
1181 2346 1222 2424 si,

147 2449 239 2513 qiam
251 2431 286 2494 in
299 2451 345 2494 me
359 2433 426 2513 ipso
441 2452 602 2514 nunqnam
610 2432 842 2516 plurissamam
857 2432 1021 2509 bominum,
1038 2452 1128 2516 quam
1142 2455 1221 2496 rem·

140 2516 460 2601 publicamfreeerim,
475 2517 533 2580 ”ne
546 2528 630 2581 tuam
641 2520 761 2601 quidem
772 2518 907 2602 gloriam
917 2517 1125 2602 bonopublico
1133 2540 1221 2602 pra·

14 2643 21 2664 t
139 2623 269 2686 ponam
292 2625 485 2688 quamquam,
500 2606 530 2668 si
543 2613 599 2667 aut
611 2604 721 2675 ,bellum
736 2606 851 2670 stubam
867 2606 900 2668 in
917 2605 1027 2681 Italia,
1043 2615 1099 2669 aut
1114 2607 1141 2670 is
1151 2605 1220 2672 bos-

147 2690 190 2754 tis
204 2700 290 2770 esset,
304 2713 343 2754 ec
355 2712 414 2774 quo
428 2693 507 2756 uicto
521 2691 604 2755 nibil
620 2693 733 2776 gloria
746 2702 943 2776 quareretur,
959 2694 1015 2776 qui
1028 2701 1058 2754 te
1073 2693 1107 2756 in
1121 2693 1220 2756 Italia

147 2778 307 2857 retineret,
322 2779 382 2842 etsi
404 2780 440 2852 id
456 2777 533 2842 bono
549 2777 674 2860 publico
682 2781 819 2862 faceret,
835 2780 927 2844 simul
947 2799 1009 2842 cum
1026 2778 1103 2842 bello
1124 2789 1220 2846 mate·

145 2863 229 2926 riam
240 2865 353 2947 gloria
363 2874 425 2928 tua
440 2866 497 2928 isse
507 2874 641 2947 ereptam
653 2867 755 2930 uideri
763 2875 877 2948 posset.
927 2866 1025 2940 Qunm
1041 2861 1220 2932 oeroHan·

145 2949 235 3014 nibal
248 2951 343 3016 bostis
356 2953 503 3028 incolumi,
514 2953 649 3015 enercitu
663 2953 948 3036 quartamdecimam
959 2972 1072 3014 annum
1087 2951 1218 3017 Italiam

145 3034 295 3113 obsideat,
306 3036 527 3120 paraclitis,
543 3041 584 3102 P.
604 3040 738 3115 Corneli,
750 3040 864 3123 gloria
885 3048 955 3116 tua,
971 3039 999 3102 si
1012 3039 1124 3102 bostem
1140 3061 1217 3120 eum,

144 3123 202 3206 qni
215 3123 425 3208 totficnerum,
442 3133 487 3188 tot
506 3126 639 3189 cladium
654 3125 741 3189 nobis
757 3147 864 3190 caussa
873 3125 958 3209 filit,
974 3134 1009 3190 ta
1029 3128 1134 3192 consul
1146 3127 1217 3190 Ita-

143 3208 195 3271 lia
205 3211 367 3292 expuleris,
381 3221 420 3287 et,
432 3213 510 3276 sicia
517 3232 614 3294 penes
627 3212 662 3276 0.
674 3212 837 3276 Lutatium
842 3213 965 3294 prioris
979 3213 1095 3276 Punici
1101 3233 1217 3294 perpe·

144 3296 227 3358 trnti
237 3295 310 3359 belli
323 3298 517 3380 titulasfnit,
528 3301 575 3363 ita
583 3319 680 3382 penes
693 3307 724 3362 te
737 3296 961 3382 bajasfirerit?
985 3297 1061 3360 Nisi
1074 3307 1131 3360 aut
1141 3297 1216 3360 Ha-

144 3381 255 3444 milcar
272 3382 453 3448 Hannibali
466 3386 529 3447 dac
549 3394 593 3449 est
608 3385 832 3468 preferendus,
848 3393 904 3448 aut
918 3384 998 3446 ilbrd
1011 3381 1119 3445 bellum
1133 3384 1215 3464 baie,

142 3476 201 3530 ant
215 3469 346 3534 uictoria
361 3471 419 3534 illa
431 3469 530 3554 major
539 3473 723 3554 clariorque,
740 3492 830 3554 qaam
840 3472 913 3547 bac,
932 3470 1032 3553 (niodo
1041 3470 1213 3556 contingat,

141 3564 178 3618 ut
191 3563 222 3618 te
236 3557 354 3619 conmle
368 3557 658 3642 uincamm)futara
672 3567 725 3622 est.
770 3557 819 3622 Ab
830 3557 993 3638 Drepanis
1004 3564 1097 3639 atque
1112 3553 1214 3642 Eryce

142 3642 315 3739 detraxisse
337 3642 674 3728 Hamilcar·m,'quam
697 3645 796 3708 Italia
818 3645 969 3728 repulisse
987 3644 1101 3706 Panos
1121 3653 1214 3729 atque

175 3857 191 3904 8
212 3857 245 3906 Ut
263 3861 361 3921 propias
375 3861 504 3924 fastidium
530 3863 579 3924 aar
604 3863 658 3919 sun,
692 3876 732 3910 ces
749 3864 831 3924 scripti
848 3875 933 3909 omnes
949 3859 1097 3907 Gronovitmi
1115 3867 1140 3906 et
1156 3873 1212 3907 nos.

138 3936 212 3984 qaam
232 3923 383 3988 amieriam]
418 3925 451 3972 Ut
471 3927 571 3988 propius
591 3941 659 3974 aece-
693 3929 724 3974 tri
744 3934 870 3988 respuunt.
904 3927 930 3974 si
949 3939 1033 3973 eurum
1054 3931 1120 3970 certa
1142 3927 1210 3986 origo

139 3987 199 4034 dum
210 3989 241 4034 ad
252 3989 379 4038 fastidium
390 3987 453 4054 ejus,
464 4005 539 4053 quam
555 3993 586 4038 ad
597 3991 659 4040 desi·
691 3985 846 4052 reperiretur,
868 4005 908 4038 eas
931 3993 1034 4036 libenter
1057 4003 1211 4037 conservare-

16 4093 19 4102 .
138 4053 251 4099 'deriums
277 4061 305 4100 ut
326 4057 424 4116 propior
451 4059 497 4103 sim
525 4055 659 4103 fastidienti
692 4067 758 4113 mus,
780 4070 810 4102 ne
832 4057 909 4103 oratio
935 4057 976 4102 fiat
1003 4055 1077 4100 nimis
1098 4057 1210 4115 abrupta.

141 4129 208 4176 enm,
221 4131 296 4179 quarn
307 4121 461 4167 desideranti.
494 4119 658 4182 Propiuesas·
691 4117 828 4167 Fatendum
845 4127 882 4166 est
900 4127 982 4168 tomen
1000 4120 1052 4164 sine
1065 4119 1095 4164 iis
1109 4133 1209 4176 sensum

139 4179 226 4228 tidium
242 4183 283 4230 hic
299 4184 398 4244 dicitur,
409 4181 530 4247 quomodo
543 4199 625 4246 supra,
637 4199 660 4234 c.
691 4191 801 4231 constare
818 4197 896 4244 posse,
913 4185 1048 4232 revocando
1064 4197 1095 4228 ex
1111 4184 1140 4229 iis
1154 4198 1210 4244 quas

142 4244 419 4310 reputantium.
691 4247 843 4311 praesidum,
862 4249 939 4310 pluris
956 4263 1027 4308 quom
1045 4249 1210 4310 rempublicam

174 4311 250 4359 9Ne
271 4317 337 4360 taam
364 4314 456 4374 quidem
477 4315 580 4376 glorium
604 4313 659 4361 bono
685 4315 792 4378 fatiam:
1091 4341 1097 4350 .

14 4363 16 4432 f
135 4377 230 4445 publc'ea
247 4378 397 4441 praeponam]
424 4379 484 4426 Tres
504 4380 602 4444 ultimas
617 4395 658 4426 vo·

14 4445 16 4450 ’
165 4469 168 4476 ’
725 4444 826 4508 'rii’
