3136 4970
403 154 1004 221 arumnosas-xxxviii.
1174 163 1233 230 aaa
1328 203 1333 211 x

165 323 307 403 maii
324 319 496 390 oommede
508 321 757 388 ‚hibernaturum
778 317 954 408 solstitia
975 333 1155 387 exutarum
1176 315 1378 409 audiuere.

165 411 275 478 tumui
300 414 382 494 erat)
407 410 566 475 credebat.
588 422 739 486 ueterum,
759 407 846 472 haud
871 429 964 473 aecus
985 427 1081 494 quam
1111 409 1137 473 sl
1165 407 1377 475 Rspucaoa:

168 499 258 564 mani
287 519 355 563 eam
370 531 372 541 ·
386 497 520 562 insulam
535 503 536 510 ’
550 497 734 570 incolerent,
762 494 919 560 hostiliter
943 494 1035 559 classi
1060 494 1232 562 obcursum
1259 565 1264 576 ,

167 598 229 651 ast.
273 585 400 650 Fundis
416 581 826 669 ut-none·plurimum,.ita·
839 596 917 646 tune
936 581 1005 646 solo
1026 599 1066 647 eo
1085 582 1150 648 telo
1164 596 1233 649 ute·
1261 634 1264 642 r

169 674 300 736 bonum
321 693 382 736 nec
395 670 562 758 quisquam
582 667 831 819 alterius-fiendi
852 689 934 732 unus
949 681 1073 734 tantum
1095 691 1132 734 ea
1153 683 1232 748 arte,

169 770 327 845 quantum
341 755 550 822 ⁹¹interalios
567 755 719 820 omuesB
751 755 831 819 iares
852 753 1021 820 excellunt.
1043 756 1150 840 itaque
1164 770 1233 821 tans

165 859 206 910 ta
219 844 267 909 vis
280 843 422 929 lapidum
438 841 639 912 mebsmimae
659 841 822 936 grandinis
842 842 940 905 modo
960 842 994 905 in
1015 843 1234 929 propinquan-

171 943 237 996 tem
254 931 321 1017 jam
344 943 438 996 terrae
458 929 588 994 classem
610 927 709 993 effusa
729 941 785 1003 est,
807 939 854 1004 ut,
873 928 993 992 intrare
1016 941 1142 1012 portum
1168 950 1234 994 non

170 1018 253 1093 ausi,
265 1030 443 1083 averterent
453 1015 487 1080 in
501 1015 600 1080 altum
616 1017 720 1078 naves,
751 1013 789 1079 ln
801 1015 956 1078 minorem
972 1013 1047 1078 inde
1061 1014 1233 1082 Baliarium
1244 1033 1340 1086 nituere
1349 1047 1392 1095 po-

171 1103 312 1169 iusulam
334 1105 533 1190 trajeoerunt,
549 1099 683 1168 fertilem
707 1121 802 1189 agro;
823 1100 943 1178 ”vnis
960 1102 1077 1166 armies
1089 1103 1174 1168 haud
1190 1102 1312 1168 sputus.

171 1213 240 1279 que
260 1190 408 1256 ualidam.
451 1189 563 1276 ltaque
587 1188 868 1273 egressi'navibus
893 1207 989 1273 supra
1011 1200 1142 1274 portum
1165 1189 1236 1255 loeo

174 1277 301 1343 munito
315 1290 418 1342 eastra
432 1275 556 1342 boant:
579 1296 627 1352 ac,
642 1273 710 1339 siue
729 1274 908 1338 certamine
916 1275 997 1339 urhe
1016 1291 1157 1362 agroque
1177 1273 1255 1362 po?
1324 1319 1328 1328 ·

173 1363 239 1440 siti„
253 1363 378 1429 duobus
392 1361 533 1428 millibus
544 1361 745 1427 auxiliarium
766 1360 842 1426 inde
860 1359 1057 1448 conscriptis,
1072 1365 1237 1450 missisque

174 1450 420 1552 Karthaginem,
441 1449 482 1514 ad
505 1447 736 1514 hibernandum
762 1469 858 1512 naves
882 1447 1114 1516 subduxerunt
1160 1449 1238 1516 Post

176 1535 331 1624 Magonis
351 1536 391 1601 ab
415 1535 525 1601 oceani
547 1555 606 1600 ora
626 1533 807 1612 disoessum
828 1533 981 1600 Gaditani
1004 1534 1159 1601 Romanis
1181 1537 1236 1602 de·

12 1603 15 1700 ζ
86 1694 90 1702 ,
174 1623 309 1688 duntur.

144 1793 146 1796 Ι
202 1708 419 1776 *xxxviii
440 1707 563 1774 ”Haec
583 1708 617 1772 iu
633 1705 794 1795 Hispania
818 1706 854 1772 P.
872 1708 1030 1794 Scipionis
1051 1705 1150 1776 ductu
1167 1733 1237 1776 aus·
1246 1727 1325 1790 sopio
1337 1727 1385 1774 tto-

176 1796 331 1883 pieiuque
347 1807 445 1882 gesta.
489 1795 505 1861 l
562 1793 663 1873 ,⁹⁴L.
679 1793 818 1859 Lentulo
841 1806 872 1858 st
895 1798 931 1859 L.
949 1791 1077 1860 Manlio
1100 1797 1238 1862 Acidino
1247 1805 1314 1839 Μ
1324 1792 1393 1838 ΜΨ»

176 1883 342 1970 provincia
358 1882 485 1960 tradita,
524 1903 610 1947 esem
631 1881 764 1946 navibus
780 1881 917 1946 Romam
939 1881 1044 1946 rediit.
1065 1895 1106 1962 et,
1127 1898 1240 1950 senatu

174 1981 274 2034 extra
288 1969 399 2034 urbem
413 1969 490 2034 dato
503 1969 536 2032 in
552 1969 621 2033 aede
631 1965 783 2045 Bellonae,
796 1989 873 2054 quas
886 1988 937 2032 res
951 1968 984 2031 in
998 1967 1156 2055 Hispania
1171 1993 1241 2054 ges-¹
1318 2020 1321 2030 ,
1397 1980 1400 1995 ·

176 2056 278 2134 sisset,
293 2054 460 2121 disseruit:
483 2057 604 2142 quoties
618 2053 716 2138 siguis
732 2054 865 2119 conlatis
879 2053 1066 2132 dimicasset,
1082 2058 1168 2143 quod
1183 2081 1241 2144 op*
1309 2135 1312 2142 Ι
1349 2133 1352 2140 ,
1396 2129 1399 2138 Δ

175 2142 254 2230 pide
267 2165 308 2208 ex
322 2142 466 2210 hostibus
479 2143 663 2228 vioepisset,
679 2161 758 2227 quas
772 2153 883 2229 gentes
899 2141 934 2206 iu
955 2140 1107 2206 ditionem
1131 2143 1241 2228 populi

180 2230 320 2296 Romani
339 2229 520 2316 redegisset
542 2230 685 2293 umore
697 2237 828 2312 quatuor
840 2249 873 2292 so
892 2229 1095 2312 imperatores,
1111 2241 1242 2315 quotam

176 2319 301 2381 viatores
328 2317 475 2380 exoritur
503 2316 535 2379 iu
564 2314 750 2396 Hr'spunium
776 2315 856 2378 isse.-
891 2316 1034 2379 aoaiaam
1063 2311 1241 2404 Karthagi-

177 2403 311 2467 niensem
333 2403 377 2466 ia·
390 2404 428 2467 iis
448 2402 535 2467 terris
561 2401 723 2486 reliquisse.
767 2399 821 2465 Ob
845 2399 901 2465 has
930 2421 980 2464 res
1008 2417 1111 2488 gestas
1140 2405 1241 2492 magis

176 2499 302 2554 mnata
325 2501 377 2555 est
396 2487 551 2573 triumphi
575 2507 655 2572 spes,
670 2508 765 2572 quam
812 2485 889 2552 etita
912 2488 1131 2571 pertinaciter3
1165 2494 1242 2577 quia

180 2575 342 2640 neminem
380 2575 420 2640 ad
449 2591 520 2642 eam
548 2573 633 2638 diem
669 2507 889 2658 triumphasse,
912 2573 1002 2661 ⁹⁶qui
1031 2577 1098 2641 sine
1126 2580 1242 2666 magis·

178 2673 266 2734 tratu
281 2685 330 2727 res
330 2663 496 2790 §essisset
512 2659 685 2734 constabat.
731 2662 850 2728 Senatu
869 2661 975 2738 misso,
994 2663 1103 2728 urbem
1126 2677 1173 2728 est
1193 2667 1242 2729 in·

178 2770 315 2836 gremias,
366 2749 551 2836 argentique
565 2769 634 2834 prae
648 2771 681 2812 se
695 2749 727 2812 in
744 2749 891 2814 aerarium
914 2747 989 2813 tulit
1001 2749 1241 2834 quatuordecim
1329 2827 1332 2836 y

180 2834 281 2900 millia
303 2835 414 2922 pondo
433 2846 576 2901 trecenta
594 2833 804 2923 quadraginta
828 2835 906 2912 duo,
928 2834 1095 2922 assignati
1120 2839 1244 2928 argenti
1328 2842 1331 2852 ⁴
1394 2833 1398 2844 ’

604 2969 743 3050 parmisque
753 2967 826 3036 (iron-
932 3003 940 3012 ·

181 3149 185 3162 ·
215 3119 246 3168 91
263 3121 332 3168 lator
349 3119 407 3166 aliur
424 3119 513 3183 amatr]
537 3117 609 3166 Forte
627 3119 696 3174 alias,
729 3119 808 3180 Scipio
819 3122 947 3180 proconsul
960 3119 986 3166 in
999 3119 1116 3180 Hispania
1128 3134 1180 3169 rem
1191 3137 1244 3185 ges-

180 3193 212 3236 ut
232 3186 397 3246 intelligamus
414 3189 503 3244 μίαν.
535 3185 697 3232 caenosam.
728 3193 801 3233 seraa
824 3187 1102 3234 Prooonmlatusautem
1112 3187 1245 3246 imperium

183 3249 537 3298 'umaorererauuauarea
617 3301 621 3309 ,
728 3255 789 3304 erat.
812 3263 862 3298 non
885 3251 1050 3311 magistratus
1084 3249 1245 3310 Magistratus

183 3311 187 3320 '
216 3314 249 3362 92
269 3313 343 3370 Viris,
353 3313 438 3376 amis]
457 3313 496 3374 Sic
510 3314 593 3374 scripti
603 3326 696 3369 omnes,
729 3314 792 3361 enim
820 3321 871 3362 erat
893 3313 1064 3360 tantummodo
1087 3313 1244 3372 dictatorum,

181 3381 238 3426 aine
250 3379 368 3438 purtioma
383 3391 435 3439 que,
451 3389 524 3438 quam
541 3379 644 3426 nhnium
661 3379 697 3426 di·
729 3379 867 3434 eusanium,
883 3385 1026 3438 praetorum,
1041 3383 1086 3424 etc.
1103 3377 1244 3438 imperium,

182 3446 264 3505 ligent
275 3444 387 3504 Sigonius
394 3449 538 3492 attexusrat.
730 3439 784 3505 qus
794 3444 933 3504 quicunque
947 3442 983 3488 rei
999 3441 1114 3490 militaris
1128 3445 1245 3492 adminis-

218 3507 252 3554 93
267 3507 344 3554 Hoec·
357 3540 365 3556 .
376 3538 383 3556 .
395 3507 428 3556 P.
439 3507 555 3567 Sopianas
565 3507 635 3554 ducta
645 3523 699 3556 aaa
731 3509 825 3565 trandoe
832 3504 875 3570 jus
885 3521 901 3554 a
911 3508 1000 3568 populo
1008 3507 1146 3568 accepisset.
1170 3508 1246 3557 Porro

177 3571 699 3637 piaiuqaaegasta1Minuapropriehiclo·
731 3572 804 3619 multi
818 3567 872 3634 jam
889 3574 1053 3632 imperatores,
1065 3573 1178 3634 exemplo
1192 3583 1246 3621 orto
1312 3588 1316 3595 ·

183 3638 271 3700 quitur
281 3636 373 3683 Livius.
406 3636 530 3691 Quienim
540 3643 700 3696 propraetores
731 3636 786 3690 ια.
799 3637 902 3684 Publilio
914 3637 1024 3695 Philone,
1032 3637 1062 3683 de
1073 3651 1123 3697 quo
1133 3639 1182 3685 vid.
1195 3653 1250 3686 naa.

186 3703 226 3749 vel
237 3701 453 3761 proconsulessiue
468 3702 613 3761 magistratu
623 3702 699 3762 impe-
731 3707 807 3759 uum,
819 3701 835 3748 l.
847 3702 951 3753 vl11.e.
963 3702 1004 3750 26.
1020 3702 1051 3748 ob
1063 3715 1102 3748 res
1118 3711 1248 3764 prorogato

183 3767 251 3814 rium
270 3765 401 3824 habebant,
419 3766 487 3812 nulla
505 3765 626 3812 habebant
644 3779 700 3812 aus-
732 3771 788 3826 post
808 3773 922 3814 exactum
946 3767 1117 3828 magistratum
1145 3769 1248 3830 imperio

183 3831 258 3892 pitia,
275 3835 303 3876 ut
320 3835 414 3876 consui
430 3843 460 3877 ex
478 3830 528 3876 Cic,
539 3830 555 3874 l.
568 3829 603 3877 11.
614 3831 645 3876 de
657 3831 700 3876 Di·
731 3835 812 3890 gestas
827 3831 1045 3891 triumphaverant.
1078 3833 1112 3879 nt
1127 3846 1201 3880 nemo
1217 3835 1249 3880 ad

185 3897 236 3941 vin.
249 3907 273 3941 u·
285 3894 324 3942 tu.
336 3894 396 3943 Viri,
406 3894 560 3940 Perizonium
569 3895 699 3941 Animadu.
732 3895 795 3942 hane
813 3896 878 3942 diem
895 3895 1014 3954 triumphi
1036 3897 1153 3944 honorem
1170 3899 1249 3958 impe-

187 3958 322 4006 Histoi.
356 3959 435 4005 Semel
443 3955 496 4021 jam
508 3959 597 4006 abusus
608 3959 700 4006 esthac
732 3963 848 4016 truserat,
870 3960 913 4019 qui
940 3959 1048 4020 privatus
1067 3975 1124 4008 cum
1146 3961 1248 4024 imperio

184 4023 309 4071 locutione
320 4022 415 4080 Livius,
424 4023 442 4070 l.
454 4023 528 4071 Vili.
539 4035 559 4069 c.
571 4023 612 4072 sl.
732 4022 822 4070 missus
833 4029 896 4068 esset
906 4025 937 4073 ad
948 4036 987 4070 res
996 4027 1120 4083 gerendas.

220 4087 254 4134 as
270 4087 299 4134 a.
317 4087 425 4145 maan,
440 4089 463 4134 er
477 4088 506 4134 n.
518 4087 610 4134 maan
619 4085 701 4133 aaut.
741 4099 744 4106 »
766 4087 798 4133 ss
813 4087 919 4147 Argeata·
929 4118 935 4133 .
947 4119 954 4132 .
967 4120 974 4134 .
987 4089 1157 4149 minanam
1174 4080 1249 4138 mura

184 4150 229 4215 tro]
247 4151 295 4206 Qui
306 4162 363 4199 eum
379 4153 544 4212 mocousolari
558 4153 660 4212 imperio
675 4152 701 4198 in
731 4151 808 4214 pondo
819 4151 987 4214 counit]
1005 4152 1090 4199 Libras
1096 4155 1193 4214 'argenti
1201 4155 1250 4202 uo-

187 4215 334 4276 Rispaniam
353 4215 422 4263 missi
441 4218 546 4276 fuerant,
560 4223 588 4263 ut
602 4219 703 4278 apparet
734 4227 820 4263 manas
832 4214 918 4262 laste.
930 4217 956 4263 id
966 4223 1012 4270 est,
1021 4229 1121 4264 mareas*
1131 4226 1252 4266 nostrates

185 4295 217 4328 ex
230 4281 392 4338 LXXIXse.
405 4280 443 4328 13.
483 4313 489 4324 .
700 4281 703 4287 '
735 4279 822 4330 22409.
835 4291 892 4327 cum
904 4281 982 4328 tribus
993 4282 1078 4328 unciis.

219 4345 252 4392 95
269 4344 374 4400 Quirine
384 4347 524 4406 magistratu
536 4344 701 4407 reagsasinet]
830 4355 833 4362 ⁴
