3122 4962
373 185 432 240 aar
617 203 619 206 -
761 177 874 238 rin-1
906 176 1040 262 tivit

214 357 244 404 u.
254 355 360 468 pata*
373 365 483 438 manos
503 343 543 408 ad
561 335 709 428 idipsum
726 343 836 406 missos
852 343 883 406 in
898 343 1010 409 urbem
1025 359 1224 431 acceperunt.
1271 347 1314 414 m
1330 361 1435 434 quum

214 423 245 470 ¹·
275 421 349 470 ³¹⁰·
372 431 501 520 agmine
509 433 575 516 jam
591 429 623 492 in
639 427 744 492 media
757 428 845 493 urbis
859 452 897 494 ac
911 430 1015 495 forum
1031 447 1148 518 magno
1167 434 1306 500 tumultu
1320 436 1434 514 iretur,

373 534 462 583 ratus
474 517 597 582 Hanno
619 535 681 579 non
701 515 798 592 aliud,
834 537 906 580 uam
929 519 1098 583 tumultum
1110 539 1147 584 ac
1162 522 1366 587 secessionem
1383 521 1435 606 (id

359 640 362 646 ·
395 607 514 670 nodet
534 614 608 668 ante
628 601 798 683 acciderat)
856 603 1033 669 umidarum
1055 627 1131 681 asse,
1154 608 1193 675 sd
1218 609 1435 694 comprimen-

359 629 449 756 dam
475 689 658 754 seditionem
678 688 841 773 processit.
871 701 967 774 atque
991 689 1054 767 ille,
1080 711 1178 776 quum
1204 696 1233 757 ei
1258 694 1435 760 multitudo

374 778 486 862 major,
498 797 592 862 quam
614 773 839 851 Numidarum,
859 775 1061 859 proculum,
1075 790 1108 840 et
1122 778 1242 844 clamor
1265 781 1434 846 Romaurm
1467 849 1479 862 ,

374 863 618 948 haudquaquam
633 861 760 948 ignotus
770 861 810 925 sd
823 883 914 925 aures
928 863 1102 940 accidisset,
1117 866 1215 948 prius,
1227 887 1322 952 quarn
1334 867 1375 932 ad
1387 869 1435 932 ic-

374 964 441 1014 tmn
454 948 507 1014 teli
518 948 649 1024 veniret,
661 947 796 1032 capessit
804 947 921 1035 fugam.
933 967 991 1033 per
1001 971 1140 1014 aversam
1152 955 1277 1037 portam
1289 955 1435 1030 emissus,

374 1038 521 1102 adsumto
545 1035 660 1100 comite
683 1033 835 1121 Epicyde,
861 1054 934 1100 eum
961 1037 1069 1118 paucis
1093 1037 1143 1102 ad-
1161 1056 1248 1102 mare
1267 1041 1433 1124 pervenit:

373 1125 521 1210 nactique
542 1132 722 1206 opportune
740 1141 872 1205 parvum
893 1121 1065 1208 navigium,
1086 1123 1195 1190 relicta
1214 1125 1359 1190 hostibus
1382 1127 1435 1192 Si-

374 1211 455 1288 cilia,
472 1210 592 1295 alequa
611 1227 669 1292 per
688 1217 735 1270 tot
756 1229 856 1270 annos
869 1219 1024 1272 certat-um
1039 1220 1118 1288 erat,
1135 1213 1166 1274 in
1179 1210 1321 1276 Africam
1337 1215 1434 1299 traje-

374 1311 493 1362 cerunt.
518 1295 577 1358 aiio
597 1291 776 1356 multitudo·
788 1292 962 1358 Poenorum
986 1295 1239 1382 Siculorumque,
1255 1321 1296 1362 ne
1309 1312 1435 1364 tentato

374 1383 502 1469 quidem
518 1379 699 1456 certamine,
715 1401 812 1464 quum
826 1380 903 1445 caeci
922 1381 954 1446 in
973 1379 1083 1468 iugem
1108 1397 1245 1460 ruerant,
1268 1384 1433 1472 clausique

373 1469 477 1534 exitus
492 1480 604 1543 essent,
618 1466 703 1530 circa
717 1478 823 1551 portas
838 1486 929 1530 crasa.
973 1466 1104 1552 Oppido
1124 1487 1252 1554 recepto
1267 1471 1433 1550 Laevinus,

374 1557 430 1641 qui
451 1554 557 1639 capita
582 1573 686 1618 rerum
710 1551 878 1640 Agrigenti
893 1566 991 1628 erant,
1006 1553 1111 1642 virgis
1122 1575 1220 1619 caesos
1235 1559 1336 1627 securi
1356 1580 1434 1644 per·

372 1643 484 1706 cussit:
507 1653 626 1704 ceteros
640 1638 845 1726 praedamque
859 1639 1009 1704 vendidit.
1031 1660 1158 1706 omnem
1172 1644 1338 1726 pecuniam
1363 1646 1434 1712 Ro-

375 1751 458 1794 mam
481 1728 573 1792 misit.
619 1725 719 1790 Fama
741 1725 1023 1812 Agrigentinorum
1046 1725 1145 1792 cladis
1167 1729 1306 1795 Siciliam
1329 1747 1431 1818 quum

372 1816 568 1900 pervasisset,
581 1813 687 1877 omnia
698 1825 828 1896 repente
838 1811 879 1875 ad
893 1811 1055 1877 Romanoa
1065 1813 1311 1883 inclinaverunt.
1350 1819 1432 1884 Pro-

372 1902 439 1966 dita
453 1902 541 1965 brevi
555 1911 629 1964 sunt
639 1899 753 1986 viginti
767 1896 903 1982 oppida:
926 1920 980 1964 sex
996 1898 1026 1961 vi
1041 1913 1152 1986 capta:
1175 1901 1353 1968 voluntaria
1373 1905 1430 1970 de·
1463 1935 1470 1942 ·

371 1988 494 2054 ditione
513 1988 546 2050 in
567 1985 662 2051 iidem
683 1997 836 2053 venerunt
857 1983 898 2048 ad
918 1981 1140 2086 quadraginta.
1161 2003 1296 2074 quatum
1319 1991 1431 2056 cirita-

371 2076 458 2140 tium‘
473 2073 670 2161 principibus
691 2091 789 2160 quum
810 2091 870 2155 pro
890 2091 1040 2158 cujusque
1061 2073 1175 2138 merito
1196 2075 1307 2140 consul
1329 2079 1432 2163 pretia

359 2183 544 2248 'poenasque
565 2159 758 2235 exsolvisset,
774 2158 987 2246 co‘e'gissetque
1010 2159 1144 2237 Siculos,
1168 2161 1279 2249 positis
1301 2163 1431 2230 tandem

370 2249 478 2328 armis,
493 2248 533 2314 ed
548 2267 659 2336 agrum
674 2243 842 2310 colendum
863 2244 984 2308 animos
999 2252 1190 2324 convertere,
1206 2257 1243 2312 ut
1265 2262 1345 2315 esset
1364 2273 1431 2316 non

369 2337 546 2402 incolarum
561 2334 659 2398 modo
673 2330 829 2395 alimentis
842 2329 992 2417 frugifera
1007 2331 1120 2411 insula,
1137 2334 1190 2397 sed
1210 2336 1299 2400 urbis
1315 2337 1431 2402 Romae

361 2437 464 2512 'atque
491 2421 593 2487 lteliae
619 2420 666 2504 (id
691 2416 778 2504 quod
802 2416 909 2482 multis
929 2439 1016 2520 ,saepe
1040 2419 1279 2504 tempestatibus
1298 2421 1432 2506 fecerat)

370 2529 528 2575 annonam
551 2507 683 2582 levarem
706 2503 746 2568 ab
767 2502 956 2592 Agathyrna
977 2503 1170 2570 inconditam
1194 2505 1431 2576 multitudinem

370 2615 477 2660 secum
494 2595 526 2658 in
541 2592 663 2658 ltaliam
676 2590 859 2657 transvexit.
881 2606 1018 2676 quatuor
1032 2590 1132 2657 millia
1145 2591 1311 2658 hominum
1326 2611 1429 2676 erant,

372 2682 464 2747 mixti
489 2702 530 2744 ex
555 2677 642 2744 omni
664 2676 854 2741 conluvione
875 2675 1009 2754 exsules,
1025 2677 1167 2755 oboerati,
1191 2681 1340 2764 capitalia
1361 2685 1431 2749 ausi

370 2768 531 2854 plerique;
553 2779 585 2830 et
606 2781 704 2850 quum
728 2763 762 2831 in
787 2762 965 2828 civitatibus
991 2763 1056 2828 suis
1080 2785 1117 2828 ac
1140 2763 1200 2830 ¹sub
1222 2765 1343 2855 legibus
1359 2771 1430 2834 nix·

370 2867 471 2931 erant,
482 2865 514 2918 et
527 2865 696 2937 postquam
719 2871 773 2914 eos
792 2871 833 2914 ex
849 2849 943 2914 variis
957 2850 1073 2914 caussis
1086 2849 1213 2915 fortuna
1228 2853 1339 2918 similis
1353 2877 1432 2921 con·

370 2941 554 3028 globaverat
568 2936 796 3026 Agathymam‚
813 2957 870 3020 per
881 2935 1045 3003 latrocinia
1058 2957 1097 3000 ac
1107 2937 1251 3020 rapinam
1262 2938 1435 3008 tolerantes

255 3069 256 3074 κ
369 3029 476 3092 vitatu.
499 3027 558 3090 hos
579 3037 680 3111 neque
700 3023 876 3108 relinquere
894 3022 1046 3088 Laevinus
1057 3024 1087 3076 1¹⁷
1095 3023 1128 3088 in
1144 3023 1256 3102 insula,
1279 3039 1348 3092 tum
1364 3031 1432 3114 pri·

371 3137 458 3178 mum
480 3135 563 3178 nova
576 3132 654 3198 pace
667 3108 871 3185 coalescente,
880 3109 969 3173 velut
983 3110 1146 3175 materiam
1158 3112 1310 3177 novandis
1325 3115 1432 3198 rebus,

370 3203 445 3267 satis
468 3211 572 3264 tutum
590 3209 675 3264 ratus
689 3210 752 3262 eat:
776 3208 807 3260 et
823 3193 978 3284 Rheginls
994 3197 1063 3262 usui
1082 3195 1180 3262 futuri
1201 3213 1292 3264 erant
1311 3201 1352 3264 ad
1371 3224 1432 3286 po-

369 3286 543 3374 pulandum
569 3284 730 3350 Bruttium
788 3304 871 3363 rum,
882 3281 1047 3347 adsuetam
1065 3283 1238 3347 latrociniis
1259 3289 1432 3370 quaerenti-

371 3383 427 3442 bus
442 3393 582 3439 manum.
629 3371 681 3448 Et,
697 3305 787 3456 qudi
798 3367 838 3434 ad
856 3365 995 3432 Siciliam
1017 3368 1149 3448 adtinet,
1170 3391 1209 3436 co
1223 3391 1308 3438 anno
1322 3371 1433 3442 debel-

209 3545 333 3604 hispania
367 3463 563 3614 tatpznfilestin
592 3542 751 3629 Hispania
771 3541 874 3627 princi
899 3541 930 3606 io
951 3541 1033 3606 veris
1061 3541 1098 3606 P.
1121 3541 1237 3629 Scipio,
1262 3544 1433 3614 ¹⁸navibus

194 3624 252 3658 '⁸²⁵'
369 3635 523 3710 deductis,
541 3633 740 3715 evocatisque
753 3629 858 3693 edicto
905 3648 1088 3693 arraconem
1112 3629 1269 3696 sociorum
1293 3634 1431 3714 auxiliis,

368 3826 399 3875 orl
409 3827 493 3887 iprum.
527 3819 881 3880 Eteousimiliaexemplauon
914 3820 1022 3881 primum
1033 3819 1194 3868 ex'bellorum
1210 3819 1315 3867 ditsidiis
1329 3822 1356 3868 in
1372 3837 1433 3870 eon-

368 3903 446 3952 pnuca
463 3887 566 3936 attulere
587 3885 654 3932 idern
675 3883 728 3932 Jac.
746 3885 883 3932 Gronovius
914 3886 1051 3932 sendmem
1066 3883 1204 3930 animorum
1216 3895 1279 3930 nova
1288 3895 1349 3944 paee
1359 3889 1433 3935 nou.

368 3957 394 4001 in
406 3961 463 4001 nota
473 3955 505 4000 ad
515 3954 532 3997 l.
544 3949 618 3998 XXI.
630 3963 651 3996 c.
663 3947 702 3996 55.
714 3956 739 3996 et
746 3949 884 3998 Gronovius
915 3951 937 3997 ci
949 3951 1072 4010 inciperet.

369 4014 636 4079 paterath.c.43.
656 4015 882 4075 itautqmeripor·
911 4033 918 4042 ·
948 4011 1118 4061 lawavttus
1143 4011 1260 4076 Mutia]
1294 4013 1324 4059 ln
1352 4017 1431 4063 m'are.

369 4086 410 4141 sit,
427 4095 458 4129 an
478 4095 526 4128 non
545 4079 668 4129 interdum
687 4078 881 4126 verumutetur
914 4078 1034 4126 uersare
1058 4085 1084 4124 et
1110 4075 1232 4125 subducere
1264 4087 1433 4138 opponuntur.

366 4145 538 4208 'usurpaverint
550 4146 598 4206 ipre
610 4157 654 4206 pro
665 4146 686 4189 ir
696 4145 752 4204 ipae.
915 4141 1069 4189 &dematur
1079 4155 1153 4190 neres
1171 4143 1197 4189 in
1213 4155 1290 4198 mare,
1301 4141 1433 4192 widm-

405 4211 495 4260 li'la
520 4210 606 4263 iarah,
627 4213 676 4256 tam
694 4209 800 4268 primum
824 4222 882 4254 noua
916 4206 1102 4254 rurinsiecnm.
1345 4219 1351 4224 ·

366 4291 425 4354 gare
441 4271 585 4336 emunata]
604 4274 632 4319 ln
653 4273 741 4326 insuia,
753 4287 808 4332 quse
828 4279 882 4318 tum
