3064 4976
418 211 512 274 LIB.
532 213 617 274 xxl.
644 209 748 272 CAP.
768 207 881 273 xavt.
1134 217 1175 288 '33

115 377 163 446 lbi
178 373 350 444 Hannibal
365 387 469 442 castra
484 371 641 440 babebat:
663 371 874 464 revocatoque
893 365 1173 462 properantum·
1183 371 1213 442 trss
1223 373 1250 440 c.
1262 388 1317 442 aaa
1329 359 1336 381 '⁶

30 475 36 488 ·
114 464 180 530 bale
193 477 294 552 atqua
308 463 477 550 equitibus,
493 483 591 550 quum
615 461 734 526 instare
753 473 912 528 certamen
928 475 1078 541 cerneret,
1094 460 1213 527 nibili-
1224 457 1251 506 ⁰·
1262 453 1318 506 ²¹⁸·

113 573 264 638 umquam
280 551 356 614 satis
371 549 492 614 dictum
507 548 795 634 praemonitumque
809 549 849 614 ad
865 549 1077 615 cohortandos
1091 548 1174 614 mili·
1183 564 1288 612 arama

113 651 155 703 tes
171 650 273 716 ratus,
290 636 409 701 vocatis
424 635 464 700 ad
479 634 663 700 concionem
679 647 765 700 certa
778 636 910 720 praemia
923 636 1125 721 pronunciat,
1140 637 1173 700 in
1182 631 1232 676 '¹¹⁵⁸
1244 639 1298 706 pro·

113 745 250 808 quorum
266 745 355 808 spem
377 732 567 810 pugnarent.
610 720 727 806 Agrum
744 743 807 785 sese
820 724 959 786 datarum
975 743 1037 788 aare
1059 725 1093 787 in
1108 725 1173 787 lta·
1183 699 1314 805 ffiissq

112 813 166 888 lia,
182 810 314 897 Africa,
330 809 502 892 Hispania,
512 807 565 871 ati
578 809 704 892 quisque
717 809 799 883 uelit,
812 809 960 873 inmunem
975 811 1047 892 lari,
1060 811 1113 894 qui
1123 831 1175 873 ac·

111 899 250 980 cepisset,
265 897 430 980 liberisque
438 929 450 967 ,·
474 895 529 979 qui
538 895 714 977 pacatulam,
730 915 819 976 qaam
833 913 950 978 ogram
966 897 1130 973 maluisset,
1147 898 1178 960 ci

111 1005 141 1048 se
153 993 291 1067 argento
300 982 549 1067 satisfacturam:
570 981 625 1063 qai
644 980 790 1043 socierum
806 981 885 1044 cives
900 981 1178 1067 Karthaginienses

99 1071 179 1154 fieri
196 1068 323 1144 vellent,
334 1076 515 1150 patestatem
523 1065 708 1150 faetmmr
728 1067 782 1149 qai
796 1067 897 1130 domos
916 1068 1019 1131 redire
1040 1069 1175 1146 mallent,

111 1158 256 1220 datam
271 1175 304 1218 se
317 1148 450 1236 operam,
466 1173 504 1216 me
517 1149 602 1236 eujus
622 1172 741 1216 amram
756 1154 956 1234 popularium
970 1163 1116 1217 mactatam
1131 1176 1177 1216 se·

112 1263 175 1305 eam
177 1241 350 1326 fortunam
361 1261 423 1304 esse
435 1240 556 1304 uellent.
601 1237 705 1302 Servis
714 1257 840 1323 quoque
850 1237 995 1302 dominos
1005 1239 1178 1325 prosecutis

114 1327 295 1390 libertatem
317 1346 377 1410 pro
422 1324 478 1401 nit,
494 1323 632 1407 binaque
653 1344 713 1424 pro
735 1322 784 1387 bis
804 1323 961 1410 mancipia
983 1325 1179 1390 dominis-se

115 1413 328 1478 redditurum.
404 1433 485 1496 aque
497 1422 532 1474 ut
544 1425 612 1474 rate
622 1420 739 1473 scirent
752 1408 830 1488 iore,
843 1432 959 1496 agnum
975 1411 1056 1476 laeva
1070 1433 1177 1490 manu,

114 1499 250 1564 dextera
274 1496 392 1562 silicem
416 1498 564 1573 retinens,
579 1496 604 1558 si
619 1494 750 1572 falleret,
770 1496 882 1560 Jovem
904 1510 1085 1585 ceterosque
1106 1519 1179 1585 pre·

113 1596 205 1650 catus
226 1583 329 1660 Deos,
352 1582 398 1646 ita
419 1605 452 1646 se
473 1595 656 1658 mactarent,
680 1582 945 1668 quemadmodum
968 1585 1036 1670 ipse
1061 1606 1179 1672 agnum

113 1683 296 1747 mactasset,
312 1669 485 1734 secundum
501 1667 712 1753 precationem
736 1681 831 1753 caput
849 1669 980 1755 pecudis
994 1693 1074 1736 saxo
1088 1672 1179 1736 elisit.

49 1757 51 1760 ’
115 1757 205 1822 Tum
219 1779 297 1822 vero
307 1777 429 1834 omnes,
443 1753 529 1819 velut
545 1753 617 1818 Diis
638 1754 819 1820 auctoribus
834 1754 866 1819 in
889 1777 976 1842 spem
992 1779 1079 1822 suam
1096 1760 1181 1846 quis·

117 1865 182 1931 que
195 1842 342 1929 acceptis,
358 1841 384 1880 ¹*
391 1841 424 1906 id
438 1863 548 1918 morte,
564 1842 649 1927 quod
669 1840 814 1906 nondum
834 1858 1025 1930 pugnarent,
1041 1843 1082 1909 ad
1097 1845 1181 1932 poti·
1206 1839 1210 1848 ’

116 1929 202 1995 enda
214 1944 342 2014 sperata
356 1926 428 2006 rati,
442 1926 589 2012 proelium
606 1947 671 1991 uno
685 1928 791 1991 animo
806 1941 838 1992 et
852 1950 930 1994 voce
943 1951 1007 1995 una
1022 1943 1168 2015 poscunt.

159 2015 293 2082 XLVI.
325 2013 426 2100 Apud
456 2013 620 2078 Romanos
647 2011 891 2100 haudquaquam
921 2027 1010 2082 tanta
1037 2018 1182 2084 alacritas

113 2115 193 2180 erat,
210 2123 309 2186 super
322 2117 427 2166 cetera
440 2100 617 2164 recentibus
631 2099 725 2165 etiarn
741 2103 866 2165 territos
880 2103 1042 2202 prodigiis.
1064 2125 1139 2169 nam
1151 2117 1337 2181 eteroatgtain

113 2190 212 2275 lupus
227 2189 404 2253 intraverat
423 2198 534 2264 castra,
550 2185 737 2272 laniatisque
758 2185 860 2251 obviis
879 2210 946 2274 apsa
961 2191 1096 2254 intactus
1110 2187 1273 2262 eva-mitit
1286 2187 1333 2234 ΒΦ

114 2290 217 2352 serat3
256 2287 289 2340 et
317 2294 451 2338 examen
481 2293 578 2359 apum
608 2272 641 2336 in
672 2272 786 2337 arbore
820 2275 972 2358 praetorio
1008 2264 1277 2343 inminentem·

114 2361 315 2428 consederat.
361 2359 488 2438 Quibus
510 2359 696 2444 procuratis,
724 2359 844 2443 Scipio,
868 2382 941 2425 cum
966 2362 1108 2448 equitatu
1132 2363 1182 2449 ja-

114 2447 382 2534 culatoribusque
410 2446 564 2532 expeditis
592 2443 752 2532 profectus
780 2444 855 2510 ¹⁵ad
893 2461 995 2512 castra
1029 2447 1182 2530 hostium,

115 2557 224 2622 exque
252 2533 436 2684 propinquo
472 2530 588 2633 copias,
618 2545 756 2634 quantae,
786 2544 818 2632 et
849 2534 938 2620 cajus
972 2535 1098 2622 generis
1135 2561 1183 2602 es-

116 2637 199 2699 sent,
216 2641 314 2705 specu
328 2641 368 2684 an
392 2641 437 2701 as,
452 2621 564 2683 obvius
584 2616 621 2683 lit
637 2617 824 2697 Hannibali,
840 2630 873 2684 et
892 2619 951 2706 ipsi
975 2641 1048 2686 eum
1069 2625 1183 2710 equiti-

19 2708 20 2716 ’
116 2709 176 2774 bus
190 2706 234 2772 ad
245 2704 442 2791 exploranda
456 2705 541 2770 circa
550 2703 622 2770 locs
631 2725 806 2792 progresso.
829 2708 936 2771 neutri
950 2707 1064 2774 alteros
1078 2711 1183 2795 primo

19 2859 21 2886 ‚
116 2793 312 2860 cernebant:
335 2791 462 2862 densim
475 2791 591 2856 deinde
612 2791 733 2856 incessu
756 2803 804 2856 tot
824 2791 991 2858 bominum
1013 2817 1182 2882 equorum-

19 2887 20 2894 ’
137 2903 179 2946 ue
208 2881 318 2944 oriens
346 2878 449 2964 pulvis
480 2877 605 2965 signum
632 2877 916 2964 propinquantium
947 2879 1084 2946 bostium
1114 2883 1182 2950 luit.

117 2905 274 3032 iionstitit
289 2976 461 3050 utrumque
517 2985 600 3042 men,
616 2977 648 3028 et
660 2963 776 3050 proelio
790 2987 855 3028 soso
869 2967 1090 3051 expediebant.
1115 2971 1184 3038 Sci-

120 3054 175 3138 pio
189 3051 383 3139 jaculatores
397 3062 429 3115 et
443 3050 557 3116 Gelos
613 3050 692 3116 uites
713 3051 746 3114 in
761 3049 865 3116 fronte
885 3051 986 3131 locat;
1009 3055 1183 3137 Romanos,
1203 3063 1207 3072 ’

119 3139 344 3224 sociorumque
359 3136 445 3223 quod
460 3136 582 3200 roboris
610 3137 664 3212 uit,
681 3137 714 3200 in
737 3137 891 3202 subsidiis.
938 3140 1105 3208 Hannibal
1121 3147 1184 3210 fre-

119 3239 212 3291 natos
238 3224 360 3309 equites
381 3223 414 3286 in
439 3223 579 3287 medium
602 3223 727 3308 accipit,
750 3245 869 3289 cornua
892 3225 1041 3292 Numidis
1067 3230 1183 3297 firnmt.

119 3311 264 3376 Vixdum
277 3310 416 3374 clamore
427 3309 561 3386 sublato,
567 3309 758 3395 jaculatores
765 3309 914 3398 sugerunt
925 3311 1037 3378 ¹⁶inter
1046 3316 1186 3381 subsidia
1194 3327 1280 3388 Pugna

120 3396 159 3462 ad
174 3395 349 3462 secundam
364 3395 475 3461 aciem.
498 3394 572 3459 inde
584 3395 724 3482 equitum
737 3410 892 3461 cermmen
909 3411 975 3463 erat
989 3398 1183 3486 aliquamdiu
1192 3392 1349 3470 equeaartsaa

121 3505 247 3569 anceps.
271 3481 356 3559 dein,
372 3482 447 3568 quia
460 3479 632 3547 turbabant
686 3504 743 3546 uos
764 3483 885 3566 pedites
898 3483 1084 3563 intermixti,
1102 3457 1314 3552 mulmanum.

122 3569 160 3634 tis
174 3568 358 3636 labentibus
372 3591 412 3632 ex
426 3569 526 3655 equis,
540 3579 596 3634 aut
609 3504 835 3646 deiilicntibus,
851 3570 904 3636 ubi
920 3594 992 3636 suos
1006 3573 1108 3657 premi
1123 3574 1184 3638 cir-

124 3668 308 3722 cumventos
323 3653 483 3733 vidissent,
500 3656 569 3741 jam
592 3677 708 3742 magna
722 3677 762 3721 ex
786 3669 877 3741 parte
898 3656 939 3722 ad
960 3657 1056 3744 pedes
1077 3681 1186 3752 pugna

154 3880 246 3929 wad
256 3881 340 3944 mare]
375 3882 405 3930 1a
416 3890 514 3932 tantum
530 3885 577 3933 sibi
587 3897 639 3933 asse
671 3887 808 3948 aegaeum
821 3889 943 3935 Gronovio
954 3887 985 3936 ad
999 3893 1074 3936 castra
1085 3889 1186 3938 aedium

124 3955 197 3994 moras
218 3946 276 4001 rati,
298 3947 431 4006 quominus
454 3951 555 4009 sperans
576 3951 639 4011 pott-
670 3952 845 4012 eemaptnqaa,
857 3954 983 4014 caprasque.

125 4011 293 4072 rentur,quod
311 4012 420 4060 noudum
434 4020 587 4074 pugnarents
604 4020 640 4062 at·
705 4015 736 4062 16
764 4017 833 4062 later
867 4015 967 4064 mimalia
1002 4018 1034 4065 ad
1065 4019 1186 4066 amariam

126 4085 169 4132 que
184 4077 246 4122 adeo
262 4088 326 4133 sese,
342 4076 426 4122 statim
443 4084 517 4136 atqua
532 4091 640 4140 pugnare
672 4079 757 4143 aciem]
776 4079 888 4128 subsidia
899 4088 956 4128 aunt
967 4084 1008 4130 hic
1019 4084 1071 4143 ipsa
1081 4085 1188 4130 secunda

125 4136 227 4194 daretur,
237 4145 364 4200 compotes
376 4147 489 4187 votorum
498 4142 558 4190 tore.
671 4145 741 4190 acies.
775 4145 861 4206 Itaque
872 4152 937 4192 recte
945 4149 1056 4194 observat
1065 4147 1118 4193 Jac.
1128 4149 1188 4196 Gro-

157 4201 188 4250 Ῑό
203 4203 245 4250 Aa
266 4209 346 4250 castra
364 4203 475 4259 mutum,
498 4219 568 4266 acque
583 4219 639 4267 pra·
672 4209 968 4258 noviushasvocess'atar
979 4212 1079 4258 caladia
1090 4225 1188 4270 prorsus

124 4265 305 4332 plsqsooapiaa]
329 4269 395 4316 Mala
410 4269 528 4316 collocata
538 4277 640 4331 estpar·
672 4285 862 4332 supervacaneas
881 4287 941 4322 csse.
974 4276 1057 4330 Quum
1075 4276 1150 4335 igitur
1162 4277 1189 4321 in

129 4328 258 4392 ticulaqaa.
291 4333 442 4395 scriptitare
458 4346 582 4382 omnmo
597 4349 641 4395 qao
672 4349 722 4384 uno
733 4336 786 4386 MS
799 4339 887 4393 desint,
899 4351 940 4386 eas
949 4340 1061 4387 ridemur
1071 4352 1189 4399 passere·

127 4395 257 4458 propinqua,
269 4411 359 4446 anuas
375 4397 451 4458 regiis
463 4410 492 4444 aa
503 4399 640 4462 propmqaa.
672 4401 759 4449 cidere
943 4427 947 4434 ·
1066 4424 1069 4434 =
