3064 4976
417 193 510 254 arn.
531 169 640 256 xxu.
669 190 773 254 cae.
795 194 886 257 v111.
1147 205 1182 258 u

110 357 184 442 gata
211 375 254 422 ex
278 354 421 422 hostium
447 346 871 442 coecavancrumcumulis'
892 379 1029 444 corpora
1051 377 1334 430 momorderas·
1450 371 1454 379 '

111 464 215 527 quum
244 443 375 527 sepeliri
396 445 548 530 jussisset,
582 435 728 509 Flaminii
756 465 885 532 quoqne
909 467 1036 532 corpus,
1061 445 1180 512 funeris
1189 443 1325 535 ‘2⁰:²¹⁷-

111 549 225 592 caussa
248 551 369 618 magna
387 525 557 596 cum'cura
576 531 773 618 inquisitum,
789 553 854 598 non
876 531 1007 598 invenit.
1048 532 1275 612 *Romanae

110 614 148 678 ed
187 611 311 680 timum
326 620 479 682 nuncium
494 617 591 682 cladis
605 619 682 704 ejus,
698 637 769 682 curn
792 619 915 706 ingenti
936 632 1058 686 terrore
1077 641 1116 685 ac
1129 623 1292 719 ιιι-ξωΙὶιιε

111 721 143 764 m
178 714 216 766 tu
230 723 409 768 concursus
429 704 463 768 in
483 704 585 771 forum
600 704 711 790 populi
732 717 779 768 est
793 705 903 770 iactus.
935 705 1111 776 -Maconae
1125 729 1179 770 va·
1199 687 1271 720 Μ’

111 809 160 874 gae
174 810 236 874 per
254 789 331 868 vias,
347 811 420 876 qum
440 811 554 875 repens
568 789 674 855 clades
696 790 812 870 adlata,
828 813 939 878 quoeve
950 790 1079 858 fortuna
1090 814 1179 860 exer·

111 873 192 938 citus
212 888 310 952 emet,
324 876 439 941 obvios
463 889 720 961 percunctantur.
742 889 775 942 et
793 898 892 964 quum
913 877 1084 965 frequentis
1101 901 1177 944 con·

112 959 212 1024 tionis
229 961 330 1026 modo
346 963 440 1028 turba
453 963 486 1027 in
500 962 694 1028 “comitium
716 975 749 1031 et
769 963 889 1029 curiam
904 965 1179 1053 versamagistrc·

112 1057 163 1110 tus
186 1062 338 1124 vocarem
361 1049 489 1114 tandem
517 1047 602 1114 haud
633 1049 734 1114 multo
758 1063 832 1115 aute
855 1049 929 1116 solis
956 1071 1106 1116 oecasum
1127 1051 1177 1120 M.
1296 1051 1299 1060 '

113 1131 317 1218 Pomponius
340 1129 470 1218 praetor,
488 1137 612 1221 Pugna,
628 1135 742 1222 inquit,
758 1155 882 1222 anagnu
902 1137 971 1208 victi
989 1157 1112 1202 armus.-
1134 1151 1178 1221 et,

111 1239 310 1322 quamquam
320 1221 401 1286 nihil
412 1222 527 1294 certius
536 1240 577 1312 ea
588 1243 626 1286 co
637 1222 779 1306 auditum
792 1234 963 1299 esttamen
975 1222 1055 1287 aliua
1065 1224 1178 1290 abalic

111 1305 235 1391 impleta
250 1307 435 1388 putatoribus
449 1307 563 1372 domos
573 1306 726 1388 scierunt,
738 1309 885 1374 consulem
895 1329 960 1374 carm
970 1329 1085 1396 magno
1091 1321 1180 1391 purte

112 1393 266 1474 copiarum
280 1410 413 1459 carum:
432 1414 582 1478 eriperem
590 1413 714 1478 pancos,
730 1392 873 1482 nntstrgc
884 1398 1005 1476 passim
1015 1417 1071 1478 per
1080 1398 1177 1462 Enat-

111 1479 188 1542 riom
197 1501 335 1564 sparsos,
348 1491 401 1546 ant
412 1481 562 1570 coptosub
577 1481 670 1552 hoste.
712 1479 836 1566 4’ῗίὶιιοῑ
846 1503 936 1546 casus
946 1481 1102 1547 exercitus
1112 1483 1175 1548 vic-

108 1564 132 1628 ti
148 1565 352 1646 fracmenta
366 1568 399 1631 in
413 1587 505 1631 curas
519 1566 677 1652 dispertiti
688 1586 798 1632 eorum
813 1567 909 1631 animi
925 1579 1025 1646 erant,
1036 1579 1184 1654 quorum*

109 1653 287 1754 propinqui
304 1651 364 1718 sub
375 1653 414 1718 0.
427 1653 585 1720 Flaminio
600 1651 932 1732 consulemsruerant,
948 1654 1175 1742 igrrosamiunl,

110 1759 190 1824 quae
202 1761 243 1804 ou
256 1761 356 1826 usque
370 1761 498 1804 sucrum
512 1738 744 1804 fortunaesset.
767 1739 1005 1826 necquicquam
1021 1740 1095 1806 satis
1109 1761 1177 1806 cer·

113 1837 185 1888 tum
199 1823 243 1888 ba
281 1825 398 1914 t‚quid
421 1839 477 1891 aut
496 1840 611 1909 speret,
630 1837 685 1891 aut
705 1825 826 1890 timeat.
871 1825 1013 1906 Postero,
1029 1849 1068 1892 ac
1087 1828 1178 1892 deln-

110 1932 188 1996 ceps
201 1911 325 1999 aliquot
339 1911 461 1990 dicbus,
476 1913 516 1976 ad
531 1925 639 1996 portas
653 1911 754 1998 major
771 1931 872 1998 prope
886 1911 1064 1993 mulierum,
1080 1935 1179 2001 quam

109 1997 268 2078 virorum,
283 1996 459 2063 multitudo
468 2037 470 2044 ·
480 1999 576 2074 stetit,
591 2010 647 2062 aut
668 2019 796 2062 suorum
812 1999 960 2084 aliquem,
974 2011 1030 2064 aut
1044 2002 1178 2066 nuncios

109 2083 151 2148 de
165 2083 217 2148 his
231 2086 420 2178 opperiens:
443 2083 840 2171 circumfundebanturque
854 2085 954 2150 obviis
968 2085 1177 2163 sciscitantem

111 2191 219 2255 neque
233 2172 342 2252 avelli,
357 2172 467 2258 utique
477 2169 518 2235 ab
539 2171 634 2258 notis,
649 2165 747 2255 prius,
762 2190 857 2256 quam
880 2170 992 2237 ordine
1004 2175 1114 2236 omnia
1128 2173 1178 2242 ina

110 2258 293 2344 quisissent,
316 2271 474 2343 poterant.
503 2253 599 2323 ¹Inde
618 2257 721 2322 varios
744 2255 848 2322 vultus
869 2255 1115 2345 digredientium
1135 2259 1177 2323 ab

111 2345 240 2410 nunciis
264 2365 418 2424 cerneres,
432 2358 469 2410 ut
483 2343 675 2431 cuique-aut
694 2345 767 2409 laeta
784 2355 842 2410 aut
860 2343 963 2408 tristia
981 2344 1178 2409 nunciaban-

112 2442 182 2495 tur:
206 2432 469 2534 gratulantssque
483 2443 537 2498 aut
554 2430 750 2496 consolantes
764 2429 976 2495 *redeuntibus
991 2430 1102 2496 domos
1116 2431 1178 2496 cir·

110 2517 287 2584 cumfusos.
331 2519 536 2584 Feminarum
551 2517 712 2604 praecipus
734 2529 765 2581 et
786 2515 903 2618 gaudia
925 2517 1063 2605 iusignia
1076 2529 1179 2600 erant,

112 2619 145 2670 et
157 2605 281 2670 luctus.
294 2633 299 2648 ·
327 2604 435 2672 Unam
448 2606 560 2689 inipso
570 2617 675 2690 porta,
688 2603 795 2689 sospiti
806 2601 875 2670 filio
887 2618 1015 2689 repente
1025 2604 1176 2684 οδΙαεαιη,
1187 2625 1280 2673 Matres
1291 2639 1329 2674 rs-

112 2691 144 2756 in
160 2702 341 2777 conspectu
358 2693 426 2780 ejus
444 2693 619 2777 exspirasse
639 2690 761 2766 ferunt3
783 2689 924 2767 alteram,
940 2691 991 2756 cui
1012 2713 1101 2755 mors
1120 2691 1179 2756 filii
1187 2693 1263 2751 mati*
1274 2691 1329 2738 l¹¹⁵¹

112 2775 373 2843 salso-nunciata
395 2789 472 2856 erut,
494 2789 642 2842 moestam
665 2775 837 2864 sedentem·
851 2776 947 2862 domi,
973 2779 1013 2843 ad
1038 2777 1178 2863 primunt
1186 2756 1328 2868 iffi&

111 2881 321 2949 conspectum
334 2864 494 2935 redeuntis
505 2863 561 2928 lilii
575 2862 694 2952 gaudio
703 2863 803 2928 nimio
813 2863 1034 2936 exanimatam.
1065 2865 1179 2930 ¹Sena*-

112 2966 181 3018 tum
196 2966 353 3037 praetcres
367 2972 424 3036 per
438 2951 505 3016 dies
519 2949 640 3037 aliquot
653 2949 695 3013 ab
708 2962 781 3014 orto
803 2968 902 3036 usque
922 2949 964 3022 ad
981 2949 1178 3018 occidentem

113 3039 214 3106 solem
243 3039 277 3102 in
303 3038 393 3102 curia
416 3038 564 3114 retinent,
593 3033 817 3113 consultantes,
845 3056 983 3121 quonam
1006 3035 1098 3116 duce,
1124 3049 1179 3103 aut

115 3128 230 3216 quibus
246 3125 355 3210 copiis,
371 3123 470 3188 resisti
483 3121 657 3187 victoribus
673 3119 781 3186 Poenis
790 3136 904 3207 posset.

151 3213 253 3279 VIII.
268 3210 455 3297 Priusquam
466 3208 539 3274 ratis
548 3223 635 3273 certa
643 3207 774 3274 consilia
782 3224 896 3291 esent,
906 3231 1017 3294 repens
1027 3207 1087 3274 alia
1096 3233 1179 3276 nun·
1188 3225 1339 3274 amclades

115 3301 219 3366 ciatur
234 3297 358 3384 clades:
380 3308 516 3384 quatuor
532 3294 630 3358 millia
644 3294 797 3404 eqpitum,
809 3317 880 3360 cum
894 3294 933 3359 C.
950 3295 1106 3388 Centenio
1119 3319 1181 3382 pro

115 3400 256 3472 praetore
271 3385 366 3450 missa
383 3382 424 3448 ad
438 3380 517 3448 colle
541 3403 593 3448 am
608 3382 647 3444 ab
670 3379 804 3446 bervilio
824 3383 965 3463 consule,
980 3381 1014 3445 in
1028 3381 1178 3462 Umbria,

116 3497 180 3562 quo
219 3485 271 3537 ost
292 3491 337 3556 pu
382 3489 433 3533 am
456 3468 495 3532 ad
514 3404 734 3532 Prasimenunr
757 3466 897 3532 auditam
917 3477 1094 3532 averterant
1108 3468 1179 3547 iter,

115 3559 156 3626 ab
239 3557 370 3632 onibae
391 3553 614 3620 circumventa.
659 3551 737 3639 Ejus
758 3553 804 3618 rei
826 3552 909 3620 lama
928 3554 1013 3618 varie
1035 3552 1180 3622 homines

116 3646 242 3711 adfecit.
265 3666 351 3730 pars,
366 3641 528 3726 occupetis
542 3641 659 3727 majore
673 3639 862 3724 egritudine
876 3639 999 3717 animis,
1012 3640 1123 3719 levem,
1138 3665 1179 3707 ex

117 3731 355 3818 comparatione
371 3728 526 3814 priorum,
541 3726 657 3791 ducere
672 3739 827 3790 recentem
843 3726 984 3812 equiturn
1001 3727 1178 3812 jacturam}

116 3841 190 3904 pars
205 3839 272 3884 nou
287 3817 331 3894 id,
347 3814 435 3903 quod
448 3813 615 3890 acciderat,
631 3833 689 3896 per
711 3835 745 3877 se
762 3811 928 3892 estimare,
943 3811 1008 3892 sed,
1026 3813 1107 3878 utin
1123 3813 1179 3880 ad·

117 3905 198 3972 lecto
212 3895 349 3990 corpore
363 3900 506 3988 quamvis
521 3899 598 3964 levis
619 3919 729 3962 caussa
742 3899 855 3983 magis,
870 3920 965 3984 quam
980 3898 1085 3965 valido
1105 3924 1179 3987 gra-

118 3992 193 4071 vior,
210 3991 399 4064 sentiretur3
421 3987 465 4050 ita
480 3997 547 4052 tum
565 4003 662 4074 aegrae·
675 3997 707 4048 et
722 3981 856 4048 adfectas
870 3984 988 4080 civitati
1003 3985 1179 4072 quodcum-

150 4179 181 4227 ts
198 4178 338 4242 domums]
352 4177 412 4226 vid.
422 4173 632 4224 afratxxvfl.
664 4175 729 4234 eapti
751 4181 830 4233 erant,
850 4175 947 4236 quidam
975 4177 1103 4230 vulnerati,
1125 4178 1179 4238 qui·

121 4256 140 4288 c
150 4243 189 4290 36.
610 4269 613 4278 ·
665 4240 722 4286 dam
733 4240 821 4299 integri
829 4255 860 4288 ex
871 4243 954 4300 praelio
961 4242 1104 4302 effugerant·
1120 4243 1180 4288 'l'ot-

151 4307 270 4365 wotos
285 4309 365 4372 emas]
394 4306 466 4352 Varii
480 4317 551 4352 maus
565 4315 634 4350 caer·
665 4304 730 4350 idem
750 4304 825 4362 igitur
840 4306 865 4350 in
885 4319 956 4352 curer
973 4307 1093 4367 dispertiti
1110 4312 1179 4354 erant

121 4370 180 4419 titur
199 4376 256 4422 victl
279 4375 395 4424 fuerant:
430 4372 471 4420 alii
498 4369 565 4426 cari,
593 4368 634 4421 alli
666 4369 742 4416 animi
754 4369 953 4430 propinquorum.
