3060 4960
440 175 536 235 urs.
555 173 657 234 xxx.
681 153 897 242 csnjxxs.
1142 175 1200 253 sos

134 341 203 403 dio.
225 359 321 424 neqsm
334 339 392 406 bac
405 341 601 426 deformitate
613 340 732 405 retina
744 340 804 404 mei
817 348 881 405 tam
897 339 937 404 P.
949 337 1056 422 Scipio
1065 341 1239 408 exsulta-u.
1248 360 1277 408 c.
1286 359 1355 406 aroc

130 427 181 496 ,aa
194 435 288 512 atquae
301 427 405 516 afferet
414 449 486 502 sese,
498 421 589 512 qnam
604 427 734 506 Hanno,
744 428 801 512 qni
814 429 931 491 domam
941 437 1088 505 nostram,
1100 449 1198 512 qnan-
1206 427 1237 474 Α*
1250 427 1278 474 ⁰*
1287 429 1344 471 ²⁰³·

104 539 106 542 ·
133 515 175 576 do
189 514 257 579 alia
272 535 307 577 re
321 533 382 578 nan
390 515 506 598 potnit,
518 515 612 578 renata
625 514 835 598 Karthaginis
848 511 1004 598 obpressit.
1046 513 1121 578 Jam
1136 512 1199 580 hoc

134 599 241 684 ipsum
271 600 467 701 praesagiens
494 600 613 677 animo,
639 612 876 686 praeparaverat
904 611 978 666 ante
1007 621 1110 666 navas.
1139 601 1200 666 ita·

134 709 209 770 que,
224 685 329 752 inutili
344 687 481 752 militum
498 685 602 752 'turba
622 685 764 772 praesidii
784 687 889 772 specie
909 687 942 750 in
965 685 1086 772 oppida
1099 687 1199 753 Brut·

133 773 173 836 tii
199 773 279 860 agri,
301 796 380 860 -quae
402 790 506 860 pauca
531 772 633 861 magis
657 786 756 852 metu,
779 795 876 862 quarn
901 773 975 851 fide,
990 774 1200 839 contineban-

135 873 200 938 tur,
223 859 364 939 dimissa,
387 859 482 1012 fluod
509 859 633 924 roboris
661 859 696 923 in
724 860 864 926 exercitu
893 872 972 937 erat,
998 859 1032 924 in
1055 859 1198 926 Africam

135 947 328 1012 transvexit:
351 969 384 1011 m
420 947 459 1011 tis
484 946 589 1012 Italici
611 947 735 1034 generis
757 945 846 1034 (quia
859 947 893 1011 in
909 945 1052 1012 Africam
1073 961 1200 1014 secutu-

134 1055 189 1098 ros
210 1033 386 1099 abnuentes
412 1045 632 1098 concesserant
652 1033 686 1097 in
708 1032 845 1098 Junonis
860 1033 1003 1098 Laciniae
1017 1033 1198 1114 delubrum,
1220 1064 1225 1072 ·
1298 1102 1301 1115 ,

134 1119 323 1186 inviolatum
345 1121 387 1185 ad
409 1143 479 1186 eam
500 1119 600 1203 diam)
622 1119 657 1183 in
679 1119 801 1206 templo
821 1121 891 1206 ipso
910 1119 996 1186 ioede
1018 1120 1202 1188 interiectis.

139 1207 229 1271 Raro
249 1229 442 1296 quemquam
466 1206 578 1285 alium,
620 1205 733 1272 atriam
756 1207 860 1272 exsilii
885 1227 995 1272 caussa
1020 1205 1201 1294 reinduan-

137 1307 214 1372 tem,
234 1293 370 1382 ⁷⁸magis
398 1307 548 1360 moestnm
578 1229 679 1358 disse
706 1291 825 1372 ferunt,
854 1315 949 1381 quam
981 1293 1201 1360 Hannibalern

136 1380 277 1445 hostium
303 1395 389 1446 tarra
409 1381 634 1447 excedentem:
658 1381 833 1466 respexisse
855 1398 942 1466 saepe
965 1379 1070 1448 ltalia)
1096 1381 1201 1460 litora,

138 1481 171 1532 et
186 1467 275 1533 Deos
290 1467 496 1555 hominesque
510 1479 722 1547 accusantem,
738 1468 771 1532 in
785 1489 818 1532 se
832 1489 960 1556 quoque
980 1491 1019 1532 ac
1039 1491 1131 1534 suurn
1151 1471 1201 1555 ip—

137 1555 203 1619 sius
223 1567 321 1640 caput
335 1568 545 1636 exsecratum,
564 1554 656 1632 Quod
667 1575 730 1618 nan
743 1566 897 1620 cruentant
911 1555 952 1620 ad
968 1557 1125 1622 Cannensi
1138 1560 1201 1622 uic-

136 1641 222 1708 toria
235 1643 364 1708 militem
379 1644 510 1707 mom
530 1643 675 1706 ducissa.
719 1639 891 1726 Scipionem
906 1643 954 1706 ire
967 1645 1011 1706 ad
1025 1643 1202 1730 Karthagi-

138 1751 208 1792 nem
220 1749 338 1808 ausum,
352 1727 407 1813 qai
425 1731 529 1795 canan
548 1729 662 1794 hostem
676 1726 826 1792 initalia
837 1731 965 1794 Parnon
984 1749 1047 1792 non
1069 1731 1201 1796 tidisset.

137 1838 182 1894 se,
205 1826 321 1880 centnm
346 1815 481 1880 millibus
508 1824 696 1892 amnatomm
717 1817 762 1878 ad
790 1815 1000 1880 Trasimenum
1024 1825 1056 1879 et
1078 1818 1205 1883 Canem

138 1903 236 1980 casis,
248 1903 332 1966 circa
343 1903 524 1980 cautinum,
535 1903 713 1986 mnusque,
725 1901 1086 1966 etNolnmeansennisss.
1102 1917 1104 1922 ‘
1118 1901 1205 1969 Haec
1321 1943 1325 1950 ·

138 2009 291 2054 accusans
304 1986 698 2078 querenaquaaxdiutina
706 1987 903 2074 possessione
913 1987 1015 2053 ltaliae
1023 2000 1071 2052 est
1079 1985 1205 2056 dolme-
1273 2077 1276 2082 ,
1307 1995 1309 1998 ’

37 2129 39 2136 ,
140 2089 203 2142 tus.
755 2121 758 2126 ι
1140 2106 1169 2143 s

185 2159 290 2228 XXI.
307 2162 445 2228 Romam
457 2183 515 2248 per
525 2161 652 2228 eosdem
667 2160 745 2238 dias,
756 2174 789 2226 et
801 2159 978 2250 Magonem
989 2173 1022 2227 et
1032 2161 1205 2228 Hanniba·
1280 2202 1282 2210 ,

140 2250 204 2315 lem
216 2247 384 2334 profectos,
396 2248 538 2314 adlatum
546 2263 604 2314 est.
613 2246 849 2335 cujusduplicis
856 2247 1080 2334 gratulationis
1090 2248 1207 2316 minuit

139 2337 297 2414 laetitiam,
307 2349 339 2402 et
350 2335 438 2422 quod
449 2355 562 2422 parum
572 2335 670 2400 duces
678 2337 711 2398 in
720 2333 940 2400 retinendisiis
953 2339 1065 2422 (quum
1074 2337 1106 2400 id
1116 2359 1207 2402 man·
1246 2343 1247 2348 ’
1276 2401 1278 2410 .

140 2424 253 2489 datum
263 2423 304 2488 ab
312 2438 422 2488 senatu
432 2423 526 2504 esset)
535 2437 590 2488 aut
600 2421 707 2498 animi,
715 2419 890 2486 autvirium
900 2421 1048 2488 habuisse
1056 2423 1207 2490 videban-

142 2521 216 2587 tur;
239 2523 272 2574 at
282 2509 369 2596 quod
383 2509 510 2574 solliciti
523 2520 624 2586 erant,
635 2507 724 2574 omni
738 2507 813 2573 belli
828 2508 912 2574 mole
926 2509 959 2573 in
974 2531 1075 2576 unum
1090 2511 1207 2576 ducem

142 2597 381 2683 exercitumque
395 2594 556 2674 inclinata,
572 2617 638 2683 quo
651 2615 787 2664 evasura
800 2609 882 2661 esset
895 2617 956 2661 res.
1002 2589 1065 2662 Per
1079 2599 1207 2664 eosdem

143 2683 212 2748 dies
226 2682 321 2774 legati
343 2683 512 2772 Saguntini
526 2694 692 2760 venerunt,
708 2681 954 2769 comprehensos
974 2705 1050 2748 cum
1072 2687 1209 2768 pecunia

141 2769 336 2836 adducentes
352 2769 646 2858 Karthaginienses,
661 2769 716 2856 qui
737 2768 779 2834 ad
801 2769 1010 2834 conducenda
1034 2771 1156 2838 auxilia
1174 2773 1208 2837 in

145 2857 342 2943 Hispaniam
367 2857 573 2944 trajecissent.
595 2855 804 2922 ⁷⁹ducentiun
826 2868 858 2920 et
878 2857 1112 2944 quinquaginta
1126 2859 1208 2937 auri,

142 2944 367 3048 octingentdm
393 2944 502 3029 pondo
524 2943 648 3031 argenti
668 2943 703 3007 in
722 2941 879 3008 vestibulo
900 2942 1000 3007 curiae
1021 2959 1209 3030 posuerunt.

145 3031 345 3120 Hominibus
360 3031 497 3116 acceptis
518 3044 551 3096 et
572 3031 605 3094 in
627 3027 949 3107 carceremconditis,
965 3051 1045 3096 auro
1060 3049 1210 3121 argento·

167 3139 206 3182 ue
231 3117 368 3195 reddito,
391 3117 504 3204 gratim
524 3117 640 3204 'legatis
664 3129 761 3182 actae:
793 3127 889 3202 atque
917 3115 1047 3204 iusuper
1076 3137 1211 3186 munera

143 3141 221 3269 data
235 3225 273 3268 ac
284 3225 388 3280 naves,
405 3204 518 3290 quibus
533 3203 566 3266 in
584 3201 777 3289 Hispaniam
791 3215 1036 3268 reverterentur.
1075 3205 1211 3272 Mansio

144 3291 260 3356 deinde
275 3290 317 3356 ab
331 3290 508 3356 senioribus
522 3289 607 3354 facta
627 3302 685 3370 est,
701 3290 834 3375 Segnius
854 3291 989 3354 homines
1012 3291 1105 3372 bona,
1119 3299 1210 3376 qaam

144 3379 239 3456 maia,
250 3380 375 3444 sentire.
424 3378 575 3442 Tiansitn
590 3379 624 3440 in
635 3378 765 3442 Italiam
777 3376 979 3454 Hannibalis,
991 3389 1137 3462 qnantum
1148 3390 1211 3444 ter·

144 3467 227 3532 roris
234 3467 433 3550 pavorisque,
444 3463 540 3532 ⁸⁰sese
547 3466 726 3542 meminisse,
737 3485 813 3549 quas
823 3465 934 3529 deinde
939 3467 1055 3548 xalcides,
1068 3487 1142 3550 qnos
1151 3467 1212 3532 nc-

180 3697 210 3740 78
223 3686 662 3751 Magiamoennm]Nulloiuscripto‚
695 3692 818 3737 cantarum
842 3690 867 3733 et
893 3685 1068 3748 quinquaginta
1098 3687 1211 3735 librarum

146 3756 370 3816 mquaGronovio,
384 3767 461 3814 nequa
475 3753 544 3800 nolis
560 3755 664 3801 assumit
695 3755 777 3815 ponda
805 3752 866 3806 turi,
888 3752 1080 3813 octingentarum
1109 3755 1212 3814 argenti.

148 3821 276 3882 semaa.
301 3821 411 3880 Plerique
421 3821 483 3866 hana
494 3824 663 3866 vooemtotara
695 3820 751 3866 Vid.
762 3819 868 3882 Gronov.
885 3819 914 3865 ‹le
931 3819 982 3864 Pea
999 3819 1053 3863 Vct
1072 3819 1088 3864 l.
1109 3820 1130 3865 Ι.
1151 3835 1171 3865 a
1187 3813 1212 3870 1.

147 3887 262 3934 abolente
277 3887 385 3948 -quidam
414 3885 465 3944 clm
493 3885 548 3931 loos
575 3885 665 3931 habam
695 3887 808 3932 &mrum
826 3889 882 3930 950·
899 3883 965 3930 libro
975 3884 1090 3930 Murum
1107 3883 1214 3933 efficiunt

97 4001 99 4006 ,
146 3961 207 4001 tm.
227 3951 438 3999 Alterutmexlaia
449 3949 663 4012 partieullmecas·
694 3962 785 3997 marcas
809 3952 929 3995 nostrates
950 3955 1007 3998 89⁰·
1030 3952 1214 4012 enusquisque

145 4019 209 4067 saria
217 4018 256 4064 lna
268 4017 339 4064 nobis
349 4017 449 4064 suatur.
694 4014 781 4062 nuella.
819 4011 973 4076 Oniagemae
998 4014 1065 4062 litere
1088 4017 1215 4078 Romane,

179 4090 212 4134 ’19
228 4081 665 4144 Ihmtrimetqainquaginiaavni,
695 4089 786 4128 meant
799 4083 870 4126 1950.
1030 4085 1035 4093 ‘

144 4148 312 4208 „tingentem
327 4148 405 4208 panda
420 4143 530 4208 argenti]
547 4145 573 4191 ld
585 4149 632 4204 ast,
644 4145 667 4193 ai
730 4151 764 4190 su
778 4143 835 4190 Seue
854 4140 1003 4210 meminisse]
1025 4145 1140 4194 Libenter
1159 4140 1217 4196 cnm'

146 4219 210 4263 hano
230 4213 412 4261 amman
425 4211 611 4259 Grammaticam
629 4223 665 4257 sas
697 4207 986 4257 Gronasicrecidcrcmui
1001 4211 1051 4258 hac
1066 4214 1148 4274 verba,
1161 4225 1214 4274 qua

146 4282 271 4330 ventatem
293 4279 384 4342 erigere
406 4277 475 4338 velis,
495 4277 602 4340 pondera
621 4277 664 4326 dn·
697 4275 836 4328 annoanlo
846 4276 976 4324 massana
987 4277 1105 4337 Menesi.

752 4348 834 4404 003
