3122 4962
437 170 531 230 ern.
552 168 683 230 xxvu.
710 167 814 230 cnr.
834 166 911 229 xn.
1146 177 1203 265 aaa

141 350 227 420 equo
242 332 369 418 publico
379 347 608 412 emeruerauv,
624 335 679 400 sad
699 335 788 408 dena,
800 331 957 417 stipendia
970 332 1057 418 equis
1071 332 1277 418 privatiano.
1290 347 1346 399 sss.

142 419 295 486 facerent.
339 419 497 504 Magnum
520 436 675 506 praeterea
697 417 861 486 numeruni
877 441 988 484 eorum
1005 419 1201 504 conquisive·
1211 413 1346 462 ΛΜΨ·

143 521 229 584 runt,
245 505 301 591 qui
315 529 397 592 equo
411 529 532 573 merere
552 508 721 574 deberent:
743 519 838 590 atque
852 529 889 570 ex
905 505 953 581 iis,
969 505 1023 590 qui
1042 505 1201 591 principio
1262 501 1263 510 ¹

140 592 211 676 ejus
233 591 306 656 belli
327 593 549 676 septemdecim
572 616 670 658 annos
692 593 758 658 nati
780 591 913 666 fueram,
930 613 1032 740 nequa
1046 591 1201 656 militave-

140 690 223 754 rant,
236 700 346 744 omnes
360 677 684 746 ⁶⁴aerariosfeoerunt.
722 678 966 744 Locaveruntin
993 677 1198 756 ereficienda

141 785 215 850 quae
229 765 315 831 circa
328 763 432 830 forum
453 765 600 830 incendio
614 777 778 830 consumta
792 777 892 842 erant,
908 775 1028 850 septem
1045 763 1198 844 tabernas,

139 850 319 927 macellum,
335 851 479 918 ⁶⁵atrium
495 852 627 940 regium.
703 905 710 912 .
1164 851 1193 880 ·'

186 935 268 1002 XII.
293 937 474 1012 Transactis
488 938 644 1016 omnibus,
661 961 733 1024 quse
750 939 864 1004 Romae
875 937 1000 1026 agenda
1010 951 1110 1016 erant,
1122 959 1198 1004 con·

138 1023 225 1097 eules
236 1024 275 1088 ad
287 1023 404 1088 bellum
417 1023 557 1109 profecti.
593 1025 686 1088 Prior
699 1025 828 1090 Fulvius
839 1047 1029 1113 praegressus
1043 1024 1198 1109 Capuam.

141 1109 220 1174 Post
234 1131 351 1192 paucos
365 1110 432 1174 dies
447 1124 631 1178 consecutus
651 1111 784 1188 Fabium
807 1113 861 1197 qui
876 1123 907 1176 et
922 1110 1073 1195 collegam
1090 1133 1197 1176 coram
1224 1179 1227 1198 Ι

138 1195 326 1272 obtestatus,
341 1210 373 1260 et
395 1219 451 1278 per
466 1197 571 1262 literas
582 1197 788 1276 Marcellum,
805 1211 948 1283 utquam
964 1197 1117 1262 acerrimo
1132 1197 1198 1262 bel·

139 1279 174 1346 lo
187 1281 344 1346 detineret
366 1283 593 1360 Hannibalem,
609 1283 686 1348 dum
708 1284 774 1366 ipse
788 1285 961 1348 Tarentum
979 1283 1196 1372 obpugnaret:
1208 1296 1296 1344 Fabius
1311 1304 1358 1344 sta·

139 1391 178 1450 ea
194 1369 272 1432 urbe
288 1367 412 1434 ademta
433 1369 516 1434 hosti
532 1372 598 1454 jam
618 1370 695 1434 undi
720 1393 760 1434 ue
780 1370 883 1454 pulso,
898 1369 1024 1434 necubi
1049 1363 1354 1436 consiste-iffitTl‘ffl·

139 1467 199 1529 ret,
215 1454 306 1518 66ηεο
321 1455 397 1540 quid
412 1457 510 1520 fidum
529 1393 850 1540 respiceretlrabenti,
869 1477 909 1518 ne
933 1456 1113 1520 remorandi
1128 1457 1197 1542 qui·
1207 1429 1359 1537 qqrrqaupug-

138 1539 213 1604 dem
228 1563 369 1605 causeam
385 1545 417 1604 in
441 1543 533 1608 Italia
547 1543 624 1606 fore.
669 1541 742 1606 Rhe
765 1543 830 1606 ium
845 1543 940 1608 etiam
959 1543 1109 1608 nuncium
1125 1544 1197 1608 mit-

137 1627 177 1690 tit
190 1626 231 1690 ad
247 1626 431 1710 prefectum
453 1627 709 1714 praesidii‚jquod
732 1566 772 1692 ab
795 1628 929 1693 Laevino
944 1630 1071 1694 consule
1086 1630 1197 1694 adver·
1239 1681 1241 1686 .

137 1735 192 1776 sus
209 1713 351 1778 Bruttios
365 1715 409 1778 ibi
424 1715 560 1780 locatum
576 1728 653 1791 erat,
669 1714 776 1780 ⁶'lucto
798 1715 897 1780 millia
918 1713 1100 1780 hominum:
1124 1736 1197 1800 pars

136 1799 276 1867 maxima
295 1803 335 1864 ab
356 1801 545 1888 Agathyrna
571 1800 665 1883 (sicut
688 1813 779 1866 antea
801 1801 921 1866 dictum
943 1801 1004 1878 est)
1026 1824 1067 1864 ex
1090 1803 1197 1868 Sicilia

135 1885 292 1965 traducta,
314 1899 405 1971 rapto
427 1889 532 1952 vivere
556 1887 722 1960 hominum
744 1887 956 1954 adsuetorum.
979 1886 1080 1950 additi
1106 1903 1197 1954 erant

137 1970 338 2038 Bruttiorum
353 1973 527 2038 ⁶⁸indidem
544 1973 697 2060 perfugae,
712 1988 744 2038 et
755 1974 888 2039 audacia
898 1985 930 2037 et
941 1973 1079 2038 audendi
1090 1976 1196 2039 omnia

133 2058 370 2132 necessitatibus
384 2081 486 2145 pares.
532 2061 630 2126 Hane
655 2081 783 2125 manum
807 2060 848 2124 ad
871 2059 1032 2124 Bruttium
1055 2061 1195 2144 primum

196 2167 247 2210 um
262 2144 520 2230 depopulandum
535 2147 609 2211 duci
619 2147 722 2232 jussit,
738 2145 812 2210 inde
826 2146 867 2210 ad
881 2145 1068 2210 Cauloniam
1085 2145 1195 2210 urbem
1284 2222 1290 2230 Ι

132 2252 154 2294 o
178 2232 394 2316 pugnandam.
432 2233 593 2316 Imperata
607 2255 672 2296 non
687 2235 813 2317 inpigre
827 2232 938 2310 solum,
955 2230 1009 2296 sed
1024 2232 1196 2298 etiamavi-

132 2316 186 2392 de,
205 2318 354 2394 exsecuti,
377 2319 508 2403 direptis
528 2319 706 2404 fugatisque
727 2319 903 2384 cultoribus
926 2318 1004 2403 agri,
1027 2339 1150 2381 summa
1165 2320 1196 2381 vi

133 2401 247 2476 urbem
262 2404 499 2491 obpugnabant.
544 2404 729 2486 Marcellus,
745 2419 777 2471 et
791 2405 927 2484 consulis
950 2403 1047 2468 literis
1063 2405 1194 2483 excitus,
1205 2427 1336 2476 Marcellus

132 2497 166 2554 e‘t
180 2489 255 2574 quia
276 2490 320 2554 ita
343 2492 374 2554 in
398 2492 539 2556 animum
554 2491 732 2569 induxerat,
750 2493 907 2564 neminem
931 2491 1045 2556 ducem
1077 2491 1325 2568 Roma-arcanu-

132 2597 212 2640 num
229 2591 292 2640 tam
312 2599 418 2660 parem
438 2577 625 2654 Hannibali,
647 2601 741 2664 quam
765 2601 807 2654 se,
830 2601 905 2653 esse,
929 2578 984 2642 ubi
1000 2577 1139 2661 primum
1159 2578 1192 2642 in
1203 2559 1349 2672 ffiffgssn

132 2686 152 2726 a
175 2663 217 2726 ris
232 2663 340 2745 pabuli
356 2665 447 2746 copia
461 2662 531 2739 fuit,
547 2686 588 2730 ex
602 2664 742 2728 hibernis
766 2663 935 2750 profectus,
952 2665 992 2728 ad
1018 2665 1190 2728 Canusium
1201 2688 1284 2734 currit.

173 2748 312 2812 annibali
328 2748 479 2836 obcurrit.
527 2750 723 2820 sollicitabat
737 2751 777 2816 ad
794 2750 997 2816 defectionem
1017 2751 1192 2814 Canusinos

132 2833 265 2905 Poenus.
288 2847 440 2912 ceterum,
459 2849 493 2899 ut
507 2837 763 2922 adpropinquare
778 2836 967 2902 Marcellum
979 2837 1108 2913 audivit,
1126 2856 1300 2902 cas-necem
1391 2835 1393 2840 ’

129 2931 181 2984 tra
201 2919 276 2984 inde
294 2922 401 2985 movit.
446 2923 568 3004 Aperta
583 2935 651 2988 erat
665 2924 763 3010 regio,
779 2925 846 2986 sine
861 2923 932 2986 ullis
947 2923 987 2986 ad
1004 2923 1133 2986 insidias
1148 2923 1191 2986 ln·
1202 2919 1335 2977 H³⁰⁰³b¹²¹2

128 3005 244 3083 tebris3
267 3007 373 3092 itaque
389 3009 420 3072 in
434 3007 504 3072 loca
520 3009 656 3074 saltuosa
671 3010 783 3074 cedere
804 3009 879 3072 inde
900 3009 1004 3092 coepit.
1052 3009 1194 3074 Marcel·¹
1201 2991 1324 3096 {⁶12¹ssssss

128 3092 180 3158 lus
196 3092 334 3181 uestigiis
349 3094 498 3174 instabat,
514 3110 677 3180 castraque
694 3095 803 3160 castris
818 3093 1016 3160 conferebat:
1040 3110 1081 3173 et,
1096 3119 1192 3178 opere
1279 3173 1283 3180 Ι

127 3177 279 3264 perfecto,
295 3179 456 3263 extemplo
473 3180 507 3244 in
522 3181 620 3244 aciem
643 3181 782 3269 legiones
805 3181 966 3246 educebat.
1014 3181 1190 3268 Hannibal,

128 3265 291 3330 turmatim
306 3287 364 3350 per
378 3267 499 3350 equites
515 3265 721 3353 peditumque
737 3268 927 3354 jaculatores
941 3267 1030 3332 'levia
1044 3269 1190 3331 certami-

126 3371 170 3414 na
183 3373 300 3428 serens,
316 3373 421 3416 casum
439 3352 593 3418 universae
608 3375 725 3440 pugnae
740 3377 804 3419 non
821 3354 1030 3420 necessarium
1042 3353 1189 3419 ducebat.

125 3449 245 3503 tractus
258 3449 305 3502 est
326 3451 432 3504 tamen
455 3438 496 3504 ad
518 3440 562 3518 id,
578 3441 666 3526 quod
688 3441 817 3517 vitabat,
839 3445 1009 3504 certamen.
1054 3439 1080 3475 ⁶⁹
1089 3439 1190 3503 Nocte

532 3583 545 3611 ²
560 3585 690 3626 noenoerant
701 3581 776 3628 Gron.

122 3695 156 3742 do
169 3693 300 3744 discrimen
317 3698 415 3759 aliquod
433 3699 507 3745 statui
519 3699 641 3745 videratur
705 3698 821 3746 66'Nee
838 3696 894 3758 quid
908 3696 986 3756 fidum
1006 3695 1126 3752 resanaret
1147 3694 1188 3740 lra-

122 3759 189 3805 inter
198 3771 239 3805 eos
250 3761 293 3821 qui
304 3775 366 3822 equo
376 3763 483 3823 publico,
495 3769 519 3808 et
528 3764 570 3824 qui
579 3777 641 3822 equo
673 3760 745 3825 beati]
773 3763 825 3808 Nec
849 3761 925 3807 lidum
948 3773 962 3804 a
984 3765 1052 3818 tergo
1076 3755 1188 3804 tirtumvc

121 3823 218 3882 privato
238 3825 393 3880 militassent.
405 3841 481 3887 quum
493 3829 523 3873 de
539 3828 569 3872 iis
585 3829 641 3873 solis
672 3829 811 3888 perfugium
824 3826 932 3879 habenti,
944 3838 993 3884 quo
1005 3837 1030 3868 se
1041 3823 1165 3880 reciperet.

121 3887 155 3932 eit
166 3899 246 3934 sermo
257 3891 402 3951 quicquum
414 3887 538 3951 publicum
551 3892 642 3938 habue-
705 3892 736 3939 or
755 3891 812 3937 Orto
822 3891 901 3936 millia
911 3889 1030 3934 nominum
1041 3919 1047 3932 .
1060 3917 1066 3932 .
1080 3917 1087 3932 .
1101 3919 1108 3931 .
1120 3891 1188 3946 rapta
1211 3899 1213 3904 ·

121 3955 188 4006 rarat,
196 3959 221 3998 et
232 3955 329 4014 proprio
337 3955 642 4018 nomineeqcr'tesRomani
673 3958 751 4003 ninere
777 3955 896 4000 hominum
923 3953 1077 4015 caracterem]
1105 3950 1189 3996 Poste·

104 4016 301 4064 'vocitabantun
672 4021 722 4067 rius
742 4021 803 4066 illud
822 4018 942 4064 hominum
962 4023 1040 4074 vacat,
1060 4030 1087 4062 ac
1105 4017 1188 4062 delen·

155 4079 189 4126 64
204 4081 314 4129 AErara'or
322 4083 443 4147 Ῑετινυηῐ]
460 4085 526 4139 Quid
538 4086 570 4131 sit
580 4097 638 4132 aaa·
672 4087 732 4131 dum
743 4083 846 4128 videtur.

120 4143 186 4190 rium
197 4145 291 4206 facere,
302 4149 460 4208 exposuimus
478 4151 505 4196 in
513 4144 580 4196 ’nota
599 4149 639 4197 25.
703 4149 735 4195 68
743 4146 757 4175 ¹
764 4144 884 4206 Indidem]
902 4146 941 4192 Ex
952 4145 998 4190 hae
1009 4145 1064 4204 ipsa
1080 4146 1188 4205 regiones

122 4207 242 4258 aat1v.
254 4210 326 4260 au.
670 4213 697 4259 in
717 4225 765 4272 qua
775 4209 903 4268 Rhegium
922 4214 981 4254 erat.
1015 4209 1112 4268 Nempe
1122 4211 1187 4256 Rha·

139 4271 188 4320 '65
203 4273 303 4323 Atrium
321 4278 428 4342 regium]
446 4278 506 4330 vid.
525 4285 576 4326 not.
597 4279 637 4326 46.
670 4279 738 4339 glum
750 4276 825 4322 situm
836 4279 889 4319 erat
902 4274 929 4320 in
941 4287 999 4334 agro
1011 4273 1170 4322 bruttiorum.

121 4337 180 4384 adl.
193 4337 295 4386 xxvi.
308 4343 381 4392 c.2l.
704 4343 736 4388 69
757 4340 834 4386 Nocte
857 4351 1015 4400 progressum
1044 4335 1187 4398 assequitur]

166 4420 242 4467 Vol..
261 4423 300 4468 11.
733 4425 783 4470 CC

1186 4553 1202 4582 S
