3122 4962
512 153 760 230 nrnxxvn.
786 149 890 216 aar.
912 153 964 214 1v.
1101 242 1102 255 Ν
1204 128 1263 218 ars

199 315 293 406 pibus
303 317 456 390 fratribus
466 315 592 397 Blosiis,
603 319 854 405 conjuraverant.
875 315 996 384 indicio
1009 315 1076 404 eius
1091 315 1136 380 rei
1157 335 1198 382 ex
1214 316 1299 380 sir-u.
1309 335 1338 382 c
1349 331 1407 384 ste,

199 404 289 472 milia
302 405 485 470 Blosiorum
499 403 595 486 facto,
607 405 706 490 portis
720 417 849 491 repente
857 404 948 490 jussu
962 402 1160 490 proconsulis
1174 399 1300 476 clau-‚³-
1309 399 1337 446 0·
1349 397 1406 453 ²¹⁰·

199 491 252 568 sis,
275 513 374 576 quum
395 491 437 558 ad
458 491 653 580 arma'signo
674 491 751 558 dato
773 491 886 558 milites
900 490 1151 568 concurrissent3
1174 511 1262 564 cour-¹

198 577 348 664 prehensi
362 599 482 658 omoes,
497 577 552 662 qui
568 577 601 644 iu
616 597 703 644 noxa
715 591 816 656 erant,
831 590 873 654 et,
888 577 1061 665 questione
1076 577 1190 643 acriter
1204 575 1262 644 ha·

200 665 278 744 bite,
299 663 441 732 damuati
462 663 648 751 necarique:
671 664 828 730 iudicibus
849 664 990 746 libertas,
1010 678 1043 730 et
1064 663 1158 728 ⁹oeris
1177 662 1263 728 deos

199 750 300 818 millia
312 750 397 820 data.
442 751 620 816 Nucerinos
634 760 667 816 et
682 751 861 818 Acerranos
876 762 1053 838 querentes,
1070 750 1124 815 ubi
1138 749 1262 816 habita·

199 849 283 916 rent
304 859 369 902 non
392 857 469 914 esse,
493 837 622 902 Acerris
643 859 684 902 ex
705 849 795 922 porte
817 837 961 914 incensis,
986 836 1126 902 Nuceria
1146 836 1260 915 deleta,

201 925 340 992 Romam
357 922 487 990 Fulvius
501 922 541 988 sd
564 936 707 988 senatum
729 923 825 990 misit.
870 923 1040 990 Acerranis
1063 923 1261 1007 permissum,

199 1025 236 1078 ul
256 1010 460 1088 aedificarent,
476 1029 549 1095 quas
564 1009 694 1076 incensa
706 1024 816 1078 erant:
841 1009 993 1076 Nucerini
1018 1009 1166 1088 Atellam,
1187 1010 1263 1096 quia

200 1097 236 1162 id
256 1096 443 1174 maluerant,
469 1095 638 1178 (Atellanis
654 1093 810 1166 Calatiam
832 1096 971 1184 migrare
987 1098 1095 1183 jussis)
1112 1096 1261 1164 traducti.

200 1183 289 1250 Inter
309 1183 425 1248 multas
437 1203 631 1270 magnasque
645 1204 707 1260 res,
723 1205 806 1268 quae,
822 1205 908 1249 nunc
922 1182 1080 1261 secundm,
1096 1203 1183 1248 nuuc
1203 1183 1262 1248 ad·

199 1291 309 1348 vcrsae,
321 1268 519 1355 occupabant
531 1269 737 1356 cogitationes
747 1269 927 1348 hominum,
938 1291 978 1335 nc
990 1269 1175 1334 Tarentinae
1189 1271 1260 1356 qui-

199 1356 271 1424 dem
289 1357 372 1421 arcis
397 1355 516 1422 excidit
536 1357 696 1420 memoria.
742 1353 793 1422 M.
806 1356 965 1446 Ogulnius
985 1368 1018 1421 et
1033 1355 1072 1420 Ρ.
1089 1355 1263 1441 Aquillius‘

200 1443 236 1508 in
253 1442 416 1508 Etruriam
432 1443 524 1528 legati
541 1442 580 1507 ad
597 1441 790 1508 frumentum
805 1443 1023 1519 coemendum,
1035 1443 1122 1528 quod
1139 1442 1262 1510 Taren·

200 1543 268 1598 tum
278 1543 469 1614 portaretur,
480 1527 626 1613 profecti:
642 1542 673 1594 et
682 1529 921 1596 ¹⁰millemilitcs
931 1531 1118 1598 deexercitu
1128 1532 1261 1610 urbano,

199 1639 259 1704 par
269 1627 420 1684 numerus
435 1616 653 1680 Romanorum
664 1615 895 1702 sociorumque,
907 1617 1017 1684 eodem
1029 1615 1063 1681 in
1077 1617 1261 1701 praesidium

200 1725 279 1770 curn-
288 1701 448 1768 frumento
463 1700 647 1768 missisunt.

200 1837 203 1843 ,
243 1787 386 1856 IV.Jam
396 1788 710 1866 oestasincxituerat,
719 1789 982 1876 comitiorumque
990 1789 1202 1856 consularium
1213 1789 1262 1856 io·

199 1875 304 1944 mbae
318 1888 454 1959 tempus.
476 1873 640 1940 adlicere
652 1873 809 1952 Marcelli,
820 1877 965 1962 negantia
980 1898 997 1940 c
1013 1874 1175 1960 republica
1184 1899 1260 1953 csse,
1271 1885 1402 1934 Marcellus

200 1962 397 2045 ¹1vesugium
411 1961 536 2028 abscedi
551 1960 595 2026 ab
611 1960 808 2042 Hannibale,
822 1963 874 2027 cui
895 1962 1018 2029 cedenti
1041 1974 1262 2048 certamenque
1269 1949 1423 2064 suffiun-

199 2050 351 2116 abnuenti
378 2048 403 2088 ¹²
411 2047 530 2134 gravis‘
553 2048 621 2133 ipse
645 2050 785 2125 instaret,
803 2069 913 2115 curam
936 2050 1118 2124 io‘ccerant,
1141 2071 1182 2114 ne
1206 2029 1294 2116 aut¹¹¹

199 2135 372 2213 consulem,
388 2147 456 2198 tum
476 2134 617 2200 maxime
639 2153 687 2198 res
708 2147 864 2222 agentern,
880 2133 963 2200 abel
979 2149 1190 2212 oarooarent,
1206 2151 1262 2202 aut

200 2222 234 2288 in
255 2243 375 2288 annum
397 2221 542 2289 consules
563 2220 716 2286 deessent.
761 2220 930 2307 Optimum
953 2222 1053 2286 visum
1075 2233 1133 2299 est,
1148 2243 1260 2307 quam-

198 2330 294 2396 quam
310 2320 398 2372 extra
415 2307 538 2372 ltaliam
553 2321 642 2384 essct,
660 2307 821 2372 Valerium
843 2309 950 2394 potius
971 2306 1132 2378 consulem
1156 2329 1195 2372 ex
1210 2308 1261 2374 Si-

198 2395 272 2462 cilia
286 2394 438 2461 revocari.
482 2393 533 2458 Ad
555 2415 627 2458 cunr
651 2392 751 2460 literae
769 2395 856 2480 jussu
879 2407 1007 2460 senatus
1020 2394 1062 2460 ab
1079 2394 1118 2460 L.
1135 2393 1261 2462 Manlio

198 2492 337 2568 praetore
357 2481 444 2546 urbis
466 2479 581 2561 missae,
603 2501 676 2544 cum
699 2479 798 2545 literis
820 2481 958 2547 consulis
973 2480 1023 2546 M.
1039 2480 1201 2546 Marcelli:
1227 2494 1262 2550 ut

197 2591 238 2634 ex
252 2568 291 2632 iis
306 2579 459 2647 nosceret,
473 2588 546 2653 quae
568 2585 676 2633 caussa
693 2567 843 2632 Patribus
857 2589 929 2634 euro
952 2568 1069 2654 potius,
1084 2589 1180 2655 quarn
1194 2566 1261 2634 col·

199 2653 314 2744 legam,
330 2653 497 2720 revocandi
511 2675 552 2717 ex
567 2653 731 2737 provincia
741 2667 831 2720 esset.
876 2653 926 2720 Eo
935 2652 1001 2720 fere
1011 2669 1154 2741 ternpore
1165 2655 1260 2744 legati
1268 2661 1384 2787 lsegnssiwaid·

1268 2791 1341 2838 liam.

199 2741 241 2806 ab
256 2763 331 2892 τῇ
347 2742 493 2826 Syphace
509 2740 646 2806 Romam
662 2754 827 2818 venerant,
843 2763 916 2826 quae
928 2741 956 2806 is
977 2764 1129 2827 prospera
1146 2742 1261 2828 proelia

199 2849 272 2894 cunr
333 2825 617 2914 artheginiensibus
641 2824 774 2903 fecisset,
797 2841 1018 2894 memorantes.
1064 2829 1183 2914 Regem
1207 2851 1260 2897 nec

198 2915 395 2978 inimiciorem
415 2914 470 2977 alli
488 2913 607 2995 populo,
622 2933 713 2997 qrtam
727 2915 988 3000 Karthaginienei,
1003 2937 1056 2979 nec
1077 2917 1258 2993 amiciorem,

198 3021 290 3086 qnam
303 3001 456 3077 Romano,
479 2997 690 3065 adfirmabant
709 3021 782 3064 esse.
805 3002 920 3066 misisse
940 3023 1008 3066 eunt
1028 3011 1123 3066 antea
1145 3003 1261 3088 legatos

197 3089 228 3150 in
244 3087 430 3169 Hispaniam
452 3087 495 3148 ad
510 3086 567 3151 Cn.
590 3096 618 3148 el
636 3087 677 3149 P.
696 3087 853 3176 Cornelios,
876 3088 1071 3170 imperatores
1091 3091 1259 3153 Romanos.

199 3193 277 3237 amne
295 3175 335 3236 ab
363 3174 429 3254 ipro
455 3171 535 3236 uelut
554 3169 643 3252 sonte
670 3182 769 3252 petere
796 3175 987 3238 Romanum¹
1016 3175 1179 3240 amcitiam
1207 3197 1259 3238 uo·

197 3257 296 3324 laissa
342 3259 477 3324 Senatus
499 3278 563 3320 oon
586 3255 697 3344 legatis
711 3258 808 3322 modo
822 3261 959 3347 benigne
972 3262 1144 3346 respondit,
1159 3260 1213 3324 sed
1228 3273 1420 3337 etnamregsa

230 3397 364 3460 ’ΛΜΨ
374 3398 527 3446 ⁶¹⁰¹2·c¹⁸¹l·
600 3391 718 3460 ‘graciae
729 3399 805 3448 Groo.
877 3399 1060 3447 SRomanorrnn
1071 3398 1228 3445 Groncrev.
1266 3340 1403 3456 &gyphu-

197 3511 228 3545 ne
245 3496 345 3556 vrdgsta
361 3495 432 3542 lectio
448 3493 481 3540 sit
496 3496 528 3540 ab
544 3494 641 3554 ingenio
662 3509 713 3542 cor-
745 3495 920 3556 l’arisiensibus
930 3494 968 3542 15.
980 3508 1037 3542 cuna
1049 3494 1127 3542 unciis
1137 3493 1161 3542 5.

197 3567 330 3618 rectorum,
348 3560 437 3621 quibus
455 3571 504 3606 oon
526 3558 643 3618 placuerit
661 3573 713 3606 ron-
778 3559 809 3608 10
824 3561 897 3607 Mille
912 3560 1072 3607 militen...
1084 3573 1131 3618 pur
1149 3575 1259 3608 nummus

190 3628 335 3690 Jnmseran
350 3623 475 3670 incendere.
507 3624 546 3671 Sic
562 3631 644 3672 tamen
661 3625 713 3672 Ho-
744 3625 903 3674 anoram
917 3622 1085 3686 exiomrnque]
1108 3623 1179 3672 Mille
1194 3625 1258 3673 mili·

197 3692 284 3746 ratius,
308 3690 436 3752 conjurata
457 3692 509 3734 luas
528 3701 635 3748 rumpere
652 3703 712 3750 aaa
744 3696 790 3744 tes,
801 3703 906 3750 quorum
920 3688 1047 3750 quingenti
1059 3694 1129 3736 erant
1144 3690 1259 3750 Romani,
1331 3689 1338 3716 '

198 3758 261 3804 tius:
278 3761 304 3802 et
319 3755 380 3802 Cato
395 3755 460 3814 apud
475 3753 537 3801 Plin.
549 3753 567 3798 l.
577 3751 679 3801 XXIX.
690 3768 711 3800 c.
744 3755 871 3814 quingenti
881 3754 947 3802 socii.

201 3821 224 3870 1.
237 3821 356 3882 jamnae
376 3820 481 3866 interae
502 3817 609 3866 carrara
630 3831 712 3864 mare
778 3818 972 3880 ll'Veets'gs‘am
987 3817 1078 3866 macae·
1091 3819 1256 3883 nlAnnllale]

196 3897 274 3932 ma
284 3884 405 3932 medicina.
438 3883 552 3930 Ceterum
569 3881 609 3930 hic
626 3883 713 3944 ingens
745 3883 842 3932 Nomen
870 3884 995 3945 nauigium
1019 3897 1068 3930 non
1092 3881 1165 3946 jungi
1187 3888 1257 3934 debet

197 3949 307 3997 deiectus
323 3955 360 3996 est
376 3949 402 3994 in
418 3947 539 4009 plerisque
555 3947 660 4008 scriptis,
675 3953 711 3994 at·
744 3961 800 3995 cum
812 3949 885 3994 verbo
896 3948 992 4002 aaut,
1003 3949 1046 3994 sed
1061 3950 1153 4010 regitur
1165 3965 1180 3996 a
1195 3964 1258 4011 pras·

198 4014 284 4128 min
292 4013 345 4074 ipso
356 4013 414 4090 Put-
425 4013 455 4062 ab
466 4011 505 4090 his
516 4011 628 4124 vcplbipup.
639 4011 663 4058 2.
675 4015 713 4124 lig·
744 4013 863 4123 Ἓοηο
879 4013 1009 4125 ἰηῑέΠοοὶα.
1041 4013 1190 4128 ,Ama-ff
1206 4016 1257 4062 Aa·

649 4090 673 4125 c.
743 4091 760 4122 a

198 4076 547 4206 ,auidammdrgiiffw
619 4090 633 4124 ⁸
744 4079 1166 4220 amniiiiossimiiriii*
1208 4087 1257 4138 ‘st'

229 4207 246 4254 9
262 4207 334 4254 Eric
348 4205 504 4270 denamillla]
524 4207 571 4254 llic
587 4220 660 4267 grave
678 4220 712 4254 as
778 4204 808 4252 12
825 4204 913 4254 Grauis
929 4209 1100 4273 praeludunt]
1118 4209 1158 4256 Sic
1172 4209 1258 4270 optimi

194 4273 379 4333 intelligendum
395 4277 519 4332 putamus.
552 4271 637 4331 ltaque
656 4273 713 4318 eris
745 4269 816 4319 MSS.
828 4269 911 4333 Vulgo
919 4273 1027 4334 macine·

196 4336 255 4384 dces
265 4336 339 4390 millia
356 4337 507 4385 restituamus
520 4337 608 4384 marcis
618 4339 711 4398 argenti

782 4397 871 4463 aba
