3140 4972
327 211 388 268 Μ
733 205 844 270 riri
871 205 1009 268 Livii

167 385 236 436 ito
247 385 305 437 etr.
327 369 424 455 heia,
437 367 599 436 indieetnr
618 392 676 456 per
697 370 842 440 eelunem
856 370 1039 458 quemdam,
1052 372 1210 461 nqnalem
1231 371 1396 463 Hierony·
1522 427 1527 436 .

166 451 235 502 Μ·
246 451 304 502 ²1⁵·
327 457 384 536 mi,
400 459 509 545 etjam
524 458 596 523 inde
610 479 746 544 spuere
762 458 796 523 in
817 459 925 524 omnia
942 458 1108 525 familiaria
1123 461 1198 547 jura
1217 461 1393 527 adsuetum.

328 544 433 610 index
449 565 549 610 unum
564 565 605 608 err
624 545 796 631 conjuratis
811 543 1029 624 Theodotum,
1043 567 1064 610 a
1077 569 1143 634 quo
1164 549 1231 632 ipae
1249 547 1393 634 adpella-

326 643 378 696 tua
392 644 472 708 eret,
487 630 653 696 nominare
667 633 780 716 potuit.
803 633 858 717 qui
878 631 1121 716 comprehensus
1141 633 1312 719 extemplo,
1328 649 1395 700 tra-

326 717 476 804 ditaeque
495 717 733 784 Andranodoro
759 718 964 804 torquendus,
983 718 1025 784 de
1046 741 1080 784 se
1100 720 1168 805 ipse
1187 719 1271 786 haud
1293 743 1392 787 eunus

326 817 432 870 tenter
455 803 564 881 sessus,
587 805 730 870 eonseioa
751 803 882 870 ualebat.
928 805 1106 884 Postremo,
1122 828 1220 893 quum
1241 807 1396 874 omnibue

326 889 533 956 intolerandis
547 893 709 975 patientie
730 890 880 958 bumenae
902 892 1093 956 cruciatibus
1110 893 1309 971 laeeraretur,
1325 895 1387 960 vio·

326 989 395 1042 tum
415 977 506 1042 malis
526 997 560 1043 se
577 978 740 1056 simulam,
755 979 867 1044 avertit
881 979 923 1042 ab
944 979 1076 1043 consolis
1097 979 1131 1042 in
1153 979 1293 1044 insontes
1307 980 1393 1046 indi-

324 1064 410 1129 eiuna
430 1063 644 1146 (Thrasonem
667 1087 733 1130 esra
753 1075 915 1130 auctorem
931 1065 1227 1141 oonsiliimsntitus,
1245 1087 1313 1143 nea,
1329 1067 1392 1132 nisi

325 1165 391 1216 tarn
405 1151 529 1238 potenti
545 1149 626 1216 duce
645 1151 791 1228 confisos,
807 1173 873 1215 rem
896 1163 1015 1216 tantam
1037 1155 1181 1234 ausuros)
1198 1151 1276 1216 ”ab
1294 1151 1393 1220 latere

325 1237 463 1325 tyranni,
483 1257 619 1324 quornm
644 1236 747 1321 eapite
761 1237 913 1302 vilissima
933 1237 1065 1325 fingenti
1084 1237 1169 1302 inter
1186 1238 1314 1303 dolores
1333 1261 1391 1340 ge-

325 1322 1392 1497 rtirurirrzmirirrmeminerim

325 1496 364 1562 ad
394 1495 603 1580 supplicium:
641 1495 818 1583 adjectique
853 1517 958 1581 poenae
989 1497 1086 1563 ceteri
1109 1490 1203 1584 juxta
1237 1498 1391 1566 insontes.

326 1582 537 1648 Conseiorum
560 1603 665 1660 nemo,
691 1604 790 1670 quum
816 1581 871 1648 diu
896 1585 1000 1648 socius
1028 1581 1152 1649 eonsilii
1178 1596 1390 1668 torqueretur,

325 1680 381 1735 aut
397 1667 501 1745 latuit,
516 1684 571 1734 aut
585 1667 677 1758 fugit.
702 1683 825 1734 tantum
842 1669 903 1733 illis
917 1669 951 1733 in
966 1670 1082 1736 virtute
1096 1691 1134 1735 ae
1148 1669 1212 1736 fide
1226 1669 1389 1736 Theodoti
1427 1685 1433 1701 ¹

324 1755 451 1906 ilduelim
473 1755 552 1906 t§ultr
580 1768 769 1842 tantumque
793 1750 853 1841 ipsi
876 1755 1047 1821 Theodoto
1066 1756 1182 1823 virium
1206 1755 1249 1822 ed
1273 1777 1391 1822 arcana

324 1863 403 1908 eeeu
418 1857 470 1908 ten
496 1864 525 1907 a.

369 1929 429 1996 Vl.
450 1928 565 2008 “Itan
579 1927 665 2015 quod
683 1943 799 1994 unurn⁰
810 1927 973 1994 vinculum
996 1949 1070 1994 anm
1087 1928 1241 1994 Romanis
1255 1926 1390 1992 societa-

324 2015 364 2080 tie
378 2027 457 2098 erat,
471 2015 639 2081 Thrasone
652 2013 778 2080 sublato
792 2037 811 2078 e
825 2015 941 2092 medio,
957 2014 1120 2099 extemplo
1134 2014 1220 2080 baud
1236 2012 1390 2078 dubiead

160 2117 201 2163 aa
213 2115 308 2193 ussup
324 2101 535 2168 defectionem
546 2101 780 2187 resspeetabat3
801 2101 959 2189 legatique
967 2103 1005 2166 ad
1017 2100 1233 2182 Hannibalem
1244 2099 1389 2174 missiae

161 2182 242 2294 Ἠ
248 2180 316 2227 ml·
324 2190 448 2256 remissi
464 2189 504 2254 ab
517 2211 555 2254 eo
570 2209 643 2252 eum
659 2187 843 2254 Hannibale
853 2187 953 2253 nobili
964 2187 1164 2254 adnleseente
1177 2187 1390 2274 Hippocrates

324 2275 360 2342 etl
369 2273 538 2365 Epicydes,
550 2276 616 2340 nati
630 2274 839 2362 Karthagine,
848 2273 904 2339 sed
914 2274 1042 2340 oriundi
1052 2274 1094 2339 ab
1104 2275 1267 2376 Syracusis
1277 2271 1408 2340 exsule

234 2409 235 2419 r
321 2385 392 2441 avo,
421 2363 514 2429 Poeni
540 2362 599 2449 ipsi
622 2357 766 2428 materno
787 2381 935 2450 genera-
960 2361 1021 2426 Per
1041 2359 1101 2426 isos
1119 2374 1234 2447 Junota
1255 2359 1390 2424 soeietee

323 2449 501 2516 Hannibali
527 2471 565 2515 ao
590 2449 792 2535 Syracusano
812 2463 966 2536 tyranno:
997 2467 1057 2512 nea
1076 2448 1178 2512 invito
1202 2444 1388 2512 Hannibale

321 2537 406 2622 apud
428 2549 600 2622 tyrannum
629 2547 823 2600 manserunt.
867 2534 932 2620 Ap.
958 2533 1110 2598 Claudius
1137 2545 1268 2615 praeter,
1297 2533 1390 2618 aujm

323 2619 433 2690 Sicilia
455 2621 621 2708 provincia
641 2635 719 2699 erat,
740 2621 796 2686 ubi
815 2643 854 2686 ea
876 2622 1007 2705 aceepit,
1023 2619 1184 2704 externplo
1203 2617 1323 2706 legatos
1340 2616 1388 2688 ed

322 2705 561 2796 Hieronymum
577 2706 679 2772 misit:
703 2709 770 2794 qui,
785 2727 883 2792 quum
901 2727 967 2772 sese
989 2707 1038 2771 ed.
1052 2705 1266 2772 renovandam
1286 2704 1388 2769 socie·

156 2807 428 2873 Legsunomnatem,
445 2817 518 2882 quar
533 2816 607 2859 oum
622 2815 682 2859 nvo
695 2793 815 2874 fuisset,
831 2793 950 2858 venisse
971 2793 1122 2870 dicerent,
1139 2813 1196 2877 per
1209 2790 1387 2856 ludibrium

156 2872 308 2986 ffiffl’off·
322 2881 422 2950 auditi
436 2881 619 2968 dimissique
640 2894 712 2946 sunt
731 2879 772 2944 ab
787 2893 949 2966 querente
968 2900 1026 2964 per
1036 2881 1153 3014 {neum
1170 2878 1387 2962 Hieronymo,

158 3003 243 3051 ,um
321 2968 533 3056 quesortmra
547 2969 590 3032 eia
607 2988 721 3053 pugne
734 2971 776 3032 ud
792 2963 1046 3048 Connmfuiseet.
1074 2967 1127 3031 uia
1140 2963 1387 3030 credibiliorum

301 3057 439 3144 *tegam
453 3054 639 3121 Henrribolia
660 3073 797 3120 numere.
845 3053 935 3129 Velie,
958 3053 1032 3137 quid
1051 3053 1113 3118 uari
1133 3051 1183 3132 rit,
1197 3052 1284 3128 arira,
1297 3059 1333 3114 ut
1347 3069 1388 3114 ee

620 3212 634 3241 ¹¹
643 3209 727 3272 Itaque
737 3210 813 3257 Gron.
910 3209 924 3238 ⁰
933 3220 999 3254 mnne
1009 3207 1083 3254 Gron.

351 3361 384 3412 82
400 3359 438 3410 At
465 3361 537 3408 latere
565 3357 676 3424 tyranne]
710 3357 773 3407 Hac
799 3363 837 3405 est
869 3368 914 3405 nee
928 3357 1096 3404 dubitaremus
1113 3365 1168 3400 eam
1189 3357 1344 3414 anteponere,
1364 3349 1387 3396 el

320 3429 409 3487 scripte
423 3427 505 3484 lectio,
518 3433 592 3486 quem
609 3423 644 3470 sie
660 3425 837 3486 explieatGro·
868 3428 935 3469 certa
960 3417 999 3468 ‘us
1009 3419 1077 3480 origo
1088 3419 1260 3480 reperiretur.-

319 3494 414 3540 novius.
436 3491 533 3538 Avertit
542 3491 567 3536 ln
579 3491 678 3536 insonter
689 3487 837 3536 indiciumnb
901 3435 999 3544 3820,
1016 3481 1075 3558 quod
1094 3492 1167 3530 unum
1185 3479 1303 3528 ormam
1318 3545 1323 3555 Ι
1336 3477 1387 3526 Pro

318 3557 391 3605 latere
410 3557 516 3618 tymrrni,
535 3556 560 3602 id
582 3561 629 3612 est,
651 3553 773 3601 accusavit
800 3554 838 3598 in·
869 3549 949 3613 ltaque
958 3549 1007 3612 legi
1019 3549 1139 3611 jussimus
1152 3547 1187 3593 a'ta
1197 3557 1228 3593 ex
1239 3540 1296 3592 Pur.
1316 3545 1386 3590 rbrnr

319 3627 410 3680 sontes,
428 3621 470 3682 qui
490 3625 570 3667 essent
590 3621 621 3666 ab
640 3619 715 3665 latere
729 3617 835 3679 tyranni,
868 3615 934 3676 quod
955 3615 1009 3661 herc
1031 3613 1150 3673 particula
1170 3607 1258 3657 melius
1281 3621 1310 3654 ee
1329 3618 1388 3668 que

319 3702 417 3750 quoram
434 3688 511 3747 swain
528 3681 643 3730 vilbrime
658 3679 836 3740 ocmrrereflr-
868 3679 1010 3741 praecedunt
1031 3689 1087 3724 eum
1110 3675 1267 3736 sequentibus
1283 3683 1390 3719 munec-

315 3753 393 3815 genti,
416 3757 478 3813 qnos
504 3747 620 3796 facillime
642 3755 757 3808 passurus
784 3751 837 3792 erat
868 3743 1039 3792 temrissmt.
1071 3741 1143 3796 Quod
1155 3745 1237 3786 eutem
1248 3735 1388 3784 Gronovius

319 3817 393 3864 morti
412 3830 440 3863 ac
462 3813 586 3875 suppliciis
603 3807 684 3874 objici.
716 3807 753 3856 Aa
766 3809 837 3856 latere
868 3809 973 3855 affirmat
992 3807 1018 3852 in
1041 3807 1126 3853 eodem
1147 3804 1229 3852 codiee
1250 3801 1299 3862 legi
1320 3810 1389 3848 mnae

319 3877 424 3943 alicujus
438 3893 490 3926 esse
507 3879 631 3930 dicuntur,
648 3877 691 3936 qui
710 3880 768 3921 sunt
783 3869 837 3934 ejus
869 3869 997 3930 maselum,
1015 3871 1041 3916 ln
1060 3884 1089 3917 eo
1106 3867 1271 3916 desideremus
1289 3862 1388 3912 solitam

273 3975 276 3984 ι
319 3945 461 3998 familiares,
477 3939 571 4004 atejus
590 3941 734 4002 plenamque
751 3941 837 3999 tegunt
871 3933 1086 3997 viridlligentlam.
1120 3933 1219 3980 Etenim
1236 3927 1388 4006 optimusii·

319 4009 402 4056 latera.
437 4007 484 4054 Sed
494 4007 588 4068 placere
604 4017 654 4050 non
668 4010 749 4066 potest
763 4002 839 4048 inter·
859 4002 913 4048 'ber
931 4001 1004 4046 habet
1021 4011 1101 4058 mrem,
1122 3999 1165 4044 sed
1181 3998 1216 4042 ite
1231 4001 1261 4041 nt
1277 3996 1389 4042 litterae

319 4074 399 4136 posim
415 4073 458 4119 ilia
476 4071 618 4131 longissima
631 4067 782 4129 parenthesis
800 4067 838 4114 iu·
870 4065 965 4126 virgula
987 4061 1105 4111 transfixa
1126 4061 1167 4120 sit,
1189 4065 1214 4107 et
1235 4071 1309 4120 supra
1330 4067 1389 4103 eum

320 4143 357 4185 ter
374 4150 444 4185 voees
461 4134 574 4182 indictum
595 4134 664 4182 etad
682 4135 765 4190 latere,
782 4143 838 4192 que
870 4131 1024 4190 scriptume.
1049 4128 1134 4188 itaque
1145 4123 1297 4187 reposuimus
1305 4135 1391 4176 mura,

319 4203 442 4250 (tumorem
471 4200 579 4262 proiecto
609 4197 742 4246 orationem
772 4195 837 4242 lucit.
870 4207 944 4254 quam
955 4193 981 4239 in
992 4193 1122 4240 lectionem
1136 4190 1291 4239 renuntient
1302 4195 1391 4234 ornnes

319 4269 403 4328 Longe
420 4265 556 4328 expeditior
570 4269 622 4311 eret
634 4265 733 4325 vulgata
749 4261 836 4308 lentior
860 4265 894 4307 ,et
903 4259 996 4320 scripti,
1007 4263 1033 4306 et
1043 4257 1110 4305 editi.

318 4333 347 4380 ab
369 4333 440 4381 latera
461 4330 515 4378 iuda
536 4343 573 4376 eor
598 4329 702 4376 nominat
724 4326 837 4387 tyrannia
1071 4351 1074 4360 i
