3064 4976
399 797 676 880 EPITOME
701 796 876 880 LIBRI
901 797 982 882 XI.
1152 853 1156 864 ·

151 1062 313 1157 QUUM
324 1078 442 1144 Fabius
458 1077 581 1165 Gurges
598 1079 704 1144 consti
723 1080 803 1144 male
821 1079 967 1144 adversus
980 1076 1132 1144 Samnites
1140 1095 1223 1162 pug-

151 1175 265 1242 nasset,
283 1174 313 1229 et
326 1175 451 1231 senatus
465 1166 503 1230 de
516 1169 696 1231 rennuenda
716 1189 751 1230 eo
772 1167 812 1230 ab
826 1167 961 1232 esereitu
975 1172 1090 1251 ageret,
1107 1161 1224 1226 Fabius

157 1250 317 1317 Marinus
323 1263 432 1336 pater,
444 1255 623 1340 deprecatus
636 1252 814 1338 ¹ltancfilii
822 1253 1033 1338 ignominiam,
1043 1272 1079 1314 eo
1092 1250 1225 1313 manime

154 1348 290 1402 senatum
304 1339 406 1418 mour,
419 1341 500 1425 quod
509 1341 622 1405 iturum
633 1341 740 1424 sefilio
750 1341 882 1425 legatum
890 1340 1052 1422 pollicitus
1062 1345 1115 1414 est,
1131 1337 1225 1420 idque

147 1427 313 1508 prestitit.
336 1425 399 1511 ejus
417 1428 555 1492 amesiliis
578 1437 608 1492 et
629 1449 724 1512 opera
735 1427 830 1511 filius
854 1427 958 1491 consui
979 1423 1115 1509 aelp'utus,
1138 1423 1226 1487 casis

153 1511 353 1590 Samnitibus,
376 1516 589 1597 triumphauit.
636 1515 671 1580 C.
686 1515 845 1590 Pontium,
872 1515 1086 1598 imperatorem
1101 1509 1224 1576 Samni-

153 1599 240 1676 tiu'm,
253 1601 373 1664 tumn
382 1602 416 1664 in
427 1603 581 1685 triumplu
589 1601 688 1667 securi
694 1603 858 1685 permissit.
897 1599 995 1677 Quum
1007 1600 1118 1663 civitas
1125 1596 1226 1680 pesti·

154 1686 252 1750 tentia
266 1687 437 1768 laboraret,
452 1690 538 1752 nissi
549 1689 656 1774 legati,
672 1695 706 1752 ut
720 1687 901 1772 AEsmtcpit
911 1688 1030 1772 siguum
1039 1686 1169 1748 Romam
1185 1682 1226 1745 ab

157 1773 324 1854 Epidauro
337 1775 554 1860 transfirrent,
566 1797 705 1860 anguem,
721 1775 777 1860 qui
789 1797 821 1840 se
835 1776 869 1837 in
884 1795 991 1838 navem
1005 1792 1106 1836 corum
1120 1779 1240 1834 cantu·-

159 1859 246 1937 lerat,
263 1862 298 1924 in
312 1882 371 1945 quo
386 1863 483 1944 ipsum
506 1883 614 1926 numen
628 1867 690 1926 esse
703 1862 873 1938 constabit,
890 1863 1109 1944 deportavere.-
1132 1877 1225 1941 eoque

159 1945 334 2012 iniustam
350 1947 473 2013 Tiberis
482 1970 610 2034 egresso,
623 1949 725 2012 eodem
736 1950 801 2014 loca
813 1947 828 1990 ²
835 1949 916 2012 cedes
924 1947 1109 2029 AEsculapia
1123 1965 1226 2009 conse·

156 2042 245 2096 crata
260 2043 315 2098 est.
358 2035 403 2101 L.
417 2037 593 2100 Postumius
607 2035 786 2114 canudaris,
802 2036 957 2120 quoniam,
973 2054 1062 2118 quum
1076 2032 1227 2096 enercitui

151 2129 308 2201 praesset,
324 2143 419 2202 opera
433 2123 564 2192 militum
579 2123 614 2185 in
628 2143 706 2208 agra
726 2143 780 2188 suo
799 2141 869 2187 usus
891 2129 970 2198 erat,
986 2121 1150 2186 meatus
1170 2127 1225 2184 est.

158 2205 233 2270 Cum
243 2207 432 2272 Samnitibus
440 2230 549 2292 pacem
559 2209 735 2293 petentibus
735 2209 846 2295 sadus
860 2217 971 2294 quarto
985 2215 1162 2271 renovatum
1171 2214 1225 2270 est.

159 2292 271 2358 Curius
282 2295 440 2360 Dentatus
449 2297 562 2373 count,
574 2295 762 2364 Samnitibus
771 2295 865 2371 ccesis,
876 2305 907 2359 et
917 2293 1051 2368 Sabinis,
1065 2293 1120 2376 qui
1129 2292 1226 2357 rebel-

155 2379 309 2458 laverant,
321 2383 422 2464 metis,
437 2392 468 2447 et
482 2384 516 2447 in
530 2383 715 2447 deditionem
730 2383 873 2466 acceptis,
886 2381 933 2445 bis
948 2382 982 2444 in
996 2381 1098 2444 eodem
1113 2380 1228 2466 magis·

154 2475 243 2532 tratu
262 2467 354 2532 trium
377 2469 474 2534 lauit.
520 2469 659 2535 Colonia
687 2471 824 2534 deducta
845 2476 928 2550 sunt,
955 2467 1107 2544 caman,
1132 2465 1225 2544 Sena,

155 2555 302 2620 Hadria.
372 2556 515 2620 riumuiri
523 2557 675 2640 capitales
682 2563 754 2620 lunc
758 2555 895 2640 prinum
905 2555 1005 2618 creati
1015 2563 1095 2618 sunl.
1128 2553 1228 2618 Censn

157 2649 237 2722 acto,
252 2643 380 2706 lustmm
405 2643 625 2708 conditumest.
648 2655 737 2708 censa
751 2649 822 2708 sunt
835 2643 947 2706 ciuium
967 2642 1075 2724 capita
1097 2639 1229 2704 ducenta
1334 2691 1336 2698 .

156 2730 353 2814 septuaginta
369 2731 429 2793 dua
443 2729 554 2794 millia.
597 2731 692 2796 Plebs
701 2739 833 2814 propter
846 2749 889 2794 ces
902 2729 1046 2804 alienum,
1057 2735 1133 2810 post
1148 2747 1228 2812 gra·

156 2835 206 2879 aes
226 2824 258 2879 et
279 2817 389 2900 ungas
408 2817 586 2894 seditiones,
608 2817 653 2880 ad
673 2817 810 2884 ultimum
834 2817 956 2882 secessit
976 2816 1011 2880 in
1026 2813 1225 2881 laniaclum:

154 2903 237 2965 unde
247 2924 269 2965 a
283 2900 324 2978 Q,
335 2903 664 2968 Hortensiodictatare
674 2901 689 2942 ⁸
696 2905 826 2968 deducta
834 2912 889 2981 est,
899 2904 985 2987 isque
993 2903 1027 2966 in
1038 2900 1228 2988 epsomagis-

155 2995 243 3052 trntu
257 2989 392 3054 decessit.
435 2989 501 3054 Res
506 2999 665 3072 praterea
679 2999 787 3055 contra
805 2989 1009 3056 Volsinienses
1014 2996 1119 3076 gestas
1128 2989 1227 3052 canti-

157 3084 229 3139 net:
252 3077 323 3140 item
339 3077 485 3142 atvoss
499 3077 654 3156 Lmanos,
669 3087 778 3142 canna
795 3077 1034 3164 quosausilium
1049 3071 1063 3114 ⁴
1076 3074 1228 3163 ilsurinis

145 3159 240 3246 serre
247 3163 425 3246 plauserat.

192 3330 205 3379 1
230 3323 304 3380 etan
335 3331 381 3380 uu
409 3333 579 3399 ignominam
617 3335 675 3382 Duo
707 3334 792 3383 beeinn
810 3335 889 3382 adem
903 3333 1042 3396 AEseulspio
1060 3337 1227 3382 conlaudem

158 3395 262 3446 lima
276 3398 348 3446 nodi.
364 3398 476 3447 Anam
492 3405 519 3446 et
534 3399 676 3461 campanus
706 3399 790 3448 nsua

158 3462 250 3510 habent
268 3461 329 3510 lanc
338 3463 393 3528 filit
411 3465 585 3526 secunaum
609 3466 676 3528 quod
738 3463 877 3514 saecun
898 3463 945 3530 ecl]
974 3461 1048 3512 Forte
1067 3459 1163 3510 retecta
1184 3465 1227 3511 erl.

158 3529 355 3586 snteponendum
368 3529 472 3590 videtur.
707 3529 884 3579 Gnosovsus.
901 3537 907 3558 ³

191 3590 294 3640 nscia
320 3591 452 3654 dimlapii
481 3595 605 3642 munitm
629 3593 676 3658 est]
740 3593 903 3658 struente]
923 3594 1004 3656 Vulgo
1023 3589 1162 3656 iberiam.
1178 3591 1227 3640 Sed

158 3655 234 3704 lubet
248 3655 363 3719 Signum·
379 3659 504 3710 mentm
519 3671 552 3706 ex
568 3660 616 3708 fide
626 3666 677 3710 vet.
709 3659 810 3722 Pighius
825 3675 857 3709 ex
874 3661 936 3710 elim
952 3660 969 3706 1.
989 3657 1117 3708 XXXIV.
1132 3673 1156 3711 e.
1166 3657 1190 3706 6·
1202 3663 1229 3708 et

159 3719 201 3768 his.
222 3721 296 3769 AEdet
320 3721 455 3784 AErwlaplo
479 3728 609 3772 mensu
634 3728 676 3774 erl.
710 3723 1017 3774 HeumvsledusexVai.
1027 3724 1227 3774 Mas-L1.c.8.

159 3784 228 3834 Unus
239 3785 341 3834 Heumii
355 3788 440 3844 codex,
452 3794 481 3835 ut
491 3794 516 3836 et
526 3787 676 3852 Campanus,
709 3791 812 3849 probant
827 3791 960 3853 legendum
973 3801 1026 3836 esse
1038 3788 1160 3838 iburinlr.
1193 3789 1228 3838 Et

37 3869 38 3874 ¹
158 3851 364 3913 pmlmquoque
378 3851 445 3900 πᾶσι.
478 3851 504 3901 Si
518 3853 580 3902 nihil
595 3860 677 3902 muta-
709 3867 766 3902 vero
788 3855 886 3916 longius
907 3853 986 3902 dissiti
1011 3859 1071 3903 sunt
1092 3855 1187 3904 Lucani
1211 3868 1228 3901 a

38 3951 40 3990 ὲ
158 3921 209 3970 mr,
228 3923 292 3963 certe
313 3915 377 3964 redes
394 3916 499 3979 intelligi
519 3919 617 3968 debebit
632 3933 677 3980 pso
709 3919 852 3981 Tyrrhenis,
870 3933 947 3983 quam
967 3925 996 3968 ut
1016 3921 1052 3968 eis
1070 3933 1157 3984 graves
1173 3933 1227 3969 esse

156 3979 214 4026 aa.
247 3979 348 4028 comm
367 3982 435 4029 enim
454 3996 485 4030 ex
504 3983 586 4038 sato.
597 3985 615 4030 1.
627 3984 675 4032 1x.
708 3983 841 4047 posuerim.

153 4043 677 4112 arumnensiscmtnsnuum.
745 4093 750 4108 ,
