3136 4970
408 213 502 278 ΗΒ.
523 213 675 276 XXVliii
701 213 809 278 enit·
829 215 975 276 XXXIV.
1157 215 1223 280 tid

151 375 1134 469 nohmtssiufroute-ststninquisiatinspenderenciemrnon
1144 375 1366 464 pot-uentris.

155 477 237 530 erut.
261 464 391 532 Moram
406 469 572 556 pugnandi
585 467 706 534 nulium
719 467 803 544 iecit,
815 480 851 532 ut
864 468 935 551 ipso
948 466 1121 558 samonium
1133 485 1220 530 sver-
1229 466 1261 574 1¹}
1262 467 1300 576 gs,
1309 464 1366 512 Μ·

156 563 241 616 teret
254 551 295 618 ab
313 571 485 640 conspectu
506 557 737 637 transeuntium
757 576 814 640 per
827 554 929 619 'ooiles
945 553 1097 640 equitum
1118 543 1345 641 nequeatssoffm

155 650 233 702 nuta
246 639 478 708 circumductos
493 663 626 720 sensere,
639 662 733 728 quam
741 641 920 706 tumultum
935 639 1089 726 equestris
1098 659 1222 724 pugne

157 724 200 788 ab
215 735 307 810 tergo
319 749 480 813 accepere.
523 729 610 796 ⁷‘Itu
623 727 709 794 duok
721 727 839 814 proeiic
853 739 960 793 erant:
983 723 1057 792 duee
1077 725 1220 810 peditum

157 811 252 888 scies,
264 811 330 878 duo
338 814 496 902 equitatus
509 837 568 900 per
577 813 808 903 longitudinem
823 813 927 904 campi
938 814 1027 900 (quin
1041 811 1165 876 misceri
1176 831 1223 876 ⁴eu

156 919 275 984 genere
289 911 426 987 utroque
446 904 596 987 proelium
615 900 771 989 augustin
784 921 850 964 non
870 901 1084 985 patiebantur)
1099 917 1223 986 pugna-

158 985 247 1048 bant.
286 987 506 1073 Hispanorum
522 1011 622 1077 quum
631 1011 736 1076 neque
749 987 846 1073 pedes
861 985 968 1074 equiti,
984 1007 1043 1050 nec
1058 1007 1153 1072 eques
1167 1007 1222 1070 pe·

157 1069 219 1136 diti
242 1073 359 1138 auxilio
382 1087 471 1154 esset,
493 1076 591 1161 pedes
616 1075 734 1140 fiducie
755 1074 870 1162 equitis
894 1086 1013 1138 temere
1038 1072 1222 1136 commissus
1333 1083 1337 1090 '

157 1178 274 1242 campo
285 1161 471 1240 crederetur,
482 1185 577 1249 eques
588 1161 821 1227 circumventus
831 1159 1067 1245 ⁷⁶necpeditem
1078 1157 1222 1236 efronte,

160 1243 242 1328 (jam
258 1246 342 1311 enim
357 1263 465 1314 strntae
486 1249 646 1335 pedestres
660 1249 762 1334 copioe
774 1249 878 1329 erant)
893 1267 952 1311 neo
974 1245 1014 1310 nb
1028 1259 1120 1331 tergo
1134 1245 1222 1332 squi-

157 1342 224 1394 tem
237 1333 415 1413 sustineret,
427 1347 459 1401 et
468 1336 540 1420 ipsi,
553 1357 650 1423 quum
662 1335 717 1400 diu
729 1336 762 1400 in
774 1335 880 1400 orbem
893 1355 959 1398 sese
969 1332 1124 1396 stantibus
1135 1331 1223 1416 equis
1307 1335 1311 1346 '

152 1416 380 1500 defendissent,
396 1421 437 1488 ad
452 1427 550 1488 uuum
566 1444 675 1487 omnes
690 1421 762 1486 caesi
778 1435 867 1486 sunt:
883 1441 942 1485 nec
952 1419 1118 1506 quisquam
1132 1417 1223 1502 pedi-

158 1516 228 1567 tum
245 1505 449 1596 equitumque
463 1509 627 1594 superfuit,
644 1507 747 1593 quiin
762 1507 843 1573 veile
856 1517 1087 1595 pugnaverunt.
1112 1503 1222 1570 Tertio
1231 1513 1373 1590 uincuntur

158 1611 244 1674 pars,
260 1611 332 1680 quae
351 1596 385 1658 in
408 1595 489 1661 colle
510 1595 552 1660 ed
576 1594 790 1680 spectaculum
814 1617 846 1659 m
890 1594 915 1658 ‘s
937 1605 1052 1669 tutum,
1068 1611 1164 1678 quom
1183 1579 1344 1656 nd¹¹¹¹P⁸¹¹¹=

157 1689 282 1762 partem
299 1692 419 1770 p'ugnoe
432 1681 667 1768 capessendam,
681 1693 818 1758 steterat,
833 1616 983 1747 eiilocum
999 1697 1031 1744 et
1045 1691 1170 1764 tempus
1184 1677 1224 1742 nd

158 1764 346 1848 fugiendum
368 1768 489 1834 habuit.
511 1767 663 1834 intereos
677 1781 710 1834 et
728 1768 829 1855 reguli
850 1767 912 1852 ipsi
932 1769 1100 1854 fugeruut3
1123 1765 1225 1849 prius·
1257 1801 1261 1808 ·

159 1873 256 1938 quam
272 1865 339 1918 tota
353 1855 636 1922 circumveniretur
650 1855 742 1932 ecies,
757 1855 841 1920 inter
855 1852 1027 1919 tumultum
1043 1851 1151 1935 elapsi.

203 1939 367 2006 XXXIV.
385 1943 497 2008 Castra
511 1941 623 2008 eodem
634 1941 686 2006 dic
698 1941 931 2026 Hispanorum,
942 1950 1060 2024 praeter
1070 1937 1224 2024 reliquam
1272 1989 1275 1996 .

155 2025 313 2110 praedem,
327 2051 399 2093 cum
411 2028 511 2114 tribus
521 2028 620 2093 ferme
628 2027 768 2093 millibus
777 2027 942 2092 hominum
953 2025 1133 2109 capiuntur.
1158 2025 1225 2089 Ro·
1383 2039 1386 2050 '

159 2111 248 2178 mani
260 2115 398 2201 sociique
407 2114 478 2180 ”ad
486 2115 572 2180 mille
581 2115 720 2180 ducenti¹
731 2137 770 2180 eo
780 2113 895 2199 proelio
902 2112 1098 2178 oeciderunt:
1115 2109 1225 2176 vulne-

158 2200 738 2286 rataempliustriamiiliahominum.
755 2195 1225 2266 minus'oruentevictorieiuis-

160 2298 221 2364 set,
234 2288 259 2350 si
273 2288 450 2372 potentiore
461 2309 585 2374 compo,
597 2303 628 2353 et
640 2289 679 2353 ad
689 2287 721 2353 iu
746 2309 797 2354 am
810 2309 846 2353 ca
869 2285 1032 2351 essentiam
1046 2283 1130 2349 faciti
1145 2282 1226 2348 foret
1294 2295 1298 2305 “

159 2386 352 2458 pugnatum.
374 2374 530 2451 Indibilis,
540 2375 668 2462 abjectis
679 2310 753 2439 belii
763 2309 911 2454 conniis,
921 2371 1000 2436 nihii
1014 2372 1113 2436 tutius
1123 2372 1155 2434 iu
1168 2368 1225 2434 nd·

157 2460 253 2524 flictis
263 2459 357 2525 rebus
367 2475 497 2546 experte
507 2461 571 2527 fide
581 2475 613 2526 et
624 2460 790 2526 clementia
802 2459 959 2546 Scipionis
973 2472 1071 2538 retus,
1081 2456 1224 2523 Mando·
1234 2467 1382 2514 Mandonius

157 2546 249 2610 nium
261 2544 390 2612 fratrem
406 2548 446 2613 nd
462 2571 534 2613 enm
552 2548 661 2614 mittit:
678 2548 743 2635 qui,
756 2547 925 2613 advolutus
938 2544 1081 2634 genibus,
1085 2545 1224 2631 fidelem
1233 2532 1368 2656 ffiffi'

152 2632 278 2697 rabiem
291 2637 436 2718 tempests
449 2634 518 2720 ejaa
533 2646 670 2712 accusat,
686 2657 774 2720 qnam
789 2637 869 2699 neiat
889 2635 1072 2720 contagione
1092 2635 1225 2718 quadarn
1234 2664 1292 2724 9¹⁶¹
1303 2662 1379 2713 venit.

151 2719 319 2804 pestifera,
335 2741 396 2784 nan
417 2722 561 2807 Hergates
581 2724 669 2786 mado
690 2731 721 2786 et
734 2721 897 2799 Meneni,
912 2723 966 2786 sed
986 2729 1089 2786 castra
1111 2736 1227 2804 quoque
1332 2785 1335 2794 ,

158 2807 306 2870 Romana
324 2809 521 2872 insanierint.
567 2808 659 2873 &mm
673 2809 792 2892 quidem
808 2809 971 2891 etstatris
991 2817 1022 2871 et
1042 2808 1227 2892 reliquom

152 2895 354 2976 popularium
369 2915 435 2958 eam
449 2896 651 2960 conditionem
664 2917 735 2971 esse,
750 2905 786 2958 nt
799 2904 864 2972 ant,
880 2897 909 2960 si
922 2896 970 2959 ita
990 2895 1141 2970 videatur,
1157 2893 1227 2958 red-

158 2981 239 3043 dant
255 2981 397 3062 spiritam
411 2983 452 3045 P.
467 2982 617 3064 Scipioni,
632 2980 672 3045 ab
692 2983 793 3046 eodem
816 2983 872 3045 illa
892 2990 1064 3064 acceptum.-
1087 2990 1143 3044 artt
1163 3001 1227 3044 sets

151 3066 230 3132 -vati
242 3065 390 3130 ⁷⁸disam'
403 3067 535 3131 debitam
550 3069 644 3133 vitam
659 3089 723 3151 pro
742 3090 777 3132 eo
798 3069 832 3131 in
848 3077 1029 3152 perpetmm
1051 3069 1226 3132 devoveant.
1322 3103 1324 3109 2
1392 3101 1397 3114 ·

158 3152 266 3218 Antea
290 3153 324 3216 in
349 3175 457 3218 carata
480 3175 537 3218 sua
547 3155 702 3238 fiduciam
726 3155 787 3220 siit
801 3155 917 3240 fluisse,
942 3157 1075 3218 nondam
1100 3163 1228 3238 eaperta

371 3335 441 3386 kara
451 3337 542 3388 diversa
553 3339 628 3390 Gran.
637 3341 708 3390 crev.
805 3337 813 3376 ¹
824 3339 930 3390 ducentos
940 3342 1016 3389 Gron.

195 3500 228 3551 tt
243 3501 284 3549 Ita
306 3501 351 3550 duo
376 3501 469 3550 dionae
491 3505 576 3564 proeiia
599 3503 679 3569 nant]
712 3503 790 3554 Livio.
823 3501 1001 3551 1..111.e.1s
1017 3501 1107 3551 tinniet
1122 3504 1230 3565 ronique

160 3567 248 3616 Nostri
266 3567 679 3630 coiioenuteroptimieorono·
711 3569 742 3618 ad
762 3571 860 3628 quatuor
881 3568 957 3616 miliia
976 3567 1097 3616 iamiam
1117 3574 1141 3616 ct
1161 3569 1229 3628 quin·

157 3631 585 3689 visumomittuntvoeemdtvmas
603 3647 678 3694 quam
706 3635 781 3696 genti.
814 3631 1000 3682 Lxxvnm
1014 3632 1051 3680 12.
1079 3633 1188 3684 Occidam
1202 3635 1229 3682 in

157 3705 244 3744 tamen
270 3703 391 3744 retentem
420 3697 587 3746 metuerimus.
631 3697 678 3746 Sed
705 3712 788 3760 pagna
804 3695 913 3760 fugares
930 3697 961 3746 ad
979 3698 1024 3746 duo
1044 3699 1122 3748 attin
1139 3705 1162 3747 et
1180 3712 1230 3762 rep·

158 3761 227 3810 haud
237 3761 345 3808 muitum
356 3762 465 3810 mnrsst.
710 3765 818 3824 &genti-
851 3763 886 3810 iit
909 3765 995 3812 codem
1018 3763 1059 3814 lib.
1080 3779 1102 3812 e.
1122 3764 1161 3812 te.
1187 3765 1230 3812 uiri

194 3823 309 3886 uti-'Na
318 3825 549 3890 peditemafianie]
567 3826 679 3886 Intellige
711 3827 804 3888 vulgati
828 3829 961 3887 prasinum
981 3842 1053 3889 supra
1073 3831 1231 3892 reprimantur

157 3891 266 3953 peditem
292 3889 441 3945 Romanum,
465 3891 509 3952 qui
534 3892 625 3946 stretin
652 3897 679 3938 ut
711 3893 782 3952 capti,
795 3892 851 3939 Put.
868 3893 929 3940 liber
944 3895 1047 3955 integre,
1057 3909 1129 3956 supra
1143 3897 1231 3956 aaa·
1343 3951 1346 3959 ι

156 3967 218 4004 mox
237 3949 372 4016 nrbjinitur,
388 3957 538 4015 pedestribus
558 3955 679 4016 Hispano·
707 3958 775 4016 gcntt
792 3957 861 4017 apat
890 3957 937 4006 iiis
956 3959 1140 4008 auctoritatibus
1151 3965 1177 4008 et
1187 3976 1230 4010 ex-

157 4033 216 4068 rum
235 4019 319 4078 copiis,
338 4019 365 4068 in
383 4020 519 4080 equitatum
539 4019 677 4080 Hispanum
710 4021 798 4080 emptis
809 4021 866 4073 nixi
876 4023 1027 4072 mutavimus
1038 4027 1103 4084 quod
1119 4027 1166 4074 hoe
1176 4027 1230 4074 lom

157 4089 265 4132 verterat
289 4083 420 4144 impeturn,
443 4089 469 4131 et
494 4098 553 4132 curn
579 4086 679 4132 adversa
710 4086 829 4132 hactenns
839 4087 1190 4138 edebntnradmiiitdacentor.

155 4150 239 4196 fronte
249 4147 417 4208 impugnabat.
745 4148 862 4212 iss'.Bis]
880 4150 969 4206 Semel,
980 4165 1059 4212 quum
1075 4155 1130 4215 ilios
1146 4169 1162 4202 a
1178 4157 1231 4204 Pte·

192 4211 223 4260 tt
239 4211 280 4258 At
294 4213 471 4276 miliciaeanti]
488 4213 677 4274 Inhuucserip-
710 4215 748 4262 nis
773 4215 911 4262 definientes
939 4216 1019 4276 Scipio
1046 4217 1072 4264 in
1096 4219 1231 4268 amicitiem

155 4285 240 4326 turem
258 4279 413 4326 consentiunt
434 4284 483 4325 tres
504 4278 591 4336 optimi
612 4279 678 4326 codi-
709 4284 848 4339 receperntt
880 4277 939 4341 (qne
966 4283 997 4328 de
1024 4297 1050 4330 re
1077 4285 1125 4330 vid.
1157 4299 1231 4344 supro

155 4356 206 4397 ces,
223 4340 279 4388 Pnt.
296 4342 433 4402 Centobrig.
449 4343 547 4404 Regius.
580 4341 614 4388 Et
634 4357 677 4403 ge·
708 4340 884 4404 xxv11.tt.)
900 4345 1001 4404 itemm,
1017 4349 1131 4408 presenti
1147 4350 1172 4396 in
1189 4363 1230 4396 oe·

148 4420 203 4454 nus
225 4407 271 4453 hac
293 4405 408 4476 loquendi
428 4409 494 4456 haud
516 4406 620 4456 insolens
639 4417 676 4456 est
708 4408 812 4458 cesione.
1246 4420 1249 4427 ·
