3036 4972
416 199 509 260 urs.
529 197 634 292 xxn.
660 197 762 258 cnr.
782 197 865 258 uxr
912 203 916 256 ;
1116 207 1172 268 rer

111 365 258 430 militiam
284 363 437 428 emendos
459 361 699 447 armandosque,
714 381 775 426 nec
798 359 1012 428 Hannibalem
1035 362 1316 432 maximeucsst

108 453 244 538 bujusce
270 454 329 531 rei,
349 465 391 514 ut
413 447 498 514 fama
522 461 599 526 eret,
625 459 769 536 egentem
797 447 984 534 locupletari
1012 447 1320 516 toletanum&

110 539 223 615 ,Quum
238 538 331 600 triste
346 557 542 620 responsum,
554 557 615 600 non
629 536 740 600 redimi
750 536 897 618 captiuos,
906 535 1066 603 redditum
1079 549 1173 618 esset,
1411 541 1417 548 “

110 646 279 710 novusque
301 645 397 706 super
418 635 555 686 veterem
576 621 679 686 luctus
692 632 749 685 tot
765 622 890 706 jactura
904 623 1018 686 cisium
1034 622 1175 708 adjectus

110 723 297 788 essetcum
319 710 443 796 magnis
464 709 589 774 fletibus
602 706 829 793 questibusque
846 707 966 796 legatos
987 710 1027 774 ad
1049 721 1183 794 portaru-

111 797 278 882 prosecuti
292 807 376 872 sunt.
422 794 515 860 Unus
529 815 567 858 en
581 794 620 857 iis
635 794 765 857 domurn
779 792 877 872 abiit,
892 795 978 880 quod
1002 795 1105 860 fallaci
1124 815 1337 862 reminiscatu-

112 883 184 947 ditu
199 884 235 946 in
251 891 354 946 castre
374 880 581 967 jurejurando
602 903 635 946 se
655 879 844 944 exsolvisset.
888 881 985 956 Quod
1007 882 1062 946 ubi
1084 874 1320 958 inno-datque·

113 969 187 1046 tuit,
204 967 232 1006 ¹⁴
241 967 438 1052 relatumque
457 967 499 1032 ad
519 979 662 1031 senatum
676 977 733 1041 est,
750 986 859 1028 omnes
874 979 1073 1044 censuerunt,
1088 945 1339 1070 com-{fflff‘b

136 1053 379 1119 rehendendum
402 1065 433 1116 et
452 1053 634 1118 custodibus
653 1051 779 1136 publice
798 1050 879 1116 datis
900 1053 1119 1121 deducendum
1135 1054 1177 1119 ad

111 1079 340 1206 llannibalem
363 1161 437 1204 esse.
471 1139 621 1204 *¹⁵Estet
646 1138 707 1202 alia
730 1137 770 1202 de
791 1139 924 1220 ,captivis
948 1137 1041 1218 foma,
1066 1140 1176 1204 decem

116 1227 240 1313 primos
255 1226 386 1290 venisse.
409 1226 449 1289 de
463 1226 507 1290 eis
521 1247 618 1312 quum
635 1224 812 1289 dubitatum
836 1224 868 1288 in
891 1239 1000 1292 senatu
1012 1225 1178 1303 'esset„ad·

114 1314 323 1384 mitterentur
345 1312 376 1375 iu
399 1311 522 1388 urbem,
537 1333 668 1386 neone3
689 1310 900 1376 itaadmissos
920 1335 996 1392 esse,
1010 1335 1051 1376 ne
1072 1331 1178 1376 temen

118 1401 155 1463 iis
178 1413 310 1464 senatus
338 1398 498 1463 daretur·
521 1397 724 1462 Morsutibus
751 1396 866 1461 deinde
889 1397 1013 1482 longius
1035 1399 1178 1463 omnium

118 1485 281 1570 spe,·slios
296 1496 358 1549 tres
382 1485 510 1569 insuper
528 1483 647 1570 legatos
660 1483 791 1559 venisse,
808 1483 847 1548 L.
865 1485 1077 1561 Scribonium,
1094 1498 1126 1549 et
1142 1487 1179 1549 C.

121 1572 345 1656 Calpurnium,
361 1584 393 1632 et
409 1570 448 1635 L.
465 1569 634 1635 Manlium.
657 1584 724 1635 tum
744 1569 872 1634 demum
889 1570 929 1634 ab
943 1584 1078 1655 cognato
1095 1573 1181 1636 Scri·

118 1658 209 1722 bonii
232 1657 364 1722 tribuno
387 1656 487 1740 plebis
512 1655 552 1720 de
575 1654 765 1720 redimendis
788 1656 919 1740 captivis
943 1657 1076 1722 relatum
1102 1680 1180 1736 esse,

121 1765 184 1807 nec
198 1743 355 1807 censuisse
369 1723 569 1806 redimendos
585 1753 744 1807 senatum:
768 1753 799 1806 et
815 1764 912 1806 novos
927 1742 1045 1831 legatos
1061 1756 1124 1808 tres
1139 1743 1180 1809 ad

124 1828 342 1893 Hannibalem
372 1830 543 1905 revertisse,
567 1829 675 1892 decem
698 1842 816 1892 veteres
845 1831 1047 1908 remansisse3
1079 1831 1179 1914 quod,

122 1937 183 2000 per
203 1935 345 1980 caussam
368 1915 612 2000 recognoscendi
628 1914 758 1978 nomina
777 1915 974 1999 captivorum
996 1916 1037 1980 ad
1054 1915 1182 1980 Hanni-

122 2001 224 2065 balem
249 2023 289 2064 ex
310 2000 422 2064 itinere
437 2001 579 2088 regressi,
596 2001 747 2088 religione
769 2023 833 2064 sese
856 2002 1067 2066 exsolvissent.
1091 2005 1129 2066 de
1143 2003 1182 2067 iis

121 2086 280 2152 dedendis
302 2107 419 2174 magna
440 2088 642 2150 contentione
656 2100 760 2152 actum
782 2087 814 2150 in
838 2102 948 2152 senatu
963 2111 1044 2152 esse:
1068 2089 1181 2154 victos·

121 2195 184 2258 que
211 2173 324 2258 paucis
353 2173 527 2250 sententiis,
553 2174 607 2258 qui
630 2172 791 2237 dedendos
820 2175 1009 2238 censuerint.
1042 2187 1181 2238 ceterum

121 2258 283 2342 proximis
304 2256 485 2322 censoribus
500 2257 579 2322 adeo
593 2259 738 2324 omnibus
751 2260 834 2323 notis
847 2259 1092 2346 ignominiisque
1105 2281 1182 2324 con-

121 2343 222 2410 fectos
241 2367 321 2420 esse,
347 2359 383 2408 ut
409 2343 536 2430 quidam
560 2366 669 2408 eorum
695 2357 829 2410 mortem
855 2345 912 2409 sibi
938 2345 997 2430 ipsi
1021 2349 1182 2431 extemplo

121 2430 355 2494 consciverint:
378 2430 473 2494 ceteri
488 2451 551 2494 non
573 2429 642 2494 foro
662 2431 763 2495 solum
789 2431 878 2494 omni
900 2431 1014 2496 deinde
1036 2431 1111 2508 vita,
1127 2432 1182 2496 scd

123 2537 227 2600 prope
250 2516 321 2578 luce
343 2539 380 2579 ac
401 2516 539 2600 publico,
556 2518 722 2581 caruerint.
768 2516 882 2581 Mirari
899 2517 1009 2604 magis,
1025 2518 1106 2582 adeo
1119 2515 1182 2583 dis-

125 2624 259 2688 crepare
293 2601 376 2665 inter
406 2613 559 2678 auctores,
590 2625 695 2688 quam,
725 2601 802 2688 quid
831 2603 896 2666 veri
925 2604 976 2679 sit,
1004 2603 1183 2670 discernere

123 2711 232 2776 queas.
279 2686 411 2763 Quanto
435 2700 539 2752 autem
565 2690 664 2774 major
684 2688 736 2752 es'
755 2687 857 2752 clades
882 2691 1098 2773 superioribus
1119 2692 1183 2756 cle-

50 2801 52 2806 ’
124 2775 221 2839 dibus
244 2771 351 2852 fuerit,
366 2772 416 2837 vel
430 2796 465 2837 ee
487 2796 535 2838 res
558 2774 675 2838 indicio
697 2786 752 2850 est,
769 2776 863 2860 quod,
887 2776 942 2861 qui
963 2777 1119 2842 sociorum
1142 2777 1184 2842 ad

125 2881 195 2924 eam
211 2859 297 2924 diem
313 2859 398 2923 firmi
412 2870 571 2937 steterant,
588 2872 656 2924 tum
676 2859 784 2924 labare
805 2873 983 2945 coeperunt,
999 2862 1087 2926 nulls
1109 2885 1184 2948 pro·

125 2945 208 3010 fecto
239 2944 365 3010 eliade
393 2967 437 3022 re,
464 2967 558 3030 quam
587 2945 673 3032 quod
701 2946 942 3030 desperaverant
970 2949 1011 3012 de
1039 2949 1183 3034 imperio.

126 3031 151 3070 ¹⁶
159 3031 318 3111 Defecere
338 3044 442 3094 autem
463 3030 503 3095 ed
520 3031 639 3096 Poenos
662 3029 694 3094 hi
718 3032 845 3117 populi:
872 3033 1020 3112 Atellani,
1035 3033 1183 3114 Calatini,
1193 3057 1347 3107 ussedom·

128 3117 276 3202 Hirpini,
293 3117 474 3201 Apulorum
496 3139 580 3201 pers,
597 3117 753 3182 Samnites
774 3131 891 3203 praeter
906 3119 1052 3198 Pentros,
1068 3121 1185 3187 Bruttii
1192 3123 1295 3175 nomm.

127 3225 249 3278 omnes,
260 3203 395 3267 Lucani.
409 3202 591 3288 praeterhos
605 3201 826 3280 ¹⁷Surreutiui,
842 3221 873 3269 et
884 3207 1069 3271 Graecorum
1080 3208 1185 3274 omnis

125 3287 224 3354 ferme
239 3311 307 3365 ora,
324 3288 501 3369 Tarentini,
518 3287 743 3372 Metapontini,
767 3291 999 3370 Crotonienses,
1016 3292 1185 3380 Locrique,

128 3388 160 3439 et
175 3375 333 3459 Cisalpini
346 3395 455 3438 omnes
479 3374 573 3439 Galli.
621 3375 688 3440 Nec
708 3387 812 3440 tamen
838 3376 890 3441 hae
916 3378 1020 3443 clades
1034 3378 1184 3444 defectio·
1192 3397 1345 3446 presumere

128 3481 247 3548 nesque
261 3461 419 3525 sociorum
444 3473 616 3538 moverunt,
633 3472 669 3524 ut
687 3463 775 3546 pacis
797 3485 945 3550 umquam
967 3465 1085 3530 mentio
1099 3467 1182 3551 apud
1191 3465 1283 3576 gentio
1291 3465 1347 3511 ¹¹⁰¹·

542 3610 608 3660 lter
619 3615 694 3660 Gron.
706 3615 775 3662 Crev.

162 3777 193 3823 14
209 3776 364 3838 Relrstumqur
395 3777 426 3822 ad
457 3783 561 3824 senatrrm
596 3779 641 3842 ert]
708 3781 739 3828 16
754 3781 957 3844 Deficere...lri
969 3784 1063 3848 populi]
1081 3785 1138 3832 Non
1155 3787 1187 3834 si·

130 3837 176 3886 llio
188 3847 273 3887 contre
283 3839 417 3902 adjecimus
433 3840 459 3888 sl
476 3855 526 3901 que,
542 3843 642 3891 volenti·
675 3848 727 3891 mul
747 3861 830 3892 omnes
852 3849 878 3894 hi
904 3850 987 3906 populi
1009 3851 1125 3906 defecere,
1145 3853 1187 3898 red

128 3905 172 3950 bus
191 3906 289 3964 scriptis
311 3905 398 3950 nostris
417 3907 536 3964 omnibus,
553 3913 578 3952 ct
594 3922 642 3955 uno
674 3911 773 3968 quidam
792 3913 885 3967 statim,
897 3913 995 3970 quidam
1012 3922 1067 3974 post
1083 3929 1187 3976 annum,

131 3967 240 4024 Heamii,
252 3971 407 4029 Andreaeque
425 3975 449 4015 et
466 3970 582 4031 Campani
593 3975 643 4019 edi·
675 3975 773 4031 quidam
793 3977 863 4022 tertio
882 3984 925 4024 aut
943 3986 1029 4037 quarto
1044 3986 1099 4040 post
1116 3994 1186 4028 anno.

132 4031 242 4080 rionmus.
277 4033 311 4079 Et
327 4034 459 4080 sicmelius
474 4035 644 4094 proceditora·
676 4038 852 4086 Gunansuus.
1239 4041 1242 4047 '

132 4095 173 4146 tio,
709 4101 739 4149 17
756 4102 903 4170 Surrentini]
921 4107 986 4168 Lege
996 4121 1053 4155 eum
1067 4109 1188 4156 Gronovio

164 4161 195 4206 15
210 4163 257 4208 Eri
278 4167 301 4208 ct
322 4161 371 4208 ullu
395 4161 422 4208 de
442 4164 541 4224 captiuis
559 4165 641 4228 firm]
675 4166 805 4212 Sallentini.
839 4169 904 4216 Nam
922 4172 1065 4228 Surrentini,
1078 4176 1188 4234 quisunt

134 4221 187 4272 vlu
196 4241 253 4288 quae
264 4227 296 4273 de
312 4227 554 4276 hecrehnbentcic.
567 4231 642 4277 t.111.
675 4229 699 4276 in
723 4231 859 4290 Campania
887 4249 938 4294 ora,
966 4239 1104 4284 debuissent
1131 4239 1189 4299 poni

132 4291 160 4334 dc
175 4291 221 4338 Off.
239 4306 265 4338 n.
287 4290 342 4338 113·
359 4298 384 4338 et
401 4293 641 4342 A.Gell.1.v11.c.
675 4296 866 4358 pqstCalatinos.
899 4302 1188 4352 Arsallentinlsdcraa·

132 4353 168 4403 ts.
675 4373 758 4406 corum
770 4373 837 4408 oram
850 4367 977 4424 pertinent
