3140 4972
456 167 559 244 urb.
579 177 678 246 xxv.
701 182 806 242 car:
828 178 869 244 11.
917 125 921 139 ’
1134 187 1194 246 sss

137 343 550 432 ⁵triumviriquecapitales,
587 343 651 415 nod
671 365 736 414 non
758 343 973 448 prohiberent,
988 363 1356 432 quous-,emoucsssss

138 367 1340 519 uereeaurrnultitndinemeiornacdiajscereadparatussacrornmbffiss

138 519 242 586 consti
255 535 368 598 essent,
384 517 470 588 baud
485 517 597 604 procul
613 518 701 596 anit,
717 517 796 604 quin
811 518 1014 586 violarentur.
1059 517 1126 586 Ubi
1139 540 1198 604 po-
1301 549 1302 552 ¹

138 604 253 670 satim
269 605 337 690 jam
357 628 425 672 esse
443 604 478 670 id
500 603 619 670 malum
640 604 799 689 adparuit,
813 627 909 691 quam
926 618 962 671 ut
981 604 1119 679 minores
1138 625 1198 690 per

137 691 341 778 magistratus
352 691 527 768 sedaretur,
541 689 614 756 σΜ.
623 689 722 757 Atilio
736 691 866 775 prsetnri
877 689 964 756 urbis
978 691 1141 777 negotium
1155 690 1197 758 ab

137 777 372 852 sfflatudatum
388 790 445 856 est,
460 791 496 842 nt
509 775 559 844 his
572 776 778 864 religionibus
791 775 945 862 populum
961 775 1121 852 liberaret.
1164 777 1199 842 Is
1216 824 1218 832 ι

138 875 169 928 et
181 863 215 928 in
230 865 383 933 concinne
398 863 703 930 senatusconsultum
717 863 870 940 recitavit,
886 873 919 928 et
931 861 1041 942 edixit,
1060 864 1112 941 Ut,
1128 866 1197 948 pui-

136 971 258 1035 cumquc
276 951 372 1016 libros
391 953 540 1016 uaticinos
555 951 793 1032 mendicamus,
808 959 864 1014 aas
884 958 982 1016 artem
1001 951 1199 1032 aamficaodi

135 1039 343 1188 plencrdphmz
358 1037 493 1188 luger‘elte,
515 1036 678 1188 ecstlt'bros
702 1037 989 1185 ommmrw
1009 1037 1104 1108 adse
1121 1046 1349 1189 attamen

136 1145 214 1274 acho
228 1122 783 1291 aasemmosnusosggfflwms,
799 1141 833 1185 m
848 1120 914 1204 Μ
985 1142 1108 1188 mm
1168 1143 1198 1202 θ’
1330 1245 1357 1285 ,ι

180 1293 227 1376 II,
245 1294 289 1360 Et
302 1295 422 1382 aliquot
438 1293 557 1379 publici
573 1291 749 1374 sacerdotes
764 1293 882 1360 mortui
896 1315 936 1358 eo
949 1313 1034 1360 nnnc
1048 1304 1135 1372 sunta
1157 1293 1347 1360 bsecras·

138 1380 307 1446 Cornelius
323 1380 477 1448 Lentulus
490 1379 636 1466 pontifex
652 1380 821 1456 maximus,
836 1392 869 1445 et
885 1379 923 1446 C.
940 1377 986 1446 Pa
1010 1378 1087 1444 irius
1103 1379 1142 1445 C.
1159 1371 1336 1448 Pstmfi·

139 1464 234 1532 Maso
248 1466 401 1552 pontifex,
413 1480 446 1532 et
462 1466 499 1532 P.
510 1465 625 1531 Furius
640 1465 751 1530 Philus
765 1487 878 1554 augur,
893 1479 926 1531 et
941 1401 1040 1532 &Po
1063 1464 1142 1532 irius
1157 1465 1197 1532 L.
1206 1435 1340 1540 “Q''
1356 1509 1359 1519 ·
1395 1467 1399 1480 ’

139 1553 176 1619 F.
189 1553 286 1620 Maso
297 1553 455 1620 decemvir
465 1573 639 1618 sacrorum.
662 1548 700 1618 In
712 1551 840 1618 Lentuli
851 1551 957 1620 locum
969 1551 1019 1618 M.
1080 1551 1198 1620 melius
1338 1592 1340 1602 ·

139 1637 312 1728 Cethegus,
328 1641 362 1704 in
379 1639 499 1726 Papirii
513 1639 573 1702 Cn.
587 1638 737 1704 Servilius
749 1638 871 1722 Caepio,
887 1637 1052 1723 pontifices
1066 1637 1200 1704 subiecti
1293 1651 1297 1674 ²
1353 1652 1357 1671 '

136 1739 336 1814 suntaugur
344 1737 467 1792 creatus
477 1725 518 1794 I..
529 1724 699 1802 Quinctius
708 1723 917 1802 Flamininus,
926 1723 1087 1792 decemvir
1095 1746 1199 1790 sacro·

136 1833 212 1881 rum
230 1812 270 1878 L.
288 1813 456 1878 Cornelius
470 1809 637 1876 Lentulus.
671 1810 883 1876 Comitiorunr
903 1811 1116 1876 consularium
1130 1812 1220 1898 jum.

136 1898 306 1984 adpetebm
317 1910 460 1984 tempns3
475 1897 540 1986 sed,
552 1897 627 1983 quia
636 1897 780 1961 musuleo
791 1920 812 1962 a
822 1895 907 1962 hello
917 1897 1200 1965 intentosavocare

133 2005 200 2057 non
208 1985 363 2070 placebat,
374 1985 643 2069 'susempronius
652 1981 763 2048 consul
771 1983 972 2050 comitiorum
982 1981 1199 2050 crumadicta·
1207 1987 1363 2064 Dimm-

135 2083 237 2136 torem
247 2071 329 2138 dixit
343 2071 383 2138 C.
393 2069 564 2148 Claudium
576 2068 787 2136 Centhonem.
798 2068 839 2134 ab
849 2091 888 2134 eo
897 2069 1046 2154 magister
1054 2069 1199 2170 equiturn
1207 2061 1334 2164 ’ἔπῃ

135 2170 184 2222 est
198 2158 305 2223 dictus
318 2156 361 2236 Q.
379 2156 508 2224 Fulvius
524 2155 668 2222 Flaccus.
698 2155 848 2222 Dictator
861 2156 967 2241 primo
980 2154 1133 2220 nominali
1146 2155 1200 2224 dis

136 2246 256 2312 creavit
275 2244 421 2310 consules
436 2243 479 2320 Q.
496 2242 643 2310 Fulvium
660 2241 822 2321 Flaccum,
835 2244 1024 2330 magistrum
1045 2241 1198 2326 equitum,

135 2342 168 2396 et
184 2333 250 2416 Ap.
260 2331 431 2396 Claudium
448 2328 633 2408 Pulchrum,
646 2329 696 2394 cui
712 2327 821 2394 Sicilia
834 2329 997 2413 prouincia
1011 2327 1044 2394 in
1081 2339 1200 2392 raetnrs

134 2417 249 2484 fuerat.
270 2417 356 2482 Turn
367 2429 518 2502 praetores
526 2416 624 2480 creati
634 2415 693 2480 Cn.
703 2413 833 2480 Fulvius
844 2414 986 2492 Flaccus,
998 2415 1037 2482 C.
1074 2413 1200 2480 laudius

136 2503 238 2582 Nero,
256 2504 307 2570 M.
322 2503 438 2569 Junius
454 2501 589 2580 Silanus,
606 2501 645 2566 P.
659 2499 827 2566 Cornelius
843 2499 944 2568 Sulla.
968 2501 1114 2568 comitiis
1127 2522 1200 2588 per·

132 2590 235 2666 fectis,
247 2590 385 2656 dictator
398 2590 583 2674 magistratu
598 2585 684 2651 abiit.
706 2585 848 2654 ⁷AEdilis
860 2587 978 2654 curulis
991 2587 1051 2655 fnit
1065 2611 1104 2654 eo
1115 2610 1201 2654 annu

131 2699 211 2748 cnm
227 2675 277 2742 M.
289 2675 440 2740 Cornelio
451 2673 591 2761 Cethego
604 2673 640 2738 P.
653 2673 821 2740 Cornelius
834 2675 952 2760 Scipio,
962 2676 1015 2742 cui
1073 2689 1102 2740 st
1112 2673 1236 2763 Afri-13·
1249 2686 1338 2761 toucy
1350 2711 1362 2724 r·

132 2786 217 2828 cano
225 2761 286 2828 fuit
294 2782 482 2850 cognomen.
497 2760 572 2826 huic
583 2759 702 2846 petenti
711 2759 895 2826 oedilitatcnr
903 2784 1002 2848 quum
1014 2697 1348 2862 obdisterentffium

134 2849 260 2916 tribuni
274 2849 385 2934 plebis,
397 2860 548 2935 negantes
561 2849 715 2914 rationem
727 2846 795 2932 ejus
808 2846 988 2914 habendam
999 2870 1078 2926 esse,
1093 2845 1201 2935 ⁸quod
1316 2849 1320 2860 “

133 3073 261 3130 ratemque
285 3069 415 3129 spectabat.
455 3068 547 3116 Confer
571 3069 652 3117 locum
717 3069 837 3117 traduto
857 3071 947 3118 carum
958 3069 1141 3132 fathures·
1159 3069 1201 3118 M.
1294 3079 1301 3086 ·

134 3135 209 3195 mane
218 3134 355 3194 geminum,
366 3133 383 3180 1.
395 3133 442 3180 tv.
452 3147 473 3182 e.
484 3135 525 3182 30.
686 3134 793 3184 Cornelio
810 3135 911 3198 Cethego
926 3135 959 3184 P.
972 3134 1095 3186 Cornelius
1109 3135 1201 3199 Scipio]

167 3199 184 3245 6
204 3197 338 3244 Trtsmns'rs‘
357 3230 365 3246 .
382 3230 388 3244 .
407 3197 527 3262 capitales]
545 3198 580 3244 Hi
600 3210 653 3244 ms·
684 3199 763 3246 Aliter
777 3199 900 3260 Polybius,
916 3201 958 3260 qui
975 3203 991 3248 l.
1003 3199 1039 3248 X.
1052 3200 1136 3246 scrlbit
1151 3199 1202 3246 Sci·

132 3262 251 3324 pannus
261 3263 462 3323 ersntsnhhsgiis
475 3263 559 3322 populi
569 3263 653 3322 creati,
684 3262 782 3374 gisum
802 3265 897 3312 odilam
915 3267 1026 3314 curulem
1048 3265 1123 3312 luisse
1144 3277 1203 3312 cum

133 3328 220 3386 quide
233 3327 358 3373 maleficiis
368 3333 393 3373 et
409 3325 537 3376 sceleribus
553 3340 652 3388 cognos-
708 3327 799 3375 .b·atre
810 3325 910 3390 majore.

132 3397 225 3438 cerem.
259 3389 369 3438 Multum
385 3392 416 3437 de
431 3405 516 3438 eorum
534 3395 653 3451 potestate
717 3391 733 3439 8
751 3391 818 3448 Quod
830 3393 932 3454 nondum
945 3391 976 3439 od
987 3393 1111 3454 petendum
1126 3386 1205 3453 legiti-

132 3455 273 3510 dctractum
294 3461 340 3510 est,
362 3455 500 3502 conuitutis
526 3456 590 3502 ciunt
610 3468 653 3502 sn·
684 3460 790 3518 metus
803 3457 872 3521 erm]
889 3457 1008 3506 Nondum
1019 3459 1119 3518 quidem
1137 3457 1204 3520 luges

133 3533 197 3566 num
208 3517 276 3566 urbis
286 3520 391 3566 conditae
407 3520 462 3568 608.
479 3520 653 3582 questionibus
684 3519 793 3568 Annales
802 3523 860 3568 latae
870 3529 948 3572 erant.
964 3522 1012 3570 Sal
1023 3521 1141 3572 nimirum
1148 3516 1203 3584 jaas

131 3583 265 3644 perpetuis
299 3581 366 3632 Tum
390 3585 457 3632 enim
478 3585 509 3630 de
531 3583 653 3630 vilissimis
685 3591 740 3634 tum
759 3587 880 3634 sancitum
899 3587 987 3642 fuerat,
1005 3587 1105 3648 nequis
1124 3585 1204 3632 ullum

131 3649 185 3700 rere
201 3648 351 3706 bominibus,
362 3647 456 3696 furibus
472 3644 653 3710 servisque,ju·
684 3651 806 3698 urbanum
824 3651 995 3712 magistratum
1013 3655 1119 3712 caperet,
1135 3656 1205 3697 ante·

131 3713 245 3760 dimum
266 3713 298 3760 ad
319 3713 457 3760 columnam
476 3711 606 3767 Muniam,
622 3711 653 3758 dc
685 3716 1075 3776 quamdenastipendinemerita
1087 3716 1204 3764 haberet:

130 3792 182 3838 qus
197 3777 313 3838 hequem
329 3778 432 3824 occunit
444 3777 509 3838 apud
526 3777 653 3836 scriptores
685 3780 750 3840 quod
764 3793 809 3825 suo
825 3794 878 3826 aevo
893 3781 981 3828 serrari
997 3782 1067 3828 docet
1079 3779 1204 3841 Polybius,

130 3841 234 3892 mentio.
268 3841 347 3888 Iidem
366 3843 456 3890 arceri
477 3846 606 3901 praeerant,
627 3845 653 3888 et
684 3843 701 3890 l.
713 3843 757 3889 v1.
768 3857 794 3890 n.
804 3843 841 3890 17.
859 3841 933 3892 Porro
944 3845 1155 3906 decimo-septimo
1163 3845 1205 3892 de·
1247 3891 1249 3899 .
1318 3890 1323 3900 .

130 3907 252 3968 ‚supplicia
262 3907 293 3953 de
307 3905 386 3952 noxiis
400 3907 518 3952 sumenda
528 3907 651 3952 curabant.
684 3921 755 3954 mum
774 3909 853 3954 aetatia
869 3923 933 3956 anno
950 3910 1045 3958 militia
1063 3909 1206 3956 nomencla-

131 3970 192 4020 Vid.
202 3971 291 4018 Aaron.
304 3969 371 4017 Paed.
387 3969 654 4018 inDivinst.etPom·
685 3973 744 4018 bant
771 3971 884 4020 Romani.
917 3975 1003 4034 ltaque
1027 3972 1124 4022 nullum
1151 3979 1205 4036 pot-

131 4048 189 4096 pon.
201 4038 232 4083 de
243 4035 311 4095 Orig.
322 4033 398 4082 duris.
684 4040 753 4084 mut
778 4037 950 4096 magistratum
972 4042 1092 4086 urbanum
1119 4051 1203 4100 gerere

164 4099 240 4150 cM.
255 4098 331 4146 Asun
347 4099 445 4160 prmum
463 4097 538 4161 urhis]
561 4097 610 4146 Hic
627 4104 653 4146 et
684 4105 742 4146 ente
760 4113 852 4146 annum
873 4102 952 4148 oetatis
971 4103 1205 4164 vigesimum-septi-

130 4165 195 4212 inirs
206 4179 227 4214 c.
238 4165 263 4212 3.
280 4163 407 4224 legebatur
421 4163 458 4212 Μ.
470 4163 577 4222 AEmilio,
593 4169 618 4211 st
629 4178 651 4212 c.
683 4176 763 4213 mum.
794 4165 828 4212 At
845 4165 924 4226 Scipio
942 4170 1014 4216 tertio
1031 4167 1120 4215 abhinc
1137 4181 1202 4215 anno

130 4228 170 4278 12.
186 4227 349 4278 M.AEmt1ts
382 4227 471 4276 Tribus
492 4228 531 4274 his
550 4228 575 4276 in
592 4229 651 4276 locis
683 4233 788 4290 quatuor
806 4235 831 4276 et
851 4231 938 4290 viginti
957 4239 1054 4280 tantum
1075 4245 1139 4280 anno
1159 4245 1204 4280 na·

128 4309 221 4348 nomen
237 4293 275 4341 M.
288 4293 358 4340 Atilii
375 4293 540 4356 reponendum
556 4294 651 4342 curarit
683 4300 723 4343 tus
733 4295 1069 4354 essedicetur,l.XXV1.c
1082 4295 1120 4346 ld.

127 4355 400 4424 stgcniusexcttl.
412 4357 510 4409 XXIV.
521 4369 603 4420 supra.
1058 4355 1066 4372 '¹
