3060 4960
377 211 526 290 5⁸04
661 211 665 220 ’
764 217 1042 277 Tr'rrurvtr

213 386 244 432 U·
256 384 352 470 §⁶⁵⁰-
375 400 555 465 congruens
580 381 699 446 clamor
725 403 744 445 a
768 378 932 459 Romanis,
953 405 1054 469 eoque
1073 385 1174 469 major
1193 397 1230 449 et
1247 384 1404 460 terribilium

213 453 349 497 mm·
374 466 511 531 dissonae
533 467 603 544 illis,
622 481 658 532 ut
678 469 822 553 gentium
844 469 1016 532 multarum
1038 469 1284 556 discrepantibus
1303 471 1405 558 linguis,

375 575 477 618 voces.
499 575 610 640 pugna
627 556 772 619 Romana
787 555 916 632 stabilis,
932 570 964 620 et
985 577 1043 620 suo
1063 572 1094 620 et
1114 579 1272 622 armorum
1292 558 1407 643 pondere

375 641 626 706 incumbentium
654 643 687 704 in
716 641 856 704 hostem:
890 642 1091 706 concursatio
1118 657 1150 706 et
1174 644 1314 708 velocitas
1338 643 1408 706 illinc

377 730 488 814 major,
510 751 610 814 quam
637 729 692 790 vis.
738 727 840 813 Igitur
864 728 970 812 primo
994 730 1103 813 inpetu
1126 731 1285 815 extemplo
1306 750 1409 792 movere

376 815 449 878 loco
476 814 615 879 hostium
640 813 740 878 aciem
768 813 917 878 Romani.
943 815 1026 878 ⁴²ala
1051 815 1166 879 deinde
1190 832 1222 880 et
1244 815 1410 880 umbonibus

377 901 549 985 pulsantes,
565 901 597 964 in
612 900 776 966 submotos
790 899 893 985 gradu
917 903 1026 977 inlato,
1041 902 1238 987 aliquantum
1248 902 1347 986 spatii,
1360 901 1411 963 vel·

376 1001 413 1052 ut
428 987 516 1052 nullo
530 988 702 1063 resistente,
715 988 884 1063 incessere3
895 987 897 992 ’
909 988 1114 1074 urguentibus
1125 1003 1156 1052 et
1170 987 1344 1053 novissimis
1360 985 1413 1070 pri·

358 1097 457 1155 «mos,
472 1086 508 1139 ut
519 1074 615 1138 semel
630 1087 749 1138 motam
765 1074 1026 1150 aciemsensere3
1049 1074 1134 1160 quod
1149 1074 1252 1160 ipsum
1270 1075 1327 1138 rim
1341 1095 1412 1158 mag·

375 1183 450 1228 nam
466 1163 507 1225 ad
522 1161 701 1246 pellendum
719 1159 839 1224 hostem
862 1159 1008 1226 addebat.
1053 1161 1152 1245 Apud
1174 1163 1287 1238 hostes,
1302 1159 1414 1226 auxilia-

376 1271 427 1313 res
453 1248 599 1312 cedentes
623 1246 761 1310 sccunda
786 1247 878 1322 acies,
895 1245 966 1311 Afri
990 1260 1022 1310 et
1046 1246 1331 1334 Karthaginienses,
1350 1247 1414 1308 adeo

376 1357 441 1400 non
456 1333 661 1406 sustinebant,
677 1347 839 1396 utcontra
857 1337 963 1409 etiarn,
977 1351 1019 1398 ne
1039 1335 1215 1398 resistentes
1237 1334 1415 1422 pertinaciter

376 1422 496 1506 primos
519 1419 672 1484 caedendo
694 1417 736 1482 ad
751 1442 789 1482 se
811 1421 989 1504 perveniret
1013 1419 1120 1496 hostis,
1141 1421 1254 1504 pedem
1276 1420 1414 1486 referrent.

378 1509 483 1594 igitur
498 1506 662 1571 auxiliares
683 1519 773 1591 terga
794 1507 871 1570 daut
892 1521 1038 1590 repente:
1063 1521 1105 1583 et,
1121 1508 1154 1570 in
1169 1529 1244 1572 suos
1259 1508 1343 1584 versi,
1356 1525 1414 1589 par·

376 1596 433 1658 tim
461 1593 604 1680 refugere
629 1593 661 1654 in
687 1591 857 1658 secundam
884 1593 995 1669 aciem,
1018 1595 1134 1678 partim
1159 1615 1226 1658 non
1253 1594 1416 1678 recipientes

374 1679 506 1756 credere,
522 1681 567 1743 uti
583 1677 689 1762 paullo
704 1691 778 1742 aute
793 1699 857 1742 nou
874 1679 983 1765 adjuti,
994 1693 1026 1743 et
1041 1691 1117 1743 tunc
1131 1681 1260 1745 exclusit
1305 1679 1344 1744 Et
1356 1699 1415 1763 pro

373 1787 414 1849 pe
439 1766 505 1830 duo
524 1766 589 1851 jam
616 1765 775 1850 permixta
790 1763 903 1847 pnoelia
916 1779 1016 1841 erant,
1039 1787 1138 1851 quum
1156 1765 1418 1854 Karthaginienses

372 1853 466 1916 simul
489 1874 562 1916 cum
585 1851 740 1930 hostibus,
763 1851 858 1915 simul
879 1869 951 1914 cunr
974 1852 1038 1916 suis
1061 1867 1252 1938 cogerentur
1273 1869 1417 1917 conserere

371 1961 493 2003 munus.
512 1961 581 2002 non
604 1953 715 2004 tamen
738 1938 783 2002 ita
806 1937 968 2023 perculsos
992 1937 1152 2024 iratosque
1172 1941 1204 2002 in
1226 1941 1326 2006 aciem
1346 1957 1419 2002 acce

371 2047 464 2111 pere3
488 2025 554 2102 sed,
581 2024 721 2090 densatis
746 2024 921 2102 ordinibus,
938 2024 969 2088 in
993 2045 1113 2090 cornua
1135 2027 1331 2113 vacuumque
1350 2023 1418 2088 circa

371 2133 519 2198 campum
544 2127 634 2176 extra
651 2110 806 2195 'proelium
821 2110 949 2196 ejecere,
965 2110 1040 2176 ¹³ue
1054 2111 1186 2196 pavidos
1205 2113 1286 2201 suga
1300 2109 1421 2176 vulneri·

373 2200 494 2285 busque
511 2199 624 2264 milites
639 2201 671 2261 in
687 2214 805 2261 certam
821 2210 853 2261 et
868 2199 1023 2284 integram
1038 2198 1137 2262 acient
1150 2199 1329 2267 miscerent.
1371 2195 1420 2258 Ce-

371 2297 475 2350 terum
502 2299 590 2349 tauta
613 2298 731 2371 strages
756 2283 921 2346 hominum
945 2305 1169 2370 armorumque
1189 2285 1308 2361 locum,
1324 2285 1355 2348 in
1368 2301 1420 2368 quo

371 2385 524 2436 steterant
539 2367 647 2456 paullo
663 2383 736 2433 ante
757 2370 934 2444 auxiliares,
942 2370 1172 2455 compleverat,
1190 2385 1226 2436 ut
1241 2393 1340 2458 prope
1351 2366 1421 2432 diffi-

364 2459 461 2524 cilior
476 2458 628 2523 transitus
643 2472 733 2531 esset,
750 2477 845 2544 quarn
860 2477 917 2539 per
928 2455 1086 2522 ‘confertos
1098 2455 1203 2521 hostes
1213 2449 1327 2524 fuerat.
1369 2455 1420 2518 ltu·

370 2567 442 2632 que,
459 2545 513 2630 qni
529 2545 623 2628 primi
638 2559 741 2623 erant,
756 2543 880 2619 hastati,
896 2563 954 2627 per
971 2543 1115 2608 cumulos
1137 2565 1311 2629 corporum
1334 2561 1422 2608 armo·

364 2653 506 2716 'rumque
521 2645 552 2694 et
572 2633 674 2698 tabern
698 2629 871 2780 sanguinis,
887 2651 950 2714 qua
964 2630 1098 2779 quisque
1118 2641 1256 2715 poterat,
1273 2641 1421 2718 sequentes

369 2718 504 2794 hostem,
521 2729 552 2781 at
566 2718 656 2804 signa
670 2730 702 2780 et
719 2738 756 2778 or
781 2717 847 2779 ines
868 2715 963 2780 consu
987 2731 1090 2780 eruut.
1112 2717 1297 2804 principum
1313 2733 1423 2802 quoque

370 2806 462 2892 signa
485 2803 631 2868 fluctuari
657 2815 829 2887 coeperant,
844 2823 957 2888 vagam
983 2815 1055 2866 unte
1080 2825 1113 2867 se
1137 2807 1302 2873 cernendo
1327 2801 1421 2866 aciem.

370 2891 471 2968 Quod
497 2891 605 2974 Scipio
630 2889 683 2954 ubi
700 2890 786 2964 vidit,
810 2888 982 2971 44receptui
1009 2909 1144 2972 propere
1170 2883 1287 2956 castere
1308 2885 1424 2953 hastatis

365 2978 476 3064 jussit:
502 2991 543 3052 et,
563 2976 675 3038 sttuciis
698 2977 730 3038 in
753 2988 942 3060 postremam
963 2975 1061 3038 aciem
1083 2976 1259 3054 subductis,
1279 2973 1423 3061 principes

370 3063 558 3149 triariosque
573 3063 605 3126 in
628 3081 749 3126 cornua
764 3061 901 3138 inducit3
924 3085 989 3149 quo
1011 3063 1108 3128 tutior
1130 3061 1320 3154 firmiorque
1337 3057 1425 3126 media

362 3291 435 3350 tito,
458 3292 609 3356 concursatio,
632 3299 656 3338 et
682 3290 798 3340 uelocitas·
838 3289 884 3338 Sed
917 3290 955 3338 vel
972 3292 1073 3340 amboni.
1107 3291 1152 3338 Sed
1169 3303 1254 3350 parum
1273 3290 1423 3336 interatum·

369 3358 567 3418 quemadmodum
590 3362 664 3417 patet,
686 3357 821 3413 clamorem,
843 3371 885 3404 vo·
916 3355 1291 3418 boaiiuanelegas,anumboae.

368 3439 407 3470 cea
425 3424 533 3471 (insonus
552 3421 578 3468 io
596 3435 683 3482 pugne,
700 3436 768 3482 posse
785 3421 832 3468 dici
848 3435 884 3470 rea
949 3428 980 3467 43
998 3423 1036 3468 Ne
1052 3417 1163 3483 pavidos]
1179 3419 1268 3468 Veram
1285 3418 1348 3468 Liuii
1364 3413 1423 3488 scrip·

369 3503 464 3550 parvas,
484 3490 519 3534 ite
541 3502 590 3534 non
612 3487 727 3543 ridemus,
750 3487 792 3548 qui
813 3483 884 3546 liceat
917 3492 996 3534 turam
1029 3487 1195 3534 crediderimus
1227 3501 1286 3532 cum
1315 3486 1424 3530 Gmnovo

336 3573 340 3578 ·
368 3555 431 3604 idern
454 3553 612 3615 pronunciare
637 3553 666 3598 de
687 3567 768 3613 pugna
792 3551 882 3608 stabili,
917 3565 1028 3598 etseeum
1042 3567 1112 3614 quam
1130 3552 1227 3599 exbibet
1245 3553 1337 3613 Regius
1348 3547 1423 3594 eada:

369 3620 551 3666 concursatione
568 3622 596 3662 et
617 3618 742 3664 velocitate
769 3618 882 3675 militum,
917 3633 946 3664 ae
962 3617 1049 3678 pauido
1064 3619 1134 3678 sago
1155 3617 1339 3678 calonibusque
1359 3609 1425 3658 saillis

355 3697 423 3746 'quse
442 3684 524 3744 magni
542 3697 594 3730 esse
613 3684 728 3728 momenti
743 3685 821 3744 primo
838 3689 887 3729 sta·
918 3681 1036 3734 sinceram
1050 3689 1073 3729 ee
1085 3684 1205 3744 integram
1216 3683 1297 3730 aciem
1308 3679 1425 3746 miscerent·

370 3753 414 3800 tim
442 3751 534 3796 intuitu
561 3745 736 3804 intelliguntur.
775 3749 886 3795 Retinen—
917 3747 1094 3797 Tantummodo
1125 3748 1267 3808 particulam
1299 3761 1343 3807 que
1372 3739 1424 3786 tilde

370 3831 424 3863 mut
440 3829 496 3876 ergo
507 3813 533 3877 a}
544 3829 590 3870 rea,
603 3813 658 3859 lieet
675 3814 814 3860 destitutum
831 3827 886 3859 auc·
919 3828 981 3870 mus,
1004 3828 1056 3872 quae
1080 3813 1209 3860 necessaria
1228 3818 1269 3860 est
1288 3812 1319 3858 ud
1340 3805 1427 3856 fulcim-

371 3880 688 3928 toritsteGronoriauorunt
706 3878 812 3924 codicum
829 3893 886 3936 nna·
919 3877 973 3924 dam
996 3878 1134 3926 orationem.
1163 3877 1314 3926 'Sinceritas
1336 3881 1358 3920 et
1378 3873 1428 3918 inte·

372 3951 523 4004 trorumque:
550 3952 575 3992 et
595 3957 678 3990 sensus
698 3945 792 3990 Liviani
809 3944 886 4004 potio·
918 3959 990 4004 gram
1010 3945 1085 3990 aciem
1102 3943 1207 4004 intellige
1226 3943 1305 3990 aciem
1322 3953 1368 3986 uon
1385 3947 1428 3996 per·

373 4024 423 4056 rem
440 4011 565 4066 rationem,
587 4023 657 4068 quam
677 4009 713 4055 vel
733 4009 887 4070 plurimorum
920 4010 1018 4072 mixtam
1040 4023 1069 4055 ex
1091 4010 1205 4055 raria‘rum
1230 4007 1344 4069 gentium
1365 3999 1429 4050 sollu·

373 4075 550 4134 exemplarium,
560 4075 693 4120 habeumus.
752 4125 755 4135 Ι
920 4074 999 4131 aione,
1013 4069 1056 4120 uec
1068 4071 1117 4121 ulla
1132 4075 1209 4120 adbuc
1220 4074 1302 4129 clade,
1315 4071 1364 4117 ullo
1373 4069 1429 4114 dam·

407 4146 439 4185 42
455 4140 505 4184 Alo
516 4139 598 4184 deirtde
609 4147 632 4184 et
643 4139 779 4186 umbonibus
788 4141 887 4199 panas·
920 4155 951 4186 no
963 4140 1113 4186 imminutam
1125 4147 1166 4187 aut
1174 4139 1335 4186 debilitatam.

373 4201 419 4266 lea]
438 4204 536 4250 Incusso
554 4206 640 4250 lacerto
656 4211 680 4250 et
697 4212 818 4252 scutorum
835 4219 886 4250 utn-
951 4212 983 4252 44
1000 4205 1115 4266 Receptai
1128 4239 1134 4253 .
1146 4238 1153 4250 .
1165 4219 1250 4252 conoe
1262 4195 1430 4258 Horarujas·

305 4287 310 4300 ·
373 4271 485 4319 bonibur.
518 4269 888 4316 sict.1x.c.4r.Umtmatus
920 4267 964 4332 sit]
995 4272 1072 4317 Jussit
1090 4271 1192 4332 receptui
1212 4283 1300 4315 canere
1324 4261 1429 4312 lactaria

372 4337 513 4397 incussaque
521 4336 560 4382 ala
571 4342 710 4380 eleuaretur
718 4335 800 4382 hostes.
820 4335 887 4382 Cete-
921 4336 943 4382 id
956 4341 991 4384 est
1001 4337 1030 4384 ad
1042 4337 1158 4386 Hastatos
1170 4334 1327 4384 revocandos.

372 4417 424 4450 tutu
443 4404 487 4450 hoc
507 4402 559 4448 loco
576 4400 658 4460 scripti
675 4401 762 4448 babent
780 4401 887 4456 umbone,
965 4463 967 4472 Ι
