<?xml version="1.0" encoding="UTF-8"?>
<!DOCTYPE html PUBLIC "-//W3C//DTD XHTML 1.0 Transitional//EN"
    "http://www.w3.org/TR/xhtml1/DTD/xhtml1-transitional.dtd">
<html xmlns="http://www.w3.org/1999/xhtml" xml:lang="en" lang="en">
 <head>
  <title>
</title>
<meta http-equiv="Content-Type" content="text/html;charset=utf-8" />
  <meta name='ocr-system' content='tesseract 3.04.00' />
  <meta name='ocr-capabilities' content='ocr_page ocr_carea ocr_par ocr_line ocrx_word'/>
</head>
<body>
  <div class='ocr_page' id='page_1' title='image "./tliviipatavinih00crevgoog/tliviipatavinih00crevgoog_0297.png"; bbox 0 0 3140 4972; ppageno 0'>
   <div class='ocr_carea' id='block_1_1' title="bbox 353 173 1158 252">
    <p class='ocr_par' dir='ltr' id='par_1_1' title="bbox 353 173 1158 252">
     <span class='ocr_line' id='line_1_1' title="bbox 353 173 1158 252; baseline -0.026 1"><span class='ocrx_word' id='word_1_1' title='bbox 353 186 412 252; x_wconf 75' lang='lat'><strong>29⁰</strong></span> <span class='ocrx_word' id='word_1_2' title='bbox 733 173 1109 240; x_wconf 72' lang='lat' dir='ltr'><strong>rtu·1u1ttl·&#39;&#39;.</strong></span> <span class='ocrx_word' id='word_1_3' title='bbox 1155 185 1158 196; x_wconf 93' lang='grc'><strong>’</strong></span> 
     </span>
    </p>
   </div>
   <div class='ocr_carea' id='block_1_2' title="bbox 194 337 1436 2935">
    <p class='ocr_par' dir='ltr' id='par_1_2' title="bbox 194 337 1436 774">
     <span class='ocr_line' id='line_1_2' title="bbox 194 337 1412 434; baseline -0.003 -20"><span class='ocrx_word' id='word_1_4' title='bbox 194 363 329 426; x_wconf 61' lang='lat' dir='ltr'><strong>uenatu</strong></span> <span class='ocrx_word' id='word_1_5' title='bbox 354 343 666 432; x_wconf 55' lang='lat' dir='ltr'><strong>fidenif&#39;aucepistet,</strong></span> <span class='ocrx_word' id='word_1_6' title='bbox 689 337 984 431; x_wconf 67' lang='lat' dir='ltr'><strong>composuissetque</strong></span> <span class='ocrx_word' id='word_1_7' title='bbox 1005 341 1146 434; x_wconf 69' lang='lat' dir='ltr'><strong>⁴agendae</strong></span> <span class='ocrx_word' id='word_1_8' title='bbox 1178 345 1225 409; x_wconf 84' lang='lat' dir='ltr'><strong>nsi</strong></span> <span class='ocrx_word' id='word_1_9' title='bbox 1244 341 1412 424; x_wconf 72' lang='lat' dir='ltr'><strong>ordinem,</strong></span> 
     </span>
     <span class='ocr_line' id='line_1_3' title="bbox 194 428 1423 516; baseline -0.001 -18"><span class='ocrx_word' id='word_1_10' title='bbox 194 429 342 479; x_wconf 52' lang='lat' dir='ltr'><strong>*timis</strong></span> <span class='ocrx_word' id='word_1_11' title='bbox 357 429 683 498; x_wconf 57' lang='lat' dir='ltr'><strong>hamelaincourt.</strong></span> <span class='ocrx_word' id='word_1_12' title='bbox 728 429 815 498; x_wconf 87' lang='lat' dir='ltr'><strong>Tum</strong></span> <span class='ocrx_word' id='word_1_13' title='bbox 832 428 985 508; x_wconf 85' lang='lat' dir='ltr'><strong>Mericua,</strong></span> <span class='ocrx_word' id='word_1_14' title='bbox 1001 431 1093 496; x_wconf 75' lang='lat' dir='ltr'><strong>ut&#39;ab</strong></span> <span class='ocrx_word' id='word_1_15' title='bbox 1105 429 1284 516; x_wconf 82' lang='lat' dir='ltr'><strong>suspicione</strong></span> <span class='ocrx_word' id='word_1_16' title='bbox 1305 431 1423 516; x_wconf 85' lang='lat' dir='ltr'><strong>prodi·¹</strong></span> 
     </span>
     <span class='ocr_line' id='line_1_4' title="bbox 356 511 1436 618; baseline 0.001 -36"><span class='ocrx_word' id='word_1_17' title='bbox 356 517 451 582; x_wconf 88' lang='lat' dir='ltr'><strong>tionis</strong></span> <span class='ocrx_word' id='word_1_18' title='bbox 465 527 619 582; x_wconf 76' lang='lat' dir='ltr'><strong>averteret</strong></span> <span class='ocrx_word' id='word_1_19' title='bbox 633 516 780 588; x_wconf 88' lang='lat' dir='ltr'><strong>omnium</strong></span> <span class='ocrx_word' id='word_1_20' title='bbox 799 516 936 602; x_wconf 72' lang='lat' dir='ltr'><strong>¹aninam,</strong></span> <span class='ocrx_word' id='word_1_21' title='bbox 951 513 1056 618; x_wconf 69' lang='lat' dir='ltr'><strong>nepal&#39;</strong></span> <span class='ocrx_word' id='word_1_22' title='bbox 1069 513 1130 582; x_wconf 82' lang='lat' dir='ltr'><strong>aidi</strong></span> <span class='ocrx_word' id='word_1_23' title='bbox 1148 517 1284 600; x_wconf 81' lang='lat' dir='ltr'><strong>placere,</strong></span> <span class='ocrx_word' id='word_1_24' title='bbox 1299 511 1416 604; x_wconf 69' lang='lat' dir='ltr'><strong>legitor</strong></span> <span class='ocrx_word' id='word_1_25' title='bbox 1431 527 1436 544; x_wconf 83' lang='grc'><em>·</em></span> 
     </span>
     <span class='ocr_line' id='line_1_5' title="bbox 356 601 1419 733; baseline 0 -65"><span class='ocrx_word' id='word_1_26' title='bbox 356 606 619 669; x_wconf 74' lang='lat' dir='ltr'><strong>commeareultro</strong></span> <span class='ocrx_word' id='word_1_27' title='bbox 630 604 775 688; x_wconf 83' lang='lat' dir='ltr'><strong>citroque,</strong></span> <span class='ocrx_word' id='word_1_28' title='bbox 791 621 886 688; x_wconf 79' lang='lat' dir='ltr'><strong>arque</strong></span> <span class='ocrx_word' id='word_1_29' title='bbox 902 604 1111 686; x_wconf 74' lang='lat' dir='ltr'><strong>recipiendum·</strong></span> <span class='ocrx_word' id='word_1_30' title='bbox 1121 601 1305 733; x_wconf 72' lang='lat' dir='ltr'><strong>qitmrqpen,</strong></span> <span class='ocrx_word' id='word_1_31' title='bbox 1321 623 1419 690; x_wconf 84' lang='lat' dir='ltr'><strong>neque</strong></span> 
     </span>
     <span class='ocr_line' id='line_1_6' title="bbox 357 691 1415 774; baseline 0.001 -20"><span class='ocrx_word' id='word_1_32' title='bbox 357 691 555 756; x_wconf 77' lang='lat' dir='ltr'><strong>mittendum:</strong></span> <span class='ocrx_word' id='word_1_33' title='bbox 577 691 617 765; x_wconf 48' lang='grc' dir='ltr'><strong>σιξ</strong></span> <span class='ocrx_word' id='word_1_34' title='bbox 633 711 691 774; x_wconf 85' lang='lat' dir='ltr'><strong>quo</strong></span> <span class='ocrx_word' id='word_1_35' title='bbox 706 691 853 754; x_wconf 71' lang='lat' dir='ltr'><em>intentius</em></span> <span class='ocrx_word' id='word_1_36' title='bbox 865 691 1009 754; x_wconf 72' lang='lat' dir='ltr'><strong>muodiae</strong></span> <span class='ocrx_word' id='word_1_37' title='bbox 1026 699 1192 768; x_wconf 69' lang='lat' dir='ltr'><strong>minentur,</strong></span> <span class='ocrx_word' id='word_1_38' title='bbox 1310 691 1313 696; x_wconf 83' lang='lat'>&#39;</span> <span class='ocrx_word' id='word_1_39' title='bbox 1392 713 1415 755; x_wconf 83' lang='lat' dir='ltr'><strong>a</strong></span> 
     </span>
    </p>

    <p class='ocr_par' dir='ltr' id='par_1_3' title="bbox 357 771 1417 864">
     <span class='ocr_line' id='line_1_7' title="bbox 357 771 1417 864; baseline -0.001 -23"><span class='ocrx_word' id='word_1_40' title='bbox 357 779 425 841; x_wconf 83' lang='lat' dir='ltr'><strong>loce</strong></span> <span class='ocrx_word' id='word_1_41' title='bbox 447 777 615 862; x_wconf 80' lang='lat' dir='ltr'><strong>diuidenda</strong></span> <span class='ocrx_word' id='word_1_42' title='bbox 630 777 923 864; x_wconf 65' lang='lat' dir='ltr'><strong>praefestinarent</strong></span> <span class='ocrx_word' id='word_1_43' title='bbox 933 795 998 840; x_wconf 78' lang='lat' dir='ltr'><strong>sura</strong></span> <span class='ocrx_word' id='word_1_44' title='bbox 1011 771 1258 861; x_wconf 66' lang='lat' dir='ltr'><strong>quinquepartia</strong></span> <span class='ocrx_word' id='word_1_45' title='bbox 1276 779 1417 842; x_wconf 68' lang='lat' dir='ltr'><strong>munde</strong></span> 
     </span>
    </p>

    <p class='ocr_par' dir='ltr' id='par_1_4' title="bbox 194 859 1424 1468">
     <span class='ocr_line' id='line_1_8' title="bbox 194 859 1416 948; baseline -0.003 -18"><span class='ocrx_word' id='word_1_46' title='bbox 194 881 335 930; x_wconf 73' lang='lat' dir='ltr'><strong>nundina</strong></span> <span class='ocrx_word' id='word_1_47' title='bbox 357 859 458 927; x_wconf 74' lang='lat' dir='ltr'><strong>¹&#39;’rertr</strong></span> <span class='ocrx_word' id='word_1_48' title='bbox 479 864 532 928; x_wconf 86' lang='lat' dir='ltr'><strong>rit.</strong></span> <span class='ocrx_word' id='word_1_49' title='bbox 581 859 702 926; x_wconf 81' lang='lat' dir='ltr'>Omnes</span> <span class='ocrx_word' id='word_1_50' title='bbox 723 861 848 926; x_wconf 84' lang='lat' dir='ltr'><strong>adsensi</strong></span> <span class='ocrx_word' id='word_1_51' title='bbox 871 875 945 926; x_wconf 91' lang='lat' dir='ltr'><strong>sunt</strong></span> <span class='ocrx_word' id='word_1_52' title='bbox 969 862 1110 947; x_wconf 81' lang='lat' dir='ltr'><strong>partibus</strong></span> <span class='ocrx_word' id='word_1_53' title='bbox 1134 861 1332 926; x_wconf 80' lang='lat' dir='ltr'><strong>dividundisr</strong></span> <span class='ocrx_word' id='word_1_54' title='bbox 1356 861 1416 948; x_wconf 88' lang='lat' dir='ltr'><strong>ipsi</strong></span> 
     </span>
     <span class='ocr_line' id='line_1_9' title="bbox 195 945 1415 1037; baseline 0.004 -29"><span class='ocrx_word' id='word_1_55' title='bbox 195 947 305 1024; x_wconf 68' lang='lat' dir='ltr'><strong>penum</strong></span> <span class='ocrx_word' id='word_1_56' title='bbox 359 947 576 1037; x_wconf 80' lang='lat' dir='ltr'><strong>regioevenit</strong></span> <span class='ocrx_word' id='word_1_57' title='bbox 598 946 674 1013; x_wconf 81' lang='lat' dir='ltr'><strong>⁷⁸ab</strong></span> <span class='ocrx_word' id='word_1_58' title='bbox 697 945 859 1012; x_wconf 81' lang='lat' dir='ltr'><strong>Arethusa</strong></span> <span class='ocrx_word' id='word_1_59' title='bbox 880 947 967 1035; x_wconf 84' lang='lat' dir='ltr'><strong>iente</strong></span> <span class='ocrx_word' id='word_1_60' title='bbox 987 969 1086 1034; x_wconf 88' lang='lat' dir='ltr'><strong>usque</strong></span> <span class='ocrx_word' id='word_1_61' title='bbox 1106 947 1148 1012; x_wconf 89' lang='lat' dir='ltr'><strong>ad</strong></span> <span class='ocrx_word' id='word_1_62' title='bbox 1170 949 1285 1014; x_wconf 89' lang='lat' dir='ltr'><strong>ostium</strong></span> <span class='ocrx_word' id='word_1_63' title='bbox 1306 949 1415 1036; x_wconf 81' lang='lat' dir='ltr'><strong>magni</strong></span> 
     </span>
     <span class='ocr_line' id='line_1_10' title="bbox 195 1011 1423 1123; baseline 0 -23"><span class='ocrx_word' id='word_1_64' title='bbox 195 1011 479 1123; x_wconf 44' lang='lat' dir='ltr'><strong>mammas.</strong></span> <span class='ocrx_word' id='word_1_65' title='bbox 504 1033 537 1099; x_wconf 90' lang='lat' dir='ltr'><strong>id</strong></span> <span class='ocrx_word' id='word_1_66' title='bbox 551 1047 588 1099; x_wconf 91' lang='lat' dir='ltr'><strong>ut</strong></span> <span class='ocrx_word' id='word_1_67' title='bbox 601 1034 717 1106; x_wconf 85' lang='lat' dir='ltr'><strong>seirent</strong></span> <span class='ocrx_word' id='word_1_68' title='bbox 733 1034 881 1111; x_wconf 86' lang='lat' dir='ltr'><strong>Romani,</strong></span> <span class='ocrx_word' id='word_1_69' title='bbox 896 1031 979 1100; x_wconf 84' lang='lat' dir='ltr'><strong>fecit.</strong></span> <span class='ocrx_word' id='word_1_70' title='bbox 1016 1033 1129 1120; x_wconf 88' lang='lat' dir='ltr'><strong>Itaque</strong></span> <span class='ocrx_word' id='word_1_71' title='bbox 1143 1033 1317 1100; x_wconf 83' lang='lat' dir='ltr'><strong>Marcellus</strong></span> <span class='ocrx_word' id='word_1_72' title='bbox 1338 1056 1423 1100; x_wconf 91' lang='lat' dir='ltr'><strong>noo-·</strong></span> 
     </span>
     <span class='ocr_line' id='line_1_11' title="bbox 194 1120 1417 1209; baseline 0.001 -23"><span class='ocrx_word' id='word_1_73' title='bbox 194 1151 265 1200; x_wconf 73' lang='lat' dir='ltr'><strong>peno</strong></span> <span class='ocrx_word' id='word_1_74' title='bbox 359 1134 391 1188; x_wconf 88' lang='lat' dir='ltr'><strong>te</strong></span> <span class='ocrx_word' id='word_1_75' title='bbox 404 1120 551 1187; x_wconf 77' lang='lat' dir='ltr'><strong>⁷⁴navam</strong></span> <span class='ocrx_word' id='word_1_76' title='bbox 566 1121 741 1194; x_wconf 85' lang='lat' dir='ltr'><strong>onerariam</strong></span> <span class='ocrx_word' id='word_1_77' title='bbox 754 1141 825 1184; x_wconf 88' lang='lat' dir='ltr'><strong>cum</strong></span> <span class='ocrx_word' id='word_1_78' title='bbox 837 1121 966 1186; x_wconf 87' lang='lat' dir='ltr'><strong>armatis</strong></span> <span class='ocrx_word' id='word_1_79' title='bbox 981 1121 1122 1186; x_wconf 84' lang='lat' dir='ltr'><strong>remulco</strong></span> <span class='ocrx_word' id='word_1_80' title='bbox 1132 1121 1339 1209; x_wconf 78' lang='lat' dir='ltr'>quadriremis</span> <span class='ocrx_word' id='word_1_81' title='bbox 1350 1139 1417 1188; x_wconf 84' lang='lat' dir='ltr'><strong>tra·</strong></span> 
     </span>
     <span class='ocr_line' id='line_1_12' title="bbox 204 1205 1424 1296; baseline 0 -24"><span class='ocrx_word' id='word_1_82' title='bbox 204 1223 208 1229; x_wconf 85' lang='grc'><em>·</em></span> <span class='ocrx_word' id='word_1_83' title='bbox 359 1207 394 1273; x_wconf 83' lang='grc' dir='ltr'><strong>1ιί</strong></span> <span class='ocrx_word' id='word_1_84' title='bbox 409 1209 451 1274; x_wconf 84' lang='lat' dir='ltr'><strong>ad</strong></span> <span class='ocrx_word' id='word_1_85' title='bbox 467 1205 682 1274; x_wconf 78' lang='lat' dir='ltr'><strong>Achradinam</strong></span> <span class='ocrx_word' id='word_1_86' title='bbox 701 1207 806 1293; x_wconf 87' lang='lat' dir='ltr'><strong>jussit,</strong></span> <span class='ocrx_word' id='word_1_87' title='bbox 821 1205 1053 1293; x_wconf 79' lang='lat' dir='ltr'><strong>⁷⁵eaponique¹</strong></span> <span class='ocrx_word' id='word_1_88' title='bbox 1068 1207 1181 1272; x_wconf 76' lang='lat' dir='ltr'><strong>milites</strong></span> <span class='ocrx_word' id='word_1_89' title='bbox 1195 1206 1326 1296; x_wconf 82' lang='lat' dir='ltr'>regione</span> <span class='ocrx_word' id='word_1_90' title='bbox 1341 1229 1424 1292; x_wconf 87' lang='lat' dir='ltr'><strong>por-·</strong></span> 
     </span>
     <span class='ocr_line' id='line_1_13' title="bbox 239 1290 1424 1396; baseline -0.001 -36"><span class='ocrx_word' id='word_1_91' title='bbox 239 1355 242 1365; x_wconf 90' lang='grc'>,</span> <span class='ocrx_word' id='word_1_92' title='bbox 284 1291 287 1312; x_wconf 80' lang='lat'><em>&#39;</em></span> <span class='ocrx_word' id='word_1_93' title='bbox 358 1307 412 1372; x_wconf 66' lang='grc' dir='ltr'><strong>ιω,</strong></span> <span class='ocrx_word' id='word_1_94' title='bbox 428 1315 501 1396; x_wconf 82' lang='lat' dir='ltr'><strong>quae</strong></span> <span class='ocrx_word' id='word_1_95' title='bbox 523 1313 624 1378; x_wconf 80' lang='lat' dir='ltr'><strong>prope</strong></span> <span class='ocrx_word' id='word_1_96' title='bbox 640 1290 758 1358; x_wconf 84' lang='lat' dir='ltr'><strong>fontem</strong></span> <span class='ocrx_word' id='word_1_97' title='bbox 773 1292 963 1358; x_wconf 78' lang='lat' dir='ltr'><strong>Arethusam</strong></span> <span class='ocrx_word' id='word_1_98' title='bbox 979 1306 1036 1358; x_wconf 87' lang='lat' dir='ltr'><strong>est.</strong></span> <span class='ocrx_word' id='word_1_99' title='bbox 1081 1293 1159 1358; x_wconf 91' lang='lat' dir='ltr'><strong>Hoc</strong></span> <span class='ocrx_word' id='word_1_100' title='bbox 1181 1315 1279 1380; x_wconf 91' lang='lat' dir='ltr'><strong>quum</strong></span> <span class='ocrx_word' id='word_1_101' title='bbox 1302 1291 1424 1381; x_wconf 72' lang='lat' dir='ltr'><strong>quarta</strong></span> 
     </span>
     <span class='ocr_line' id='line_1_14' title="bbox 357 1377 1416 1468; baseline 0.001 -24"><span class='ocrx_word' id='word_1_102' title='bbox 357 1380 464 1468; x_wconf 82' lang='lat' dir='ltr'><strong>vigilre</strong></span> <span class='ocrx_word' id='word_1_103' title='bbox 485 1377 604 1444; x_wconf 84' lang='lat' dir='ltr'><strong>factum</strong></span> <span class='ocrx_word' id='word_1_104' title='bbox 629 1391 719 1454; x_wconf 89' lang='lat' dir='ltr'><strong>esset,</strong></span> <span class='ocrx_word' id='word_1_105' title='bbox 740 1379 960 1466; x_wconf 85' lang='lat' dir='ltr'><strong>expositosque</strong></span> <span class='ocrx_word' id='word_1_106' title='bbox 981 1379 1094 1454; x_wconf 79' lang='lat' dir='ltr'>milites</span> <span class='ocrx_word' id='word_1_107' title='bbox 1110 1391 1220 1466; x_wconf 86' lang='lat' dir='ltr'><strong>porta,</strong></span> <span class='ocrx_word' id='word_1_108' title='bbox 1243 1391 1279 1445; x_wconf 89' lang='lat' dir='ltr'><strong>ut</strong></span> <span class='ocrx_word' id='word_1_109' title='bbox 1301 1401 1416 1446; x_wconf 82' lang='lat' dir='ltr'><strong>conve·</strong></span> 
     </span>
    </p>

    <p class='ocr_par' dir='ltr' id='par_1_5' title="bbox 358 1463 1416 1566">
     <span class='ocr_line' id='line_1_15' title="bbox 358 1463 1416 1566; baseline -0.001 -33"><span class='ocrx_word' id='word_1_110' title='bbox 358 1479 459 1544; x_wconf 82' lang='lat' dir='ltr'><strong>norat,</strong></span> <span class='ocrx_word' id='word_1_111' title='bbox 483 1467 650 1566; x_wconf 85' lang='lat' dir='ltr'><strong>recepisset</strong></span> <span class='ocrx_word' id='word_1_112' title='bbox 674 1465 832 1541; x_wconf 89' lang='lat' dir='ltr'><strong>Mericus;</strong></span> <span class='ocrx_word' id='word_1_113' title='bbox 856 1467 925 1530; x_wconf 89' lang='lat' dir='ltr'><strong>lnce</strong></span> <span class='ocrx_word' id='word_1_114' title='bbox 947 1467 1051 1552; x_wconf 86' lang='lat' dir='ltr'><strong>prima</strong></span> <span class='ocrx_word' id='word_1_115' title='bbox 1074 1463 1416 1548; x_wconf 86' lang='lat' dir='ltr'><strong>Marcellusomnibtis</strong></span> 
     </span>
    </p>

    <p class='ocr_par' dir='ltr' id='par_1_6' title="bbox 357 1551 1415 1640">
     <span class='ocr_line' id='line_1_16' title="bbox 357 1551 1415 1640; baseline -0.002 -23"><span class='ocrx_word' id='word_1_116' title='bbox 357 1553 456 1638; x_wconf 91' lang='lat' dir='ltr'><strong>copiis</strong></span> <span class='ocrx_word' id='word_1_117' title='bbox 470 1573 587 1616; x_wconf 85' lang='lat' dir='ltr'><strong>moenra</strong></span> <span class='ocrx_word' id='word_1_118' title='bbox 605 1552 798 1617; x_wconf 75' lang='lat' dir='ltr'>Achradinae</span> <span class='ocrx_word' id='word_1_119' title='bbox 813 1551 1011 1640; x_wconf 80' lang='lat' dir='ltr'><strong>adgreditur:</strong></span> <span class='ocrx_word' id='word_1_120' title='bbox 1035 1551 1079 1617; x_wconf 89' lang='lat' dir='ltr'><strong>ita</strong></span> <span class='ocrx_word' id='word_1_121' title='bbox 1101 1565 1136 1618; x_wconf 83' lang='lat' dir='ltr'><strong>ut</strong></span> <span class='ocrx_word' id='word_1_122' title='bbox 1152 1573 1217 1617; x_wconf 91' lang='lat' dir='ltr'><strong>non</strong></span> <span class='ocrx_word' id='word_1_123' title='bbox 1232 1575 1287 1618; x_wconf 86' lang='lat' dir='ltr'><strong>eoa</strong></span> <span class='ocrx_word' id='word_1_124' title='bbox 1300 1551 1415 1632; x_wconf 85' lang='lat' dir='ltr'><strong>solum,</strong></span> 
     </span>
    </p>

    <p class='ocr_par' dir='ltr' id='par_1_7' title="bbox 357 1637 1416 1725">
     <span class='ocr_line' id='line_1_17' title="bbox 357 1637 1416 1725; baseline -0.002 -21"><span class='ocrx_word' id='word_1_125' title='bbox 357 1641 411 1725; x_wconf 91' lang='lat' dir='ltr'><strong>qui</strong></span> <span class='ocrx_word' id='word_1_126' title='bbox 437 1637 650 1704; x_wconf 81' lang='lat' dir='ltr'><strong>Achradinam</strong></span> <span class='ocrx_word' id='word_1_127' title='bbox 673 1637 833 1719; x_wconf 88' lang='lat' dir='ltr'><strong>tenebant,</strong></span> <span class='ocrx_word' id='word_1_128' title='bbox 854 1641 887 1702; x_wconf 90' lang='lat' dir='ltr'><strong>in</strong></span> <span class='ocrx_word' id='word_1_129' title='bbox 909 1661 944 1702; x_wconf 90' lang='lat' dir='ltr'><strong>se</strong></span> <span class='ocrx_word' id='word_1_130' title='bbox 965 1651 1171 1715; x_wconf 86' lang='lat' dir='ltr'><strong>converteret,</strong></span> <span class='ocrx_word' id='word_1_131' title='bbox 1187 1637 1242 1704; x_wconf 89' lang='lat' dir='ltr'><strong>sed</strong></span> <span class='ocrx_word' id='word_1_132' title='bbox 1263 1641 1302 1704; x_wconf 89' lang='lat' dir='ltr'><strong>ab</strong></span> <span class='ocrx_word' id='word_1_133' title='bbox 1325 1639 1416 1702; x_wconf 85' lang='lat' dir='ltr'><strong>Naso</strong></span> 
     </span>
    </p>

    <p class='ocr_par' dir='ltr' id='par_1_8' title="bbox 356 1723 1416 1814">
     <span class='ocr_line' id='line_1_18' title="bbox 356 1723 1416 1814; baseline 0 -24"><span class='ocrx_word' id='word_1_134' title='bbox 356 1725 452 1790; x_wconf 86' lang='lat' dir='ltr'><strong>etiam</strong></span> <span class='ocrx_word' id='word_1_135' title='bbox 480 1726 607 1814; x_wconf 84' lang='lat' dir='ltr'><strong>agmina</strong></span> <span class='ocrx_word' id='word_1_136' title='bbox 629 1738 821 1790; x_wconf 88' lang='lat' dir='ltr'><strong>armatorum</strong></span> <span class='ocrx_word' id='word_1_137' title='bbox 844 1737 1078 1800; x_wconf 84' lang='lat' dir='ltr'><strong>concurrerent,</strong></span> <span class='ocrx_word' id='word_1_138' title='bbox 1090 1725 1211 1790; x_wconf 86' lang='lat' dir='ltr'><strong>relictis</strong></span> <span class='ocrx_word' id='word_1_139' title='bbox 1228 1723 1416 1792; x_wconf 85' lang='lat' dir='ltr'><strong>stationibus</strong></span> 
     </span>
    </p>

    <p class='ocr_par' dir='ltr' id='par_1_9' title="bbox 356 1811 1416 1897">
     <span class='ocr_line' id='line_1_19' title="bbox 356 1811 1416 1897; baseline 0 -19"><span class='ocrx_word' id='word_1_140' title='bbox 356 1813 430 1890; x_wconf 83' lang='lat' dir='ltr'><strong>auis,</strong></span> <span class='ocrx_word' id='word_1_141' title='bbox 445 1813 485 1876; x_wconf 84' lang='lat' dir='ltr'><strong>atl</strong></span> <span class='ocrx_word' id='word_1_142' title='bbox 503 1812 566 1875; x_wconf 84' lang='lat' dir='ltr'><strong>vim</strong></span> <span class='ocrx_word' id='word_1_143' title='bbox 589 1824 621 1876; x_wconf 88' lang='lat' dir='ltr'><strong>et</strong></span> <span class='ocrx_word' id='word_1_144' title='bbox 642 1811 793 1897; x_wconf 89' lang='lat' dir='ltr'><strong>inpetum·</strong></span> <span class='ocrx_word' id='word_1_145' title='bbox 814 1811 1033 1876; x_wconf 86' lang='lat' dir='ltr'><strong>Romanorum</strong></span> <span class='ocrx_word' id='word_1_146' title='bbox 1060 1813 1242 1884; x_wconf 77' lang='lat' dir='ltr'><strong>amendam.</strong></span> <span class='ocrx_word' id='word_1_147' title='bbox 1287 1811 1327 1876; x_wconf 92' lang='lat' dir='ltr'><strong>In</strong></span> <span class='ocrx_word' id='word_1_148' title='bbox 1352 1811 1416 1878; x_wconf 85' lang='lat' dir='ltr'><strong>hoc</strong></span> 
     </span>
    </p>

    <p class='ocr_par' dir='ltr' id='par_1_10' title="bbox 356 1897 1416 1984">
     <span class='ocr_line' id='line_1_20' title="bbox 356 1897 1416 1984; baseline -0.002 -20"><span class='ocrx_word' id='word_1_149' title='bbox 356 1897 494 1964; x_wconf 87' lang='lat' dir='ltr'><strong>tumultu</strong></span> <span class='ocrx_word' id='word_1_150' title='bbox 518 1899 667 1966; x_wconf 80' lang='lat' dir='ltr'><strong>actuariae</strong></span> <span class='ocrx_word' id='word_1_151' title='bbox 689 1919 794 1976; x_wconf 84' lang='lat' dir='ltr'><strong>naves,</strong></span> <span class='ocrx_word' id='word_1_152' title='bbox 813 1898 976 1966; x_wconf 71' lang='lat' dir='ltr'><strong>instructa</strong></span> <span class='ocrx_word' id='word_1_153' title='bbox 997 1899 1064 1984; x_wconf 87' lang='lat' dir='ltr'><strong>jam</strong></span> <span class='ocrx_word' id='word_1_154' title='bbox 1086 1903 1159 1962; x_wconf 86' lang='lat' dir='ltr'><strong>onte</strong></span> <span class='ocrx_word' id='word_1_155' title='bbox 1180 1897 1416 1963; x_wconf 56' lang='lat' dir='ltr'><strong>manumvectaess</strong></span> 
     </span>
    </p>

    <p class='ocr_par' dir='ltr' id='par_1_11' title="bbox 356 1983 1424 2158">
     <span class='ocr_line' id='line_1_21' title="bbox 356 1983 1424 2072; baseline 0.001 -23"><span class='ocrx_word' id='word_1_156' title='bbox 356 1985 484 2070; x_wconf 78' lang='lat' dir='ltr'><strong>que,·ad</strong></span> <span class='ocrx_word' id='word_1_157' title='bbox 500 1985 622 2050; x_wconf 85' lang='lat' dir='ltr'><strong>Nasum</strong></span> <span class='ocrx_word' id='word_1_158' title='bbox 645 1996 779 2050; x_wconf 88' lang='lat' dir='ltr'><strong>armatos</strong></span> <span class='ocrx_word' id='word_1_159' title='bbox 794 1997 969 2069; x_wconf 84' lang='lat' dir='ltr'><strong>exponunt,</strong></span> <span class='ocrx_word' id='word_1_160' title='bbox 984 1985 1049 2072; x_wconf 89' lang='lat' dir='ltr'><strong>qui,</strong></span> <span class='ocrx_word' id='word_1_161' title='bbox 1065 1983 1227 2068; x_wconf 84' lang='lat' dir='ltr'><strong>inproviso</strong></span> <span class='ocrx_word' id='word_1_162' title='bbox 1247 1985 1351 2050; x_wconf 86' lang='lat' dir='ltr'><strong>adorti</strong></span> <span class='ocrx_word' id='word_1_163' title='bbox 1366 2007 1424 2050; x_wconf 72' lang='lat' dir='ltr'><strong>sea-³</strong></span> 
     </span>
     <span class='ocr_line' id='line_1_22' title="bbox 356 2069 1415 2158; baseline -0.001 -23"><span class='ocrx_word' id='word_1_164' title='bbox 356 2071 510 2158; x_wconf 88' lang='lat' dir='ltr'><strong>miplenas</strong></span> <span class='ocrx_word' id='word_1_165' title='bbox 533 2071 686 2136; x_wconf 81' lang='lat' dir='ltr'><strong>stationes</strong></span> <span class='ocrx_word' id='word_1_166' title='bbox 714 2083 747 2135; x_wconf 89' lang='lat' dir='ltr'><strong>et</strong></span> <span class='ocrx_word' id='word_1_167' title='bbox 774 2069 940 2156; x_wconf 84' lang='lat' dir='ltr'><strong>adapertas</strong></span> <span class='ocrx_word' id='word_1_168' title='bbox 967 2069 1051 2134; x_wconf 83' lang='lat' dir='ltr'><strong>iores</strong></span> <span class='ocrx_word' id='word_1_169' title='bbox 1077 2073 1190 2156; x_wconf 87' lang='lat' dir='ltr'><strong>portae,</strong></span> <span class='ocrx_word' id='word_1_170' title='bbox 1237 2093 1278 2135; x_wconf 87' lang='lat' dir='ltr'><strong>ua</strong></span> <span class='ocrx_word' id='word_1_171' title='bbox 1306 2070 1415 2157; x_wconf 89' lang='lat' dir='ltr'><strong>paullo</strong></span> 
     </span>
    </p>

    <p class='ocr_par' dir='ltr' id='par_1_12' title="bbox 355 2156 1416 2242">
     <span class='ocr_line' id='line_1_23' title="bbox 355 2156 1416 2242; baseline -0.001 -19"><span class='ocrx_word' id='word_1_172' title='bbox 355 2171 430 2223; x_wconf 84' lang='lat' dir='ltr'><strong>ante</strong></span> <span class='ocrx_word' id='word_1_173' title='bbox 446 2171 657 2223; x_wconf 81' lang='lat' dir='ltr'><strong>excurrerant</strong></span> <span class='ocrx_word' id='word_1_174' title='bbox 671 2156 794 2233; x_wconf 90' lang='lat' dir='ltr'><strong>armati,</strong></span> <span class='ocrx_word' id='word_1_175' title='bbox 811 2157 896 2222; x_wconf 86' lang='lat' dir='ltr'><strong>baud</strong></span> <span class='ocrx_word' id='word_1_176' title='bbox 910 2177 1026 2242; x_wconf 85' lang='lat' dir='ltr'><strong>magno</strong></span> <span class='ocrx_word' id='word_1_177' title='bbox 1041 2157 1229 2238; x_wconf 51' lang='lat' dir='ltr'><strong>certamine]</strong></span> <span class='ocrx_word' id='word_1_178' title='bbox 1259 2177 1349 2222; x_wconf 84' lang='lat' dir='ltr'><strong>asum</strong></span> <span class='ocrx_word' id='word_1_179' title='bbox 1365 2179 1416 2222; x_wconf 91' lang='lat' dir='ltr'><strong>ce·</strong></span> 
     </span>
    </p>

    <p class='ocr_par' dir='ltr' id='par_1_13' title="bbox 355 2243 1415 2330">
     <span class='ocr_line' id='line_1_24' title="bbox 355 2243 1415 2330; baseline -0.001 -21"><span class='ocrx_word' id='word_1_180' title='bbox 355 2265 442 2330; x_wconf 87' lang='lat' dir='ltr'><strong>pere,</strong></span> <span class='ocrx_word' id='word_1_181' title='bbox 457 2244 613 2309; x_wconf 82' lang='lat' dir='ltr'><strong>desertam</strong></span> <span class='ocrx_word' id='word_1_182' title='bbox 637 2243 848 2330; x_wconf 83' lang='lat' dir='ltr'><strong>trepidatione</strong></span> <span class='ocrx_word' id='word_1_183' title='bbox 869 2256 901 2308; x_wconf 90' lang='lat' dir='ltr'><strong>et</strong></span> <span class='ocrx_word' id='word_1_184' title='bbox 922 2243 995 2329; x_wconf 83' lang='lat' dir='ltr'><strong>luga</strong></span> <span class='ocrx_word' id='word_1_185' title='bbox 1017 2243 1196 2308; x_wconf 88' lang='lat' dir='ltr'><strong>custodum.</strong></span> <span class='ocrx_word' id='word_1_186' title='bbox 1219 2264 1324 2330; x_wconf 90' lang='lat' dir='ltr'><strong>neque</strong></span> <span class='ocrx_word' id='word_1_187' title='bbox 1341 2243 1415 2308; x_wconf 85' lang='lat' dir='ltr'><strong>ullis</strong></span> 
     </span>
    </p>

    <p class='ocr_par' dir='ltr' id='par_1_14' title="bbox 354 2329 1414 2418">
     <span class='ocr_line' id='line_1_25' title="bbox 354 2329 1414 2418; baseline -0.002 -23"><span class='ocrx_word' id='word_1_188' title='bbox 354 2332 461 2396; x_wconf 86' lang='lat' dir='ltr'><strong>minus</strong></span> <span class='ocrx_word' id='word_1_189' title='bbox 482 2329 621 2416; x_wconf 87' lang='lat' dir='ltr'><strong>praesidii</strong></span> <span class='ocrx_word' id='word_1_190' title='bbox 644 2347 699 2394; x_wconf 90' lang='lat' dir='ltr'><strong>aut</strong></span> <span class='ocrx_word' id='word_1_191' title='bbox 720 2329 902 2416; x_wconf 80' lang='lat' dir='ltr'><strong>pertinaeiae</strong></span> <span class='ocrx_word' id='word_1_192' title='bbox 916 2329 957 2394; x_wconf 91' lang='lat' dir='ltr'><strong>ad</strong></span> <span class='ocrx_word' id='word_1_193' title='bbox 971 2329 1174 2407; x_wconf 90' lang='lat' dir='ltr'><strong>manendum,</strong></span> <span class='ocrx_word' id='word_1_194' title='bbox 1191 2350 1286 2418; x_wconf 87' lang='lat' dir='ltr'><strong>quam</strong></span> <span class='ocrx_word' id='word_1_195' title='bbox 1308 2329 1414 2395; x_wconf 81' lang='lat' dir='ltr'><strong>trami-</strong></span> 
     </span>
    </p>

    <p class='ocr_par' dir='ltr' id='par_1_15' title="bbox 354 2415 1424 2590">
     <span class='ocr_line' id='line_1_26' title="bbox 354 2415 1424 2504; baseline 0.001 -23"><span class='ocrx_word' id='word_1_196' title='bbox 354 2415 449 2504; x_wconf 76' lang='lat' dir='ltr'><strong>ingh,</strong></span> <span class='ocrx_word' id='word_1_197' title='bbox 464 2416 541 2482; x_wconf 85' lang='lat' dir='ltr'><strong>fuit:</strong></span> <span class='ocrx_word' id='word_1_198' title='bbox 588 2417 649 2494; x_wconf 86' lang='lat' dir='ltr'><strong>uia,</strong></span> <span class='ocrx_word' id='word_1_199' title='bbox 666 2437 706 2480; x_wconf 90' lang='lat' dir='ltr'><strong>ne</strong></span> <span class='ocrx_word' id='word_1_200' title='bbox 729 2418 792 2480; x_wconf 86' lang='lat' dir='ltr'><strong>suis</strong></span> <span class='ocrx_word' id='word_1_201' title='bbox 813 2415 941 2502; x_wconf 89' lang='lat' dir='ltr'><strong>quidem</strong></span> <span class='ocrx_word' id='word_1_202' title='bbox 963 2416 1036 2482; x_wconf 87' lang='lat' dir='ltr'><strong>satia</strong></span> <span class='ocrx_word' id='word_1_203' title='bbox 1057 2415 1220 2482; x_wconf 87' lang='lat' dir='ltr'><strong>credentes</strong></span> <span class='ocrx_word' id='word_1_204' title='bbox 1241 2439 1283 2494; x_wconf 86' lang='lat' dir='ltr'><strong>se,</strong></span> <span class='ocrx_word' id='word_1_205' title='bbox 1307 2415 1424 2482; x_wconf 83' lang='lat' dir='ltr'><strong>medio·</strong></span> 
     </span>
     <span class='ocr_line' id='line_1_27' title="bbox 354 2501 1414 2590; baseline 0.001 -23"><span class='ocrx_word' id='word_1_206' title='bbox 354 2504 528 2568; x_wconf 84' lang='lat' dir='ltr'><strong>certamine</strong></span> <span class='ocrx_word' id='word_1_207' title='bbox 550 2525 568 2568; x_wconf 89' lang='lat' dir='ltr'><strong>e</strong></span> <span class='ocrx_word' id='word_1_208' title='bbox 614 2515 738 2590; x_wconf 85' lang='lat' dir='ltr'><strong>gerunt.</strong></span> <span class='ocrx_word' id='word_1_209' title='bbox 783 2501 957 2578; x_wconf 81' lang='lat' dir='ltr'><strong>Marcellus</strong></span> <span class='ocrx_word' id='word_1_210' title='bbox 985 2514 1020 2568; x_wconf 86' lang='lat' dir='ltr'><strong>ut</strong></span> <span class='ocrx_word' id='word_1_211' title='bbox 1044 2515 1170 2588; x_wconf 90' lang='lat' dir='ltr'><strong>captam</strong></span> <span class='ocrx_word' id='word_1_212' title='bbox 1196 2525 1262 2568; x_wconf 84' lang='lat' dir='ltr'><strong>essa</strong></span> <span class='ocrx_word' id='word_1_213' title='bbox 1287 2501 1414 2568; x_wconf 87' lang='lat' dir='ltr'><strong>Nasum</strong></span> 
     </span>
    </p>

    <p class='ocr_par' dir='ltr' id='par_1_16' title="bbox 354 2587 1422 2678">
     <span class='ocr_line' id='line_1_28' title="bbox 354 2587 1422 2678; baseline 0 -24"><span class='ocrx_word' id='word_1_214' title='bbox 354 2588 476 2666; x_wconf 69' lang='lat' dir='ltr'><strong>didicit,</strong></span> <span class='ocrx_word' id='word_1_215' title='bbox 491 2601 523 2654; x_wconf 84' lang='lat' dir='ltr'><strong>et</strong></span> <span class='ocrx_word' id='word_1_216' title='bbox 539 2588 732 2654; x_wconf 87' lang='lat' dir='ltr'><strong>Achradinae</strong></span> <span class='ocrx_word' id='word_1_217' title='bbox 756 2591 915 2678; x_wconf 86' lang='lat' dir='ltr'><strong>regionem</strong></span> <span class='ocrx_word' id='word_1_218' title='bbox 940 2609 1037 2653; x_wconf 91' lang='lat' dir='ltr'><strong>unam</strong></span> <span class='ocrx_word' id='word_1_219' title='bbox 1061 2589 1172 2668; x_wconf 87' lang='lat' dir='ltr'><strong>teneri,</strong></span> <span class='ocrx_word' id='word_1_220' title='bbox 1188 2587 1422 2676; x_wconf 68' lang='lat' dir='ltr'><strong>Merinumque‘</strong></span> 
     </span>
    </p>

    <p class='ocr_par' dir='ltr' id='par_1_17' title="bbox 353 2673 1424 2764">
     <span class='ocr_line' id='line_1_29' title="bbox 353 2673 1424 2764; baseline 0 -24"><span class='ocrx_word' id='word_1_221' title='bbox 353 2695 426 2740; x_wconf 87' lang='lat' dir='ltr'><strong>cnm</strong></span> <span class='ocrx_word' id='word_1_222' title='bbox 450 2673 601 2760; x_wconf 82' lang='lat' dir='ltr'><strong>praesidio</strong></span> <span class='ocrx_word' id='word_1_223' title='bbox 623 2677 686 2739; x_wconf 87' lang='lat' dir='ltr'><strong>anis</strong></span> <span class='ocrx_word' id='word_1_224' title='bbox 708 2673 903 2761; x_wconf 85' lang='lat' dir='ltr'><strong>adjunctum,</strong></span> <span class='ocrx_word' id='word_1_225' title='bbox 931 2675 1071 2762; x_wconf 84' lang='lat' dir='ltr'><strong>receptui</strong></span> <span class='ocrx_word' id='word_1_226' title='bbox 1097 2675 1227 2740; x_wconf 78' lang='lat' dir='ltr'><strong>cecinitr</strong></span> <span class='ocrx_word' id='word_1_227' title='bbox 1249 2696 1290 2740; x_wconf 90' lang='lat' dir='ltr'><strong>ne</strong></span> <span class='ocrx_word' id='word_1_228' title='bbox 1315 2673 1424 2764; x_wconf 71' lang='lat' dir='ltr'><strong>regia·</strong></span> 
     </span>
    </p>

    <p class='ocr_par' dir='ltr' id='par_1_18' title="bbox 354 2759 1415 2935">
     <span class='ocr_line' id='line_1_30' title="bbox 354 2759 1335 2848; baseline 0 -22"><span class='ocrx_word' id='word_1_229' title='bbox 354 2783 440 2847; x_wconf 89' lang='lat' dir='ltr'><strong>opes,</strong></span> <span class='ocrx_word' id='word_1_230' title='bbox 456 2782 589 2848; x_wconf 85' lang='lat' dir='ltr'><strong>quarum</strong></span> <span class='ocrx_word' id='word_1_231' title='bbox 605 2759 690 2826; x_wconf 78' lang='lat' dir='ltr'><strong>sama</strong></span> <span class='ocrx_word' id='word_1_232' title='bbox 706 2763 816 2848; x_wconf 85' lang='lat' dir='ltr'><strong>major,</strong></span> <span class='ocrx_word' id='word_1_233' title='bbox 832 2783 928 2848; x_wconf 87' lang='lat' dir='ltr'><strong>quom</strong></span> <span class='ocrx_word' id='word_1_234' title='bbox 943 2785 1002 2840; x_wconf 85' lang='lat' dir='ltr'><strong>res,</strong></span> <span class='ocrx_word' id='word_1_235' title='bbox 1019 2775 1098 2843; x_wconf 88' lang='lat' dir='ltr'><strong>erat,</strong></span> <span class='ocrx_word' id='word_1_236' title='bbox 1111 2761 1335 2848; x_wconf 86' lang='lat' dir='ltr'><strong>diriperentur.</strong></span> 
     </span>
     <span class='ocr_line' id='line_1_31' title="bbox 399 2845 1415 2935; baseline 0 -23"><span class='ocrx_word' id='word_1_237' title='bbox 399 2846 538 2914; x_wconf 73' lang='lat' dir='ltr'><strong>xxxl.</strong></span> <span class='ocrx_word' id='word_1_238' title='bbox 559 2849 735 2934; x_wconf 86' lang='lat' dir='ltr'><strong>Subpresso</strong></span> <span class='ocrx_word' id='word_1_239' title='bbox 756 2849 865 2933; x_wconf 89' lang='lat' dir='ltr'><strong>inpetu</strong></span> <span class='ocrx_word' id='word_1_240' title='bbox 891 2848 1037 2927; x_wconf 89' lang='lat' dir='ltr'><strong>militum,</strong></span> <span class='ocrx_word' id='word_1_241' title='bbox 1053 2848 1147 2926; x_wconf 75' lang='lat' dir='ltr'><strong>etilo,</strong></span> <span class='ocrx_word' id='word_1_242' title='bbox 1163 2851 1218 2935; x_wconf 89' lang='lat' dir='ltr'><strong>qui</strong></span> <span class='ocrx_word' id='word_1_243' title='bbox 1240 2849 1272 2912; x_wconf 92' lang='lat' dir='ltr'><strong>in</strong></span> <span class='ocrx_word' id='word_1_244' title='bbox 1285 2845 1415 2912; x_wconf 78' lang='lat' dir='ltr'><strong>Achra-</strong></span> 
     </span>
    </p>
   </div>
   <div class='ocr_carea' id='block_1_3' title="bbox 758 2993 1005 3076">
    <p class='ocr_par' dir='ltr' id='par_1_19' title="bbox 758 2993 1005 3076">
     <span class='ocr_line' id='line_1_32' title="bbox 758 2993 1005 3076; baseline 0 -26"><span class='ocrx_word' id='word_1_245' title='bbox 758 2993 768 3032; x_wconf 80' lang='lat'>¹</span> <span class='ocrx_word' id='word_1_246' title='bbox 783 3003 920 3076; x_wconf 74' lang='lat' dir='ltr'><strong>reponitque</strong></span> <span class='ocrx_word' id='word_1_247' title='bbox 931 3004 1005 3050; x_wconf 87' lang='lat' dir='ltr'><strong>Gron.</strong></span> 
     </span>
    </p>
   </div>
   <div class='ocr_carea' id='block_1_4' title="bbox 261 3135 1548 4425">
    <p class='ocr_par' dir='ltr' id='par_1_20' title="bbox 261 3135 1548 4425">
     <span class='ocr_line' id='line_1_33' title="bbox 385 3135 1413 3202; baseline -0.002 -16"><span class='ocrx_word' id='word_1_248' title='bbox 385 3137 415 3186; x_wconf 78' lang='lat' dir='ltr'><strong>&#39;il</strong></span> <span class='ocrx_word' id='word_1_249' title='bbox 444 3136 581 3200; x_wconf 71' lang='lat' dir='ltr'><strong>Opporlm</strong></span> <span class='ocrx_word' id='word_1_250' title='bbox 613 3135 673 3200; x_wconf 70' lang='lat' dir='ltr'><strong>bon]</strong></span> <span class='ocrx_word' id='word_1_251' title='bbox 705 3139 866 3187; x_wconf 79' lang='lat' dir='ltr'><strong>consentiunt</strong></span> <span class='ocrx_word' id='word_1_252' title='bbox 897 3139 921 3186; x_wconf 82' lang='lat'><strong>8.</strong></span> <span class='ocrx_word' id='word_1_253' title='bbox 944 3145 1060 3202; x_wconf 80' lang='lat' dir='ltr'><strong>tanquam</strong></span> <span class='ocrx_word' id='word_1_254' title='bbox 1079 3152 1166 3201; x_wconf 81' lang='lat' dir='ltr'><strong>parum</strong></span> <span class='ocrx_word' id='word_1_255' title='bbox 1186 3142 1338 3187; x_wconf 80' lang='lat' dir='ltr'><strong>constantem</strong></span> <span class='ocrx_word' id='word_1_256' title='bbox 1358 3139 1413 3186; x_wconf 86' lang='lat' dir='ltr'><strong>aibi.</strong></span> 
     </span>
     <span class='ocr_line' id='line_1_34' title="bbox 352 3195 1495 3266; baseline -0.002 -14"><span class='ocrx_word' id='word_1_257' title='bbox 352 3203 394 3252; x_wconf 84' lang='lat' dir='ltr'><strong>ble</strong></span> <span class='ocrx_word' id='word_1_258' title='bbox 414 3213 510 3264; x_wconf 81' lang='lat' dir='ltr'><strong>quoque·</strong></span> <span class='ocrx_word' id='word_1_259' title='bbox 531 3203 615 3264; x_wconf 83' lang='lat' dir='ltr'><strong>reripti</strong></span> <span class='ocrx_word' id='word_1_260' title='bbox 636 3202 662 3249; x_wconf 87' lang='lat' dir='ltr'><strong>in</strong></span> <span class='ocrx_word' id='word_1_261' title='bbox 682 3195 817 3250; x_wconf 81' lang='lat' dir='ltr'><strong>omittendo</strong></span> <span class='ocrx_word' id='word_1_262' title='bbox 835 3203 867 3264; x_wconf 69' lang='grc' dir='ltr'><strong>τᾷ</strong></span> <span class='ocrx_word' id='word_1_263' title='bbox 899 3205 946 3252; x_wconf 84' lang='lat' dir='ltr'><strong>Sed</strong></span> <span class='ocrx_word' id='word_1_264' title='bbox 965 3217 1085 3261; x_wconf 76' lang='lat' dir='ltr'><strong>remman,</strong></span> <span class='ocrx_word' id='word_1_265' title='bbox 1106 3217 1136 3251; x_wconf 85' lang='lat' dir='ltr'><strong>na</strong></span> <span class='ocrx_word' id='word_1_266' title='bbox 1155 3201 1254 3266; x_wconf 77' lang='lat' dir='ltr'><strong>majoris</strong></span> <span class='ocrx_word' id='word_1_267' title='bbox 1272 3203 1352 3263; x_wconf 70' lang='lat' dir='ltr'><strong>culpe</strong></span> <span class='ocrx_word' id='word_1_268' title='bbox 1372 3203 1415 3250; x_wconf 82' lang='lat' dir='ltr'><strong>ille</strong></span> <span class='ocrx_word' id='word_1_269' title='bbox 1493 3215 1495 3222; x_wconf 92' lang='lat'>·</span> 
     </span>
     <span class='ocr_line' id='line_1_35' title="bbox 285 3265 1413 3330; baseline -0.002 -14"><span class='ocrx_word' id='word_1_270' title='bbox 285 3291 286 3298; x_wconf 64' lang='lat'><strong>.</strong></span> <span class='ocrx_word' id='word_1_271' title='bbox 351 3267 409 3316; x_wconf 83' lang='lat' dir='ltr'><strong>locu.</strong></span> <span class='ocrx_word' id='word_1_272' title='bbox 440 3265 538 3316; x_wconf 76' lang='lat' dir='ltr'><strong>iudicet</strong></span> <span class='ocrx_word' id='word_1_273' title='bbox 555 3269 628 3316; x_wconf 84' lang='lat' dir='ltr'><strong>lector</strong></span> <span class='ocrx_word' id='word_1_274' title='bbox 644 3273 728 3315; x_wconf 88' lang='lat' dir='ltr'><strong>utrum</strong></span> <span class='ocrx_word' id='word_1_275' title='bbox 738 3271 866 3326; x_wconf 80' lang='lat' dir='ltr'><strong>opportuna</strong></span> <span class='ocrx_word' id='word_1_276' title='bbox 898 3266 1339 3330; x_wconf 78' lang='lat' dir='ltr'><strong>bocloeoreusagipoasit‚ettotam</strong></span> <span class='ocrx_word' id='word_1_277' title='bbox 1348 3267 1413 3314; x_wconf 86' lang='lat' dir='ltr'><strong>hanc</strong></span> 
     </span>
     <span class='ocr_line' id='line_1_36' title="bbox 351 3331 1415 3394; baseline -0.006 -12"><span class='ocrx_word' id='word_1_278' title='bbox 351 3332 462 3382; x_wconf 69' lang='lat' dir='ltr'><strong>denum</strong></span> <span class='ocrx_word' id='word_1_279' title='bbox 475 3332 624 3392; x_wconf 69' lang='lat' dir='ltr'><strong>meracam.</strong></span> <span class='ocrx_word' id='word_1_280' title='bbox 658 3331 865 3380; x_wconf 83' lang='lat' dir='ltr'><strong>Nobiaiddun&#39;ua</strong></span> <span class='ocrx_word' id='word_1_281' title='bbox 897 3335 927 3382; x_wconf 88' lang='lat' dir='ltr'><strong>de</strong></span> <span class='ocrx_word' id='word_1_282' title='bbox 943 3333 1029 3380; x_wconf 79' lang='lat' dir='ltr'><strong>Marici</strong></span> <span class='ocrx_word' id='word_1_283' title='bbox 1040 3333 1350 3394; x_wconf 73' lang='lat' dir='ltr'><strong>proditionanarrationem</strong></span> <span class='ocrx_word' id='word_1_284' title='bbox 1362 3331 1415 3387; x_wconf 70' lang='lat' dir='ltr'><strong>ral-</strong></span> 
     </span>
     <span class='ocr_line' id='line_1_37' title="bbox 341 3395 1413 3449; baseline -0.005 -2"><span class='ocrx_word' id='word_1_285' title='bbox 341 3404 431 3447; x_wconf 67' lang='lat' dir='ltr'><strong>‚annua</strong></span> <span class='ocrx_word' id='word_1_286' title='bbox 896 3399 1078 3448; x_wconf 82' lang='lat' dir='ltr'><strong>deturbaverit.</strong></span> <span class='ocrx_word' id='word_1_287' title='bbox 1111 3397 1249 3449; x_wconf 79' lang='lat' dir='ltr'><strong>letalibus</strong></span> <span class='ocrx_word' id='word_1_288' title='bbox 1269 3395 1327 3444; x_wconf 83' lang='lat' dir='ltr'><strong>locis</strong></span> <span class='ocrx_word' id='word_1_289' title='bbox 1345 3396 1413 3442; x_wconf 90' lang='lat' dir='ltr'><strong>mul·</strong></span> 
     </span>
     <span class='ocr_line' id='line_1_38' title="bbox 346 3453 1414 3525; baseline -0.004 -15"><span class='ocrx_word' id='word_1_290' title='bbox 346 3453 352 3474; x_wconf 83' lang='grc'><strong>’</strong></span> <span class='ocrx_word' id='word_1_291' title='bbox 384 3459 519 3525; x_wconf 65' lang='lat' dir='ltr'><strong>emon]</strong></span> <span class='ocrx_word' id='word_1_292' title='bbox 537 3459 602 3508; x_wconf 79' lang='lat' dir='ltr'><strong>liras</strong></span> <span class='ocrx_word' id='word_1_293' title='bbox 618 3461 664 3508; x_wconf 87' lang='lat' dir='ltr'><strong>hoe</strong></span> <span class='ocrx_word' id='word_1_294' title='bbox 683 3461 735 3508; x_wconf 89' lang='lat' dir='ltr'><strong>loco</strong></span> <span class='ocrx_word' id='word_1_295' title='bbox 746 3461 817 3508; x_wconf 87' lang='lat' dir='ltr'><strong>debet</strong></span> <span class='ocrx_word' id='word_1_296' title='bbox 827 3461 864 3507; x_wconf 84' lang='lat' dir='ltr'><strong>in·</strong></span> <span class='ocrx_word' id='word_1_297' title='bbox 883 3469 951 3522; x_wconf 21' lang='lat' dir='ltr'><strong>*tum</strong></span> <span class='ocrx_word' id='word_1_298' title='bbox 962 3463 1030 3508; x_wconf 82' lang='lat' dir='ltr'><strong>nobis</strong></span> <span class='ocrx_word' id='word_1_299' title='bbox 1048 3474 1109 3523; x_wconf 89' lang='lat' dir='ltr'><strong>opus</strong></span> <span class='ocrx_word' id='word_1_300' title='bbox 1127 3467 1191 3510; x_wconf 83' lang='lat' dir='ltr'><strong>esset</strong></span> <span class='ocrx_word' id='word_1_301' title='bbox 1207 3459 1307 3522; x_wconf 83' lang='lat' dir='ltr'><strong>Polybio</strong></span> <span class='ocrx_word' id='word_1_302' title='bbox 1318 3453 1414 3507; x_wconf 78' lang='lat' dir='ltr'><strong>inomn-</strong></span> 
     </span>
     <span class='ocr_line' id='line_1_39' title="bbox 351 3523 1414 3588; baseline -0.003 -15"><span class='ocrx_word' id='word_1_303' title='bbox 351 3526 429 3588; x_wconf 74' lang='lat' dir='ltr'><strong>telllgl</strong></span> <span class='ocrx_word' id='word_1_304' title='bbox 447 3525 594 3588; x_wconf 74' lang='lat' dir='ltr'><strong>reapomblc.</strong></span> <span class='ocrx_word' id='word_1_305' title='bbox 628 3526 682 3572; x_wconf 88' lang='lat' dir='ltr'><strong>Vid.</strong></span> <span class='ocrx_word' id='word_1_306' title='bbox 702 3531 752 3573; x_wconf 70' lang='lat' dir='ltr'><strong>nob</strong></span> <span class='ocrx_word' id='word_1_307' title='bbox 772 3523 812 3572; x_wconf 80' lang='lat'><strong>32.</strong></span> <span class='ocrx_word' id='word_1_308' title='bbox 832 3525 864 3574; x_wconf 79' lang='lat' dir='ltr'><strong>ed</strong></span> <span class='ocrx_word' id='word_1_309' title='bbox 896 3528 939 3575; x_wconf 89' lang='lat' dir='ltr'><strong>mi.</strong></span> <span class='ocrx_word' id='word_1_310' title='bbox 973 3527 1011 3573; x_wconf 84' lang='lat' dir='ltr'><strong>lta</strong></span> <span class='ocrx_word' id='word_1_311' title='bbox 1027 3523 1119 3573; x_wconf 71' lang='lat' dir='ltr'><strong>sentire*</strong></span> <span class='ocrx_word' id='word_1_312' title='bbox 1134 3540 1179 3573; x_wconf 88' lang='lat' dir='ltr'><strong>nos</strong></span> <span class='ocrx_word' id='word_1_313' title='bbox 1197 3539 1246 3572; x_wconf 92' lang='lat' dir='ltr'><strong>non</strong></span> <span class='ocrx_word' id='word_1_314' title='bbox 1265 3537 1414 3586; x_wconf 74' lang='lat' dir='ltr'><strong>magnopere</strong></span> 
     </span>
     <span class='ocr_line' id='line_1_40' title="bbox 336 3587 1413 3652; baseline -0.003 -13"><span class='ocrx_word' id='word_1_315' title='bbox 336 3587 401 3640; x_wconf 85' lang='lat' dir='ltr'><strong>·1X.</strong></span> <span class='ocrx_word' id='word_1_316' title='bbox 412 3591 436 3639; x_wconf 82' lang='grc'><strong>9.</strong></span> <span class='ocrx_word' id='word_1_317' title='bbox 505 3615 508 3621; x_wconf 95' lang='lat'>·</span> <span class='ocrx_word' id='word_1_318' title='bbox 698 3591 700 3598; x_wconf 92' lang='lat'>&#39;</span> <span class='ocrx_word' id='word_1_319' title='bbox 853 3613 856 3620; x_wconf 95' lang='lat'>·</span> <span class='ocrx_word' id='word_1_320' title='bbox 895 3591 1032 3645; x_wconf 85' lang='lat' dir='ltr'><strong>mirabitur,</strong></span> <span class='ocrx_word' id='word_1_321' title='bbox 1055 3591 1097 3652; x_wconf 84' lang='lat' dir='ltr'><strong>qui</strong></span> <span class='ocrx_word' id='word_1_322' title='bbox 1123 3591 1208 3652; x_wconf 78' lang='lat' dir='ltr'><strong>legerit</strong></span> <span class='ocrx_word' id='word_1_323' title='bbox 1230 3591 1299 3639; x_wconf 76' lang='lat' dir='ltr'><strong>Pras.</strong></span> <span class='ocrx_word' id='word_1_324' title='bbox 1321 3595 1413 3636; x_wconf 75' lang='lat' dir='ltr'><strong>noatroe</strong></span> 
     </span>
     <span class='ocr_line' id='line_1_41' title="bbox 384 3653 1113 3716; baseline -0.004 -12"><span class='ocrx_word' id='word_1_325' title='bbox 384 3655 416 3704; x_wconf 83' lang='lat' dir='ltr'><strong>ts</strong></span> <span class='ocrx_word' id='word_1_326' title='bbox 431 3653 469 3704; x_wconf 84' lang='lat' dir='ltr'><strong>Ab</strong></span> <span class='ocrx_word' id='word_1_327' title='bbox 478 3654 597 3703; x_wconf 71' lang='lat' dir='ltr'><strong>Arethusa</strong></span> <span class='ocrx_word' id='word_1_328' title='bbox 608 3653 677 3716; x_wconf 81' lang='lat' dir='ltr'><strong>sonte</strong></span> <span class='ocrx_word' id='word_1_329' title='bbox 696 3667 765 3714; x_wconf 72' lang='lat' dir='ltr'><strong>mque</strong></span> <span class='ocrx_word' id='word_1_330' title='bbox 781 3653 812 3700; x_wconf 84' lang='lat' dir='ltr'><strong>ad</strong></span> <span class='ocrx_word' id='word_1_331' title='bbox 828 3667 866 3701; x_wconf 83' lang='lat' dir='ltr'><strong>or·</strong></span> <span class='ocrx_word' id='word_1_332' title='bbox 896 3669 920 3715; x_wconf 87' lang='lat' dir='ltr'><strong>p.</strong></span> <span class='ocrx_word' id='word_1_333' title='bbox 934 3657 999 3702; x_wconf 81' lang='lat' dir='ltr'><strong>xxiv.</strong></span> <span class='ocrx_word' id='word_1_334' title='bbox 1012 3661 1037 3700; x_wconf 85' lang='lat' dir='ltr'><strong>et</strong></span> <span class='ocrx_word' id='word_1_335' title='bbox 1047 3669 1113 3716; x_wconf 88' lang='lat' dir='ltr'><strong>seqq.</strong></span> 
     </span>
     <span class='ocr_line' id='line_1_42' title="bbox 350 3717 1413 3782; baseline 0 -16"><span class='ocrx_word' id='word_1_336' title='bbox 350 3720 412 3766; x_wconf 77' lang='lat' dir='ltr'><strong>tiam</strong></span> <span class='ocrx_word' id='word_1_337' title='bbox 429 3722 513 3780; x_wconf 69' lang='lat' dir='ltr'><strong>magnai</strong></span> <span class='ocrx_word' id='word_1_338' title='bbox 526 3717 621 3782; x_wconf 79' lang='lat' dir='ltr'><strong>pertus]</strong></span> <span class='ocrx_word' id='word_1_339' title='bbox 640 3719 794 3766; x_wconf 83' lang='lat' dir='ltr'><strong>Hievidetnr</strong></span> <span class='ocrx_word' id='word_1_340' title='bbox 810 3721 865 3766; x_wconf 89' lang='lat' dir='ltr'><strong>dor-</strong></span> <span class='ocrx_word' id='word_1_341' title='bbox 929 3720 962 3766; x_wconf 74' lang='lat' dir='ltr'><strong>lb</strong></span> <span class='ocrx_word' id='word_1_342' title='bbox 986 3719 1080 3766; x_wconf 82' lang='lat' dir='ltr'><strong>Nouim</strong></span> <span class='ocrx_word' id='word_1_343' title='bbox 1108 3721 1239 3767; x_wconf 71' lang='lat' dir='ltr'><strong>marmium</strong></span> <span class='ocrx_word' id='word_1_344' title='bbox 1258 3749 1265 3764; x_wconf 86' lang='lat'><strong>·</strong></span> <span class='ocrx_word' id='word_1_345' title='bbox 1282 3750 1290 3766; x_wconf 90' lang='lat'><strong>.</strong></span> <span class='ocrx_word' id='word_1_346' title='bbox 1310 3719 1413 3768; x_wconf 73' lang='lat' dir='ltr'><strong>ranulce</strong></span> 
     </span>
     <span class='ocr_line' id='line_1_43' title="bbox 351 3783 1412 3847; baseline 0 -17"><span class='ocrx_word' id='word_1_347' title='bbox 351 3785 451 3831; x_wconf 80' lang='lat' dir='ltr'><strong>mirasse</strong></span> <span class='ocrx_word' id='word_1_348' title='bbox 458 3785 550 3832; x_wconf 81' lang='lat' dir='ltr'><strong>Livius.</strong></span> <span class='ocrx_word' id='word_1_349' title='bbox 567 3784 865 3838; x_wconf 76' lang='lat' dir='ltr'><strong>Arethusaenimfonani-</strong></span> <span class='ocrx_word' id='word_1_350' title='bbox 896 3783 1052 3845; x_wconf 75' lang='lat' dir='ltr'><strong>quadriremis</strong></span> <span class='ocrx_word' id='word_1_351' title='bbox 1067 3783 1141 3847; x_wconf 78' lang='lat' dir='ltr'><strong>trabi]</strong></span> <span class='ocrx_word' id='word_1_352' title='bbox 1160 3785 1235 3832; x_wconf 82' lang='lat' dir='ltr'><strong>Recta</strong></span> <span class='ocrx_word' id='word_1_353' title='bbox 1246 3786 1357 3832; x_wconf 78' lang='lat' dir='ltr'><strong>observat</strong></span> <span class='ocrx_word' id='word_1_354' title='bbox 1373 3783 1412 3831; x_wconf 80' lang='lat' dir='ltr'><strong>Si-</strong></span> 
     </span>
     <span class='ocr_line' id='line_1_44' title="bbox 281 3847 1413 3910; baseline 0.002 -16"><span class='ocrx_word' id='word_1_355' title='bbox 281 3863 283 3870; x_wconf 76' lang='grc'><strong>’</strong></span> <span class='ocrx_word' id='word_1_356' title='bbox 350 3847 596 3898; x_wconf 79' lang='lat' dir='ltr'><strong>nuadnehrauinam</strong></span> <span class='ocrx_word' id='word_1_357' title='bbox 607 3849 733 3910; x_wconf 89' lang='lat' dir='ltr'><strong>pertinuit,</strong></span> <span class='ocrx_word' id='word_1_358' title='bbox 742 3850 784 3895; x_wconf 86' lang='lat' dir='ltr'><strong>aed</strong></span> <span class='ocrx_word' id='word_1_359' title='bbox 794 3855 830 3894; x_wconf 85' lang='lat' dir='ltr'><strong>eat</strong></span> <span class='ocrx_word' id='word_1_360' title='bbox 838 3849 864 3896; x_wconf 87' lang='lat' dir='ltr'><strong>in</strong></span> <span class='ocrx_word' id='word_1_361' title='bbox 896 3849 1113 3910; x_wconf 77' lang='lat' dir='ltr'><strong>goniuaonerarias</strong></span> <span class='ocrx_word' id='word_1_362' title='bbox 1125 3850 1183 3895; x_wconf 85' lang='lat' dir='ltr'><strong>velis</strong></span> <span class='ocrx_word' id='word_1_363' title='bbox 1202 3849 1250 3910; x_wconf 80' lang='lat' dir='ltr'><strong>agi,</strong></span> <span class='ocrx_word' id='word_1_364' title='bbox 1262 3849 1413 3908; x_wconf 67' lang='lat' dir='ltr'><strong>noneemio,</strong></span> 
     </span>
     <span class='ocr_line' id='line_1_45' title="bbox 350 3911 1548 3973; baseline -0.002 -13"><span class='ocrx_word' id='word_1_365' title='bbox 350 3918 460 3960; x_wconf 73' lang='lat' dir='ltr'><strong>extmma</strong></span> <span class='ocrx_word' id='word_1_366' title='bbox 471 3912 564 3968; x_wconf 79' lang='lat' dir='ltr'><strong>Insula.</strong></span> <span class='ocrx_word' id='word_1_367' title='bbox 575 3920 635 3960; x_wconf 84' lang='lat' dir='ltr'><strong>teate</strong></span> <span class='ocrx_word' id='word_1_368' title='bbox 653 3911 776 3972; x_wconf 84' lang='lat' dir='ltr'><strong>Cicerone,</strong></span> <span class='ocrx_word' id='word_1_369' title='bbox 788 3913 804 3958; x_wconf 92' lang='lat' dir='ltr'><strong>l.</strong></span> <span class='ocrx_word' id='word_1_370' title='bbox 817 3912 863 3959; x_wconf 87' lang='lat' dir='ltr'><strong>1v.</strong></span> <span class='ocrx_word' id='word_1_371' title='bbox 896 3915 986 3960; x_wconf 84' lang='lat' dir='ltr'><strong>solitas.</strong></span> <span class='ocrx_word' id='word_1_372' title='bbox 1021 3913 1117 3973; x_wconf 84' lang='lat' dir='ltr'><strong>ltaque,</strong></span> <span class='ocrx_word' id='word_1_373' title='bbox 1137 3915 1179 3960; x_wconf 93' lang='lat' dir='ltr'><strong>ubi</strong></span> <span class='ocrx_word' id='word_1_374' title='bbox 1196 3914 1264 3960; x_wconf 87' lang='lat' dir='ltr'><strong>venti</strong></span> <span class='ocrx_word' id='word_1_375' title='bbox 1282 3925 1341 3960; x_wconf 78' lang='lat' dir='ltr'><strong>anua</strong></span> <span class='ocrx_word' id='word_1_376' title='bbox 1360 3925 1412 3959; x_wconf 91' lang='lat' dir='ltr'><strong>non</strong></span> <span class='ocrx_word' id='word_1_377' title='bbox 1547 3951 1548 3968; x_wconf 61' lang='grc'>,</span> 
     </span>
     <span class='ocr_line' id='line_1_46' title="bbox 350 3969 1548 4040; baseline 0.001 -17"><span class='ocrx_word' id='word_1_378' title='bbox 350 3975 455 4023; x_wconf 76' lang='lat' dir='ltr'><strong>inverr.</strong></span> <span class='ocrx_word' id='word_1_379' title='bbox 468 3991 492 4022; x_wconf 92' lang='lat' dir='ltr'><strong>n.</strong></span> <span class='ocrx_word' id='word_1_380' title='bbox 505 3975 559 4026; x_wconf 77' lang='lat'><strong>118.</strong></span> <span class='ocrx_word' id='word_1_381' title='bbox 576 3983 600 4024; x_wconf 86' lang='lat' dir='ltr'><strong>et</strong></span> <span class='ocrx_word' id='word_1_382' title='bbox 618 3978 743 4034; x_wconf 84' lang='lat' dir='ltr'><strong>Strabone,</strong></span> <span class='ocrx_word' id='word_1_383' title='bbox 755 3979 771 4023; x_wconf 91' lang='lat' dir='ltr'><strong>l.</strong></span> <span class='ocrx_word' id='word_1_384' title='bbox 783 3977 827 4024; x_wconf 84' lang='lat' dir='ltr'><strong>VI.</strong></span> <span class='ocrx_word' id='word_1_385' title='bbox 839 3991 863 4039; x_wconf 86' lang='lat' dir='ltr'><strong>p.</strong></span> <span class='ocrx_word' id='word_1_386' title='bbox 895 3977 1073 4038; x_wconf 66' lang='lat' dir='ltr'><strong>erauauigetoe</strong></span> <span class='ocrx_word' id='word_1_387' title='bbox 1083 3979 1115 4024; x_wconf 83' lang='lat' dir='ltr'><strong>ed</strong></span> <span class='ocrx_word' id='word_1_388' title='bbox 1131 3991 1271 4038; x_wconf 82' lang='lat' dir='ltr'><strong>navesquaa</strong></span> <span class='ocrx_word' id='word_1_389' title='bbox 1281 3983 1414 4040; x_wconf 73' lang='lat' dir='ltr'><strong>agerentur</strong></span> <span class='ocrx_word' id='word_1_390' title='bbox 1547 3969 1548 4040; x_wconf 77' lang='lat' dir='ltr'><strong>l</strong></span> 
     </span>
     <span class='ocr_line' id='line_1_47' title="bbox 350 4039 1314 4102; baseline 0 -14"><span class='ocrx_word' id='word_1_391' title='bbox 350 4039 533 4102; x_wconf 66' lang='lat' dir='ltr'><strong>imatvirgil.</strong></span> <span class='ocrx_word' id='word_1_392' title='bbox 542 4043 597 4090; x_wconf 75' lang='lat' dir='ltr'><strong>rlin.</strong></span> <span class='ocrx_word' id='word_1_393' title='bbox 607 4043 623 4089; x_wconf 89' lang='lat' dir='ltr'><strong>l.</strong></span> <span class='ocrx_word' id='word_1_394' title='bbox 637 4042 685 4088; x_wconf 89' lang='lat'><strong>111.</strong></span> <span class='ocrx_word' id='word_1_395' title='bbox 694 4043 794 4090; x_wconf 87' lang='lat' dir='ltr'><strong>etmille</strong></span> <span class='ocrx_word' id='word_1_396' title='bbox 802 4042 863 4092; x_wconf 85' lang='lat' dir='ltr'><strong>aliia.</strong></span> <span class='ocrx_word' id='word_1_397' title='bbox 895 4045 978 4096; x_wconf 82' lang='lat' dir='ltr'><strong>remia,</strong></span> <span class='ocrx_word' id='word_1_398' title='bbox 989 4044 1020 4089; x_wconf 85' lang='lat' dir='ltr'><strong>ab</strong></span> <span class='ocrx_word' id='word_1_399' title='bbox 1030 4042 1060 4088; x_wconf 81' lang='lat' dir='ltr'><strong>iis</strong></span> <span class='ocrx_word' id='word_1_400' title='bbox 1070 4043 1236 4091; x_wconf 81' lang='lat' dir='ltr'><strong>trahebantur.</strong></span> <span class='ocrx_word' id='word_1_401' title='bbox 1309 4063 1314 4073; x_wconf 85' lang='lat'><strong>·</strong></span> 
     </span>
     <span class='ocr_line' id='line_1_48' title="bbox 348 4103 1414 4170; baseline 0.002 -18"><span class='ocrx_word' id='word_1_402' title='bbox 348 4103 447 4152; x_wconf 77' lang='lat' dir='ltr'><strong>Btrero</strong></span> <span class='ocrx_word' id='word_1_403' title='bbox 456 4105 862 4154; x_wconf 82' lang='lat' dir='ltr'><strong>MericuadiciturinirabXXVl.</strong></span> <span class='ocrx_word' id='word_1_404' title='bbox 929 4107 961 4154; x_wconf 78' lang='lat' dir='ltr'><strong>ta</strong></span> <span class='ocrx_word' id='word_1_405' title='bbox 987 4106 1125 4166; x_wconf 63' lang='lat' dir='ltr'><strong>&amp;aponum</strong></span> <span class='ocrx_word' id='word_1_406' title='bbox 1150 4105 1248 4170; x_wconf 74' lang='lat' dir='ltr'><strong>miilm]</strong></span> <span class='ocrx_word' id='word_1_407' title='bbox 1283 4107 1414 4154; x_wconf 70' lang='lat' dir='ltr'><strong>fintenus</strong></span> 
     </span>
     <span class='ocr_line' id='line_1_49' title="bbox 348 4167 1413 4234; baseline -0.002 -16"><span class='ocrx_word' id='word_1_408' title='bbox 348 4183 371 4218; x_wconf 84' lang='lat' dir='ltr'><strong>c.</strong></span> <span class='ocrx_word' id='word_1_409' title='bbox 383 4169 421 4217; x_wconf 79' lang='lat'><strong>21.</strong></span> <span class='ocrx_word' id='word_1_410' title='bbox 434 4185 482 4218; x_wconf 92' lang='lat' dir='ltr'><strong>non</strong></span> <span class='ocrx_word' id='word_1_411' title='bbox 498 4167 672 4230; x_wconf 82' lang='lat' dir='ltr'><strong>Achradinam,</strong></span> <span class='ocrx_word' id='word_1_412' title='bbox 683 4172 806 4232; x_wconf 84' lang='lat' dir='ltr'><strong>quamodo</strong></span> <span class='ocrx_word' id='word_1_413' title='bbox 823 4172 863 4219; x_wconf 82' lang='lat' dir='ltr'><strong>hic</strong></span> <span class='ocrx_word' id='word_1_414' title='bbox 895 4172 954 4218; x_wconf 85' lang='lat' dir='ltr'><strong>editi</strong></span> <span class='ocrx_word' id='word_1_415' title='bbox 976 4171 1137 4233; x_wconf 69' lang='lat' dir='ltr'><strong>preferebant</strong></span> <span class='ocrx_word' id='word_1_416' title='bbox 1160 4173 1312 4234; x_wconf 68' lang='lat' dir='ltr'><strong>aperiemus</strong></span> <span class='ocrx_word' id='word_1_417' title='bbox 1337 4171 1413 4216; x_wconf 84' lang='lat' dir='ltr'><strong>male.</strong></span> 
     </span>
     <span class='ocr_line' id='line_1_50' title="bbox 261 4233 1413 4296; baseline -0.002 -14"><span class='ocrx_word' id='word_1_418' title='bbox 261 4271 262 4274; x_wconf 66' lang='lat'>,</span> <span class='ocrx_word' id='word_1_419' title='bbox 348 4242 469 4294; x_wconf 79' lang='lat' dir='ltr'><strong>narratur,</strong></span> <span class='ocrx_word' id='word_1_420' title='bbox 488 4237 531 4282; x_wconf 82' lang='lat' dir='ltr'><strong>aed</strong></span> <span class='ocrx_word' id='word_1_421' title='bbox 550 4233 723 4293; x_wconf 48' lang='lat' dir='ltr'><strong>anonyme</strong></span> <span class='ocrx_word' id='word_1_422' title='bbox 742 4237 862 4294; x_wconf 82' lang='lat' dir='ltr'><strong>Insulam,</strong></span> <span class='ocrx_word' id='word_1_423' title='bbox 894 4233 981 4296; x_wconf 86' lang='lat' dir='ltr'><strong>Neque</strong></span> <span class='ocrx_word' id='word_1_424' title='bbox 1002 4236 1068 4282; x_wconf 86' lang='lat' dir='ltr'><strong>enirn</strong></span> <span class='ocrx_word' id='word_1_425' title='bbox 1090 4235 1222 4287; x_wconf 76' lang='lat' dir='ltr'><strong>Marcellus</strong></span> <span class='ocrx_word' id='word_1_426' title='bbox 1240 4237 1276 4283; x_wconf 87' lang='lat' dir='ltr'><strong>rei</strong></span> <span class='ocrx_word' id='word_1_427' title='bbox 1296 4236 1413 4296; x_wconf 72' lang='lat' dir='ltr'><strong>gamndra</strong></span> 
     </span>
     <span class='ocr_line' id='line_1_51' title="bbox 348 4297 1413 4362; baseline -0.002 -16"><span class='ocrx_word' id='word_1_428' title='bbox 348 4300 489 4359; x_wconf 81' lang='lat' dir='ltr'><strong>prodidisse.</strong></span> <span class='ocrx_word' id='word_1_429' title='bbox 520 4299 589 4347; x_wconf 85' lang='lat' dir='ltr'><strong>Unde</strong></span> <span class='ocrx_word' id='word_1_430' title='bbox 608 4305 657 4346; x_wconf 84' lang='lat' dir='ltr'><strong>nen</strong></span> <span class='ocrx_word' id='word_1_431' title='bbox 676 4297 765 4362; x_wconf 85' lang='lat' dir='ltr'><strong>injuria</strong></span> <span class='ocrx_word' id='word_1_432' title='bbox 781 4299 862 4360; x_wconf 74' lang='lat' dir='ltr'><strong>arguit</strong></span> <span class='ocrx_word' id='word_1_433' title='bbox 893 4300 1011 4347; x_wconf 79' lang='lat' dir='ltr'><strong>interluit.</strong></span> <span class='ocrx_word' id='word_1_434' title='bbox 1035 4299 1107 4355; x_wconf 79' lang='lat' dir='ltr'><strong>Quod</strong></span> <span class='ocrx_word' id='word_1_435' title='bbox 1115 4301 1236 4356; x_wconf 78' lang='lat' dir='ltr'><strong>dedimus,</strong></span> <span class='ocrx_word' id='word_1_436' title='bbox 1248 4305 1331 4346; x_wconf 85' lang='lat' dir='ltr'><strong>tenent</strong></span> <span class='ocrx_word' id='word_1_437' title='bbox 1340 4311 1413 4344; x_wconf 88' lang='lat' dir='ltr'><strong>com·</strong></span> 
     </span>
     <span class='ocr_line' id='line_1_52' title="bbox 349 4361 1411 4425; baseline 0 -15"><span class='ocrx_word' id='word_1_438' title='bbox 349 4361 446 4412; x_wconf 81' lang='lat' dir='ltr'><strong>Livium</strong></span> <span class='ocrx_word' id='word_1_439' title='bbox 458 4365 607 4424; x_wconf 77' lang='lat' dir='ltr'><strong>Perizonius,</strong></span> <span class='ocrx_word' id='word_1_440' title='bbox 619 4365 748 4412; x_wconf 82' lang='lat' dir='ltr'><strong>Animadv.</strong></span> <span class='ocrx_word' id='word_1_441' title='bbox 762 4365 828 4414; x_wconf 85' lang='lat' dir='ltr'><strong>llist.</strong></span> <span class='ocrx_word' id='word_1_442' title='bbox 839 4379 860 4412; x_wconf 90' lang='lat' dir='ltr'><strong>e.</strong></span> <span class='ocrx_word' id='word_1_443' title='bbox 893 4365 974 4425; x_wconf 82' lang='lat' dir='ltr'><strong>plures</strong></span> <span class='ocrx_word' id='word_1_444' title='bbox 984 4365 1076 4424; x_wconf 83' lang='lat' dir='ltr'><strong>scripti.</strong></span> <span class='ocrx_word' id='word_1_445' title='bbox 1095 4365 1204 4414; x_wconf 77' lang='lat' dir='ltr'><strong>Andreas</strong></span> <span class='ocrx_word' id='word_1_446' title='bbox 1220 4373 1245 4412; x_wconf 86' lang='lat' dir='ltr'><strong>et</strong></span> <span class='ocrx_word' id='word_1_447' title='bbox 1261 4362 1411 4424; x_wconf 79' lang='lat' dir='ltr'><strong>campanus.</strong></span> 
     </span>
    </p>
   </div>
   <div class='ocr_carea' id='block_1_5' title="bbox 0 0 1574 4972">
    <p class='ocr_par' dir='ltr' id='par_1_21' title="bbox 0 0 1574 4972">
     <span class='ocr_line' id='line_1_53' title="bbox 0 0 1574 4972; baseline 0 3"><span class='ocrx_word' id='word_1_448' title='bbox 0 0 1574 4972; x_wconf 95' lang='lat' dir='ltr'><strong> </strong></span> 
     </span>
    </p>
   </div>
  </div>
 </body>
</html>
