3140 4972
316 129 377 186 aar
692 124 823 194 *urar
851 89 987 186 L'rvrr

158 297 293 350 unaaa
317 284 423 355 bebat-
468 287 678 368 tramontio
699 283 819 368 habit'o,
835 307 933 375 quum
959 287 1064 362 omnis
1085 287 1381 372 constitaludibrio
1470 357 1473 365 ,

156 364 295 414 ⁶⁴⁰·²¹⁴·
317 386 407 451 earet,
430 372 582 442 absistere
602 375 848 466 obpugnatione,
869 391 964 462 atque
984 374 1305 442 obsidendo-tantum
1327 399 1380 440 ar·

155 430 303 542 mii&
317 481 388 532 cere
402 461 488 526 'terra
501 461 643 546 marique
659 460 887 530 commeatibus
896 460 1018 526 hostem
1033 461 1162 550 placuit,

154 559 303 634 ratumne-
360 543 515 614 XXXV.
537 547 669 615 Interim
687 546 870 625 Marcellus,
887 569 959 619 cum
982 549 1076 612 tertia
1089 547 1154 612 fere
1175 559 1265 632 parte
1287 570 1377 616 exer·

119 643 121 652 ‘
154 635 231 671 mam.
316 633 398 699 citus
412 633 453 698 ad
468 633 665 718 recipiendas
680 633 773 700 urbes
792 634 962 718 profectus,
978 655 1050 720 qnoe
1064 633 1098 698 in
1113 647 1202 701 motu
1217 635 1377 718 rerumad

154 723 287 802 musanus
319 717 442 786 Kartha
468 719 601 794 'aienses
629 719 817 792 defecerant,
832 717 999 792 ,Helorum
1036 732 1130 806 atque
1159 719 1375 800 Herbesum,
1404 757 1406 762 ·

153 789 293 901 garumna
316 802 444 872 dedeoti
468 828 503 872 ns
516 805 604 890 ipsis,
617 805 738 892 recipit.
784 805 919 893 Megara
930 805 960 869 vi
974 818 1067 891 capta
1076 805 1177 872 diruit
1192 828 1230 871 ac
1244 805 1376 892 diripuit

182 867 208 915 ΡΙ
315 889 357 956 ad
371 889 577 977 reliquorum,
591 915 630 958 ac
652 893 790 960 maxime
805 893 1086 978 Syracusanorum,
1103 906 1267 958 terrorem.
1297 893 1375 973 ¹Per

154 981 263 1033 ntmtuo
290 976 401 1066 ‚idern
424 977 489 1044 fere
513 990 638 1063 tempus
659 993 691 1045 et
714 977 868 1057 Himilco,
883 979 939 1064 qui
960 977 1003 1044 ad
1025 975 1168 1064 Pachyni
1188 991 1375 1062 promente,

152 1061 398 1164 ffiffi'rium
426 1064 554 1130 classem
583 1063 639 1131 diu
667 1076 820 1141 tenuerat,
845 1064 886 1131 ad
913 1063 1115 1141 Heracleam,
1141 1086 1237 1149 quam
1261 1077 1374 1130 vocant

152 1175 296 1230 ammi,
311 1149 475 1230 Minoam,
490 1151 630 1236 quinque
652 1162 684 1216 et
706 1149 817 1235 viginti
840 1149 945 1222 millia,
961 1149 1197 1235 peditum,‚tria
1218 1151 1372 1236 equitum,

314 1237 483 1312 duodecim
505 1237 688 1320 elephantos
709 1237 871 1320 exposuit:
895 1236 1127 1322 ⁸¹nequaquam
1150 1258 1222 1300 cum
1247 1238 1374 1321 quantis

314 1324 414 1408 copiis
428 1336 500 1386 ante
516 1335 661 1389 tenuerat
674 1321 714 1388 ad
731 1321 916 1409 Pachynum
933 1322 1071 1400 classem.
1117 1323 1188 1397 Sed,
1203 1337 1372 1408 postquam

203 1455 206 1460 -
299 1409 356 1477 ,ab
382 1408 582 1493 Hippocrate
606 1421 770 1495 occupatae
793 1410 959 1494 Syracusoe
983 1421 1082 1484 arant,
1108 1406 1265 1493 profectus
1291 1407 1374 1472 Kar-

314 1495 487 1581 thaginem,
508 1495 696 1582 adjutusque
718 1495 762 1560 ibi
782 1509 813 1560 et
832 1495 873 1568 ab
892 1495 1002 1582 legatis
1024 1493 1241 1579 Hippocratis,
1258 1494 1371 1560 literis-

313 1603 375 1668 que
391 1580 597 1661 Hannibalis,
611 1584 665 1666 qui
681 1583 803 1648 venisse
818 1593 941 1666 tempus
958 1581 1062 1648 aiebat
1078 1579 1193 1645 Siciliae
1214 1601 1272 1664 per
1285 1603 1370 1646 surn-

313 1688 401 1734 mum
417 1665 514 1732 decus
529 1667 719 1751 repetendae,
735 1667 800 1734 ⁸⁵et
815 1667 882 1752 ipse
899 1665 987 1734 haud
1001 1689 1099 1734 vanus
1116 1688 1254 1752 praesens
1270 1665 1372 1730 moni-

312 1766 363 1830 tor
377 1752 468 1818 facile
490 1752 679 1840 perpulerat,
695 1767 740 1832 ut,
756 1767 885 1840 quantae
907 1753 1053 1820 niaximae
1075 1766 1213 1837 possent,
1251 1751 1371 1817 editum

311 1840 518 1926 coitumque
550 1840 651 1925 copiae
679 1840 712 1904 in
745 1840 884 1906 Siciliam
912 1839 1136 1925 trajicerentur,
1190 1774 1381 1912 Adveniens,

223 1942 234 1962 ‘
314 1863 515 2002 Heracleam,
531 1925 616 1991 intra
630 1948 748 2012 paucos
759 1926 823 1992 dies
834 1926 946 1991 indeA
989 1925 996 1987 i
1038 1939 1127 1989 ntum
1143 1924 1272 2010 recipit:
1295 1924 1371 1990 alia·

198 2011 201 2018 “
311 2033 447 2099 rumque
479 2013 661 2091 civitatium,
692 2034 764 2098 quae
797 2014 896 2098 partis
927 1949 1009 2076 igitr
1032 2011 1241 2112 aginiensiom
1270 2025 1371 2089 erant,

310 2099 390 2166 adea
409 2121 551 2168 accensae
573 2113 648 2164 sunt
669 2121 739 2184 spes
761 2099 800 2162 ad
823 2097 985 2183 pellendos
1008 2095 1117 2164 Sicrlia
1140 2095 1315 2179 Romanos,
1336 2110 1380 2186 ut·

353 2198 472 2251 stremo
492 2187 598 2266 etiam,
613 2187 674 2271 qui.
689 2183 915 2250 obsidebantur
937 2184 1110 2272 Syracusis,
1127 2184 1249 2248 animos
1268 2195 1372 2248 austu-

307 2207 420 2350 illine
446 2285 488 2350 et,
510 2285 601 2356 parte
621 2271 784 2356 copiarum
807 2268 882 2335 satis
903 2269 1031 2336 delendi
1054 2268 1167 2334 urbem
1188 2291 1280 2354 posse
1299 2270 1370 2348 rati,

309 2356 354 2424 ita
372 2361 456 2424 iuter
477 2381 511 2422 se
532 2379 667 2424 munera
687 2357 761 2424 belli
782 2355 888 2442 partiti
911 2357 982 2434 sint,
997 2369 1032 2423 ut
1047 2354 1205 2454 Epicydes
1221 2369 1372 2442 preesset

148 2460 283 2520 hippocra-
309 2445 463 2510 custodiae
485 2445 584 2522 urbis,
603 2445 670 2529 Hip
694 2456 824 2520 cerates,
842 2442 1019 2508 Himilconi
1038 2444 1236 2528 conjunctus,
1251 2439 1371 2508 bellum

144 2531 182 2571 *θ’
193 2529 457 2596 ⁰⁰¹¹¹²¹·adversus
482 2530 641 2594 consulem
665 2465 845 2596 ldomanum
867 2541 998 2618 gereret.
1025 2529 1127 2611 ,Cum
1147 2529 1254 2592 decem
1276 2527 1371 2592 milli·

144 2589 301 2715 ξῗὲζῖἰζῗ
309 2613 369 2682 bus
402 2616 556 2702 peditum,
587 2615 769 2702 quingentis
796 2615 953 2702 equitibus
986 2626 1080 2680 nocte
1108 2635 1165 2700 per
1193 2615 1372 2680 intermissa

145 2717 219 2766 ditur.
309 2703 463 2768 custodiis
481 2701 551 2766 loca
574 2703 744 2786 profectus,
761 2716 862 2766 castra
884 2703 967 2766 circa
982 2701 1118 2766 Acrillas
1140 2703 1249 2766 urbem
1271 2723 1372 2786 pone·

308 2791 372 2857 bat.
417 2787 640 2855 Munientibus
675 2789 856 2872 supervenit
890 2787 1075 2865 Marcellus,
1112 2785 1154 2851 ab
1190 2786 1370 2936 Aprigento

301 2878 370 2963 jam
387 2888 552 2960 occupato,
568 2897 667 2961 quum
690 2875 806 2940 frustra
827 2898 865 2938 eo
886 2876 1060 2960 prevenire
1081 2873 1202 2938 hostem
1229 2888 1368 2938 estmane

306 2963 501 3038 tetendisset,
518 2962 657 3039 rediens;
679 2960 758 3025 nihil
775 2959 1370 3045 minus1·atus,quamillotemporeac

307 3049 424 3116 locos
446 3070 633 3114 racusannm
654 3047 714 3116 sibi
734 3047 907 3112 exercitum
929 3044 1055 3111 obviam
1078 3044 1160 3122 fore3
1187 3043 1243 3112 sed
1261 3057 1369 3112 tamen

305 3145 396 3202 rnatu
419 3073 614 3201 Himilconis
631 3133 871 3219 Poenorumque
891 3137 940 3218 (ut
962 3133 1076 3220 quibus
1094 3153 1295 3219 nequaquam
1321 3131 1369 3196 eis

305 3223 416 3310 copiis,
428 3243 515 3309 ¹quas
537 3220 684 3300 habebat,
706 3243 766 3308 par
788 3221 881 3302 esset)
896 3241 992 3306 quam
1014 3228 1141 3303 poterat
1163 3218 1300 3284 maxime
1318 3216 1369 3282 in·

175 3311 180 3326 ‘
306 3319 458 3386 tentum
495 3332 533 3375 ue
568 3309 673 3373 omine
687 3307 850 3374 adomnes
864 3327 954 3371 casus
969 3304 1146 3390 composito
1158 3303 1237 3371 ibat.

143 3409 284 3458 vinctam
307 3473 311 3476 ,
350 3322 522 3463 ΧΧΧῸΙ.
546 3332 643 3461 bbrte
657 3417 695 3460 ea
708 3416 795 3470 cura,
810 3414 883 3479 quae
901 3405 968 3458 erat
982 3391 1132 3456 adversus
1149 3389 1269 3456 Poenos
1283 3411 1367 3476 prra-
1394 3419 1397 3424 ·

144 3475 269 3524 Murena.
304 3495 426 3569 parata,
442 3482 591 3548 adversus
609 3481 731 3546 Siculos
746 3481 815 3547 usui
829 3477 898 3544 fuit.
944 3479 1063 3543 Castris
1076 3477 1232 3561 ponendis
1246 3477 1368 3542 incom-

303 3572 425 3657 positos
440 3593 477 3636 ac
492 3569 648 3656 dispersos
663 3579 797 3631 nanctus
811 3565 864 3630 eos
880 3575 911 3630 et
932 3563 1100 3650 plerosque
1116 3563 1263 3640 inermes,
1280 3562 1368 3650 quod

303 3657 447 3744 peditum
475 3655 547 3733 fnit,
576 3653 803 3720 circumvenit:
839 3673 943 3737 eques,
974 3649 1038 3716 levi
1069 3649 1241 3714 certamine
1276 3649 1367 3722 inito,

304 3765 377 3809 cnm
394 3742 596 3829 Hippocrate
612 3742 713 3807 Acras
734 3736 883 3826 perfugit.
928 3737 976 3802 Ea
996 3757 1105 3826 pugna
1124 3735 1306 3802 deficientes
1325 3735 1368 3800 ab

336 4000 370 4048 at
385 3999 540 4059 Nequaquam
557 4011 611 4043 arm
626 3995 717 4057 queatis
733 3994 818 4058 eapite]
850 3999 949 4055 quantae
966 3994 1062 4040 fuerant
1078 3993 1201 4050 mmmm
1213 3991 1309 4050 quibus,
1321 3991 1368 4040 &a

304 4067 368 4115 (lum
387 4063 472 4123 copiis,
487 4077 542 4124 quoe
559 4067 634 4107 tanta
648 4067 726 4117 arant,
742 4073 819 4118 quan-
883 4057 977 4104 afflat
988 4058 1036 4118 ipse
1046 4056 1108 4102 haud
1124 4071 1196 4102 aanor
1206 4069 1306 4114 praseae
1316 4069 1367 4102 aro·

304 4137 337 4180 tae
354 4143 402 4176 non
419 4129 515 4175 fuerant
529 4125 755 4188 illae,comquibns
770 4123 819 4184 pn’·
851 4122 926 4185 aanor]
942 4122 1025 4176 Quum
1037 4127 1063 4168 et
1074 4121 1125 4182 ipsa
1141 4121 1232 4180 aliquid
1247 4119 1367 4168 momenti
1456 4154 1463 4168 ,

289 4199 333 4242 'us
352 4200 462 4242 tenuerat
484 4194 515 4240 ad
537 4191 677 4250 Pachynum
700 4189 815 4236 classemr
849 4189 947 4240 mearet,
965 4199 1071 4246 praeseus
1086 4185 1201 4240 monitor,
1219 4185 1368 4244 &maneque

303 4262 363 4320 sive,
385 4271 443 4309 curn
473 4256 548 4320 capiis
574 4251 716 4317 majoribus,
743 4267 817 4316 quam
849 4251 920 4302 dictis
930 4251 1023 4298 litteras
1033 4258 1058 4300 at
1068 4250 1171 4300 nuncios
1181 4255 1324 4298 ceterorum·
