3122 4962
327 213 328 218 Ν
443 181 543 242 LIB.
568 173 684 242 xxvi.
710 179 811 241 cnr.
831 179 905 239 ΧΗ.
1144 187 1205 251 ers

145 343 280 426 Coelius,
296 343 434 410 Romam
447 357 576 412 euntem
592 345 633 412 ab
644 345 743 410 Ereto
757 343 918 410 divertisse
927 341 966 408 eo
978 341 1201 420 Hannibalem,
1210 367 1241 416 u.
1253 365 1281 416 c,
1290 364 1346 416 set.

143 429 259 504 tradite
281 429 434 518 ⁵⁸iterque
448 433 513 520 ejus
535 431 576 498 ab
593 431 704 512 Reate,
721 429 918 515 Cutiliisque,
934 441 966 494 et
980 429 1026 494 ab.
1036 429 1203 494 Amiterno
1211 434 1241 479 Α·
1253 431 1347 510 ⁰⁹.²¹¹‘

141 517 276 582 orditur.
298 529 343 582 ex'
355 517 530 603 Campania
543 515 576 582 in¹
594 519 770 597 Samnium,
787 516 863 582 inde
882 516 916 579 in
934 515 1078 604 Pelignos
1091 535 1202 601 perve-
1210 497 1356 608 {fflsffli

138 603 244 679 nisse3
267 617 446 690 praeterque
460 605 615 691 oppidum
631 605 815 670 Sulmonem
832 603 864 666 in
881 601 1085 667 Marrucinos
1103 617 1264 675 trans-nn,

142 690 219 766 isse3
243 689 320 756 inde
335 687 467 756 'Albensi
489 713 567 780 agro
586 692 619 754 in
633 689 771 768 Marsos,
782 689 858 754 hinc
874 688 1204 766 amiternumuom-

139 774 370 862 lesquevicum
386 777 515 842 senisse.
560 777 611 843 Ne
656 777 740 842 eibi
762 791 851 842 error
872 787 930 852 est,
946 775 1034 862 quod
1054 773 1205 839 tantiex-

142 863 411 951 ercitus'restigia
433 863 603 931 intratam
648 865 727 929 reris
750 863 807 927 sevi
833 863 1017 926 memoriam
1044 861 1205 946 potuerint

140 948 306 1014 sunfundi.
329 950 389 1013 isse
409 950 493 1014 enim
508 971 546 1015 ea
559 964 691 1016 constat.
736 949 877 1014 Tantum
900 949 931 1011 id
953 947 1095 1024 interest,
1112 951 1206 1011 vene.

139 1035 227 1100 fitne
237 1056 277 1100 eo
290 1035 402 1100 itinere
412 1035 452 1100 ad
467 1036 590 1118 urbem,
601 1059 642 1102 an
654 1035 694 1102 ab
708 1037 787 1100 urbe
796 1036 829 1098 in
842 1033 1049 1119 Campaniam
1064 1033 1204 1098 redierit.

185 1119 266 1186 XII.
284 1121 434 1186 Ceterum
447 1143 510 1186 non
520 1123 675 1210 quantum
686 1121 869 1208 pertinacius
879 1119 919 1184 ad
931 1121 1134 1205 premendam
1146 1119 1236 1184 ob-1t
1247 1137 1336 1199 megr-

99 1272 107 1281 ,
141 1207 267 1272 sidione
280 1208 423 1293 Capuam
437 1209 590 1276 Romanis
599 1209 668 1286 fuit,
682 1219 803 1274 tantum
815 1207 856 1272 ad
868 1205 1096 1275 defendendam
1110 1205 1203 1271 Hdn·
1213 1215 1264 1250 ⁰¹²¹·

131 1293 253 1360 ruibali.
275 1315 412 1382 namque
432 1317 471 1362 ex
487 1295 624 1362 Lucanis
645 1296 678 1359 in
703 1295 864 1360 Bruttium
887 1315 1010 1381 agrum,
1026 1291 1068 1356 ad
1089 1290 1205 1357 fretum

143 1397 220 1446 tero
234 1402 271 1444 ac
288 1380 445 1463 Rhegium
461 1379 499 1445 eo
514 1403 607 1446 cursu
623 1381 796 1458 contendit,
808 1396 844 1444 ut
859 1401 959 1465 prope
968 1378 1136 1464 repentino
1150 1379 1206 1443 ad-

144 1477 241 1530 ventu
253 1468 396 1532 incautos
406 1467 606 1553 obpresserit.
652 1469 764 1553 Capua
778 1468 834 1531 etsi
849 1465 997 1530 ⁵⁴nrlrilo¹
1011 1465 1137 1553 segnius
1148 1465 1206 1529 ob·
1320 1502 1323 1516 .

143 1575 226 1618 sessa
240 1568 297 1640 per
311 1575 365 1618 eos
380 1553 446 1630 dies
467 1553 580 1632 iuerat,
595 1567 700 1620 tamen
722 1553 892 1618 adrentum
911 1551 1015 1616 Flacci
1029 1553 1150 1618 sensit:
1175 1565 1207 1616 et

144 1639 312 1708 admiratio
327 1653 397 1704 orta
411 1653 467 1717 est,
482 1663 545 1704 non
560 1639 653 1705 simul
663 1660 839 1727 regressum
853 1637 1082 1703 Hannibalem.
1125 1637 1207 1702 Inde

143 1745 202 1810 per
216 1727 385 1812 conloquia
398 1725 630 1804 intellexerunt,
648 1726 772 1792 relictos
793 1747 827 1790 se
843 1725 1056 1811 desertosque,
1072 1736 1104 1790 et
1118 1745 1206 1810 spem

146 1809 268 1897 Capuae
294 1807 468 1878 retinendae
484 1813 681 1898 deploratam
701 1813 784 1898 apud
807 1812 925 1876 Poenos
942 1833 1019 1876 esse.
1064 1812 1208 1876 Accessit

143 1898 285 1963 edictum
301 1899 497 1982 proconsulis
518 1915 559 1965 ex
583 1898 853 1964 senatusconsulto
874 1897 1081 1983 propositum,
1097 1897 1206 1998 vulga-

144 1985 373 2086 tumqueapud
384 1984 506 2051 hostes:
527 1996 570 2064 ut,
585 1987 637 2071 qui
650 1987 721 2051 civis
731 1984 909 2068 Cumpcmts
919 1994 992 2048 ante
1002 1993 1115 2048 ccrtcm
1127 1986 1350 2068 drsmcmpmo.

143 2070 628 2154 nmuttset,⁵⁵sinesruudeesset.
652 2073 721 2138 Nec
731 2068 1364 2146 ullufactaesttrarrsiti05metur¹¹¹¹¹2⁰¹t³or

145 2157 248 2258 tnagis
261 2179 326 2234 eos,
341 2179 437 2244 quam
451 2157 526 2236 lide,
535 2159 722 2228 ¹continente
730 2182 740 2239 ;
763 2158 837 2244 quia
850 2156 1019 2244 majorain
1031 2138 1361 2248 defectionegiodm·

143 2241 353 2330 deltqueraut‚
365 2265 460 2331 quam
473 2243 588 2331 quibus
598 2245 721 2346 ignosci
732 2255 846 2330 posset.
892 2243 1042 2308 Ceterum
1055 2241 1208 2328 quemad·
1251 2235 1259 2252 ⁸
1272 2247 1275 2255 “

144 2329 277 2396 modum
292 2351 387 2394 nemo
403 2331 527 2416 privato
541 2330 675 2396 consrlio
689 2331 731 2396 ad
753 2331 873 2395 hostem
889 2327 1053 2404 transibat,
1070 2327 1115 2392 ita
1128 2328 1210 2394 nihil

145 2415 283 2482 salutme
292 2417 324 2481 in
336 2415 475 2481 medium
485 2417 719 2484 consulebatur.
742 2416 900 2483 Nobilitas
911 2413 1142 2500 rempublicam
1152 2415 1209 2480 de-

145 2514 297 2582 senserat,
320 2525 425 2589 neque
451 2505 485 2567 in
514 2503 752 2591 senatum‘cogi
773 2513 948 2589 poterant'.
971 2503 1005 2567 in
1022 2503 1209 2604 magistratu

144 2602 252 2654 autem
268 2600 346 2666 erat,
362 2589 417 2677 qui
432 2610 497 2654 non
512 2591 571 2654 sibi
587 2590 741 2656 bonorem
764 2590 938 2676 adjecisset,
953 2589 1006 2654 sed
1021 2587 1212 2672 indignitate

145 2697 203 2741 sua
212 2676 278 2740 vim
288 2697 325 2740 ae
335 2676 388 2761 jus
400 2677 606 2766 magistratui,
618 2697 712 2764 quem
723 2677 865 2766 gerebat,
877 2676 1050 2741 demsisset.
1085 2676 1105 2740 J
1108 2697 1159 2740 am
1170 2697 1211 2742 ne

145 2761 179 2826 in
192 2760 264 2827 ioro
299 2761 417 2840 uident,
429 2776 485 2827 aut
522 2763 627 2830 oblico
640 2764 721 2840 loco,
735 2763 917 2849 principum
929 2764 1097 2850 quisquam
1112 2763 1211 2848 adpa-

144 2847 268 2922 rebare
319 2848 424 2914 mibus
446 2785 558 2914 inclusi
580 2853 692 2936 patriae
714 2871 860 2916 occasum
882 2871 956 2914 cum
973 2871 1038 2914 suo
1060 2848 1158 2914 exitio
1175 2848 1209 2913 in

145 2933 214 3000 dies
227 2936 461 3021 exspectabant.
483 2957 609 3002 summa
622 2957 708 3002 curae
722 2937 825 3002 omnis
839 2936 873 2999 in
888 2935 1053 3002 Bostarem
1070 2935 1210 3001 Hanno-

144 3040 285 3107 nemque
298 3019 463 3106 preelectos
475 3022 617 3107 praesidii
629 3023 743 3089 Punici
755 3045 844 3088 versa
854 3035 933 3097 erat,
945 3044 1013 3100 suo,
1026 3043 1091 3088 non
1107 3024 1210 3088 socio·

145 3129 230 3184 rum,
239 3107 382 3192 periculo
390 3108 550 3175 sollicitos.
564 3107 656 3188 “Hn
665 3107 852 3196 musoriptis
861 3109 902 3174 ad
913 3107 1133 3174 Hannibalem
1142 3109 1211 3175 lite·
1220 3123 1310 3172 Licere

133 3193 384 3273 rianoolibere
392 3183 498 3274 niodo,
507 3195 564 3262 sed
572 3195 797 3283 etiamaspere,
806 3196 930 3283 quibus,
941 3219 1002 3262 aon
1013 3198 1152 3281 Capuam
1161 3218 1211 3263 so·
1220 3187 1364 3237 ”mii

391 3331 479 3381 xanta
488 3333 563 3382 Gron.
692 3338 803 3398 rpoterct
813 3335 888 3382 Gron.
900 3335 970 3383 Crev.

180 3461 214 3512 ⁵³
228 3463 323 3526 Iterquc
343 3465 393 3528 eju
409 3464 437 3512 cl
456 3466 538 3525 Reate,
557 3467 665 3516 stadilia-
694 3468 853 3518 Amiternum
871 3475 994 3542 pertrans
1010 3469 1159 3531 Forulosque
1175 3470 1213 3516 ri·

147 3532 231 3592 quaet
245 3529 274 3576 al
284 3529 407 3578 Amiterno
422 3529 528 3594 orditur]
547 3531 608 3580 lites
620 3547 663 3594 op-
695 3547 754 3582 cum
772 3536 916 3594 pervenisse.
949 3535 988 3581 De
1004 3534 1079 3582 Coelio
1095 3536 1146 3582 vid.
1160 3541 1211 3582 not.

145 3593 204 3656 pitia
222 3594 380 3642 nominantur
396 3609 444 3642 uon
459 3593 489 3642 ἑο
505 3595 598 3653 ordine,
616 3611 665 3658 quo
697 3597 737 3650 tl.
747 3597 780 3645 ad
789 3600 806 3644 1.
818 3599 894 3646 XXI.
905 3615 926 3647 c.
937 3599 979 3648 88.

147 3657 255 3706 Aunibel
273 3671 303 3706 ea
316 3659 430 3706 neumae
445 3673 461 3707 a
476 3657 551 3709 cotto
569 3661 665 3710 diceba.
728 3661 762 3710 54
777 3661 864 3712 Nihilo
894 3663 1001 3729 myrtus]
1035 3665 1116 3724 Vulgo
1143 3661 1211 3710 nibil.

146 3728 197 3778 tur.
225 3725 270 3772 sed
294 3725 368 3784 pune
392 3724 497 3773 inrum.
531 3723 664 3786 Scripserat
697 3729 752 3779 Hoc
767 3730 897 3789 mendum,
913 3732 979 3790 quod
994 3731 1112 3790 plurimas
1127 3729 1213 3778 editio·

146 3800 236 3848 nempe
266 3788 356 3836 Goelius
381 3789 529 3838 Annibalem
559 3790 664 3840 Romam
696 3806 739 3840 nes
761 3792 890 3850 insederat,
913 3795 1062 3842 comesimus
1088 3795 1177 3842 moniti
1198 3807 1214 3841 a

146 3855 248 3900 euntem
270 3855 302 3900 ab
322 3852 452 3901 Amiterno
474 3854 585 3914 Cutilias,
607 3857 664 3904 dein
695 3857 747 3904 Jec.
763 3857 897 3915 'Gmnorim
909 3860 1005 3908 volente
1020 3861 1075 3908 Put.
1089 3860 1173 3908 codice
1188 3865 1214 3906 et

85 3950 89 3954 -
147 3915 235 3975 uun,
255 3922 340 3979 postea
358 3917 461 3965 Eretum
480 3919 589 3975 veniam
607 3921 664 3968 inde
695 3921 912 3971 omnibusnostris.

146 3982 179 4029 ed
196 3979 282 4030 lucum
300 3983 419 4040 Feroniae,
431 3984 474 4044 qui
489 3989 527 4031 eet
542 3985 607 4032 ultra
623 3985 665 4032 Τί.
729 3984 763 4034 st
778 3984 836 4033 Sine
842 3987 1017 4053 fraudasset]
1035 3989 1073 4037 iti*
1083 4003 1114 4038 ne
1132 3989 1214 4037 fraudi

25 4093 31 4102 ,
145 4044 226 4093 iterim
236 4046 264 4093 in
275 4043 384 4106 nonne,
395 4048 529 4097 dismissa
552 4047 665 4103 Qum
697 4057 760 4099 esset
781 4051 886 4100 debono
903 4055 1100 4114 campanorum
1125 4055 1147 4100 is
1166 4055 1215 4104 int-

146 4116 231 4158 entent
242 4111 283 4159 ria
292 4111 449 4160 mennam
463 4127 480 4161 a
495 4114 578 4176 capue
586 4115 665 4162 nenb-
697 4113 855 4162 manbmt
864 4119 895 4164 ab
905 4119 973 4164 omni
983 4125 1081 4168 mnoxa
1090 4126 1203 4180 etpoene

147 4180 186 4222 aet
201 4187 234 4222 ex
250 4181 336 4223 mente
357 4175 436 4236 cotti,
456 4179 557 4240 exponit
578 4179 666 4227 deinde
729 4179 762 4227 56
778 4179 818 4226 {st
840 4183 988 4248 eampse]
1022 4184 1133 4233 Pendula
1152 4197 1213 4245 quo·

146 4237 320 4295 Lim-dnm
334 4251 394 4290 enter
408 4253 440 4288 ex
451 4241 589 4304 Campania
606 4245 666 4292 dicit
697 4244 829 4292 dentmodo
846 4254 957 4296 menet
978 4261 1026 4297 vox
1045 4249 1081 4306 let,
1099 4251 1139 4297 ord
1158 4251 1215 4296 nul-

51 4303 59 4314 *
147 4302 175 4349 ln
207 4303 347 4364 Sennium
379 4305 437 4354 inde
467 4320 511 4368 per
542 4308 664 4370 religuos,
697 4309 751 4356 luru
761 4311 1114 4362 subeetrerbumllnitimodi.
1127 4313 1215 4360 *Simile

148 4365 310 4440 Umentes,
343 4369 448 4428 unas,
485 4373 517 4422 td
547 4373 664 4448 oppidum
692 4376 1213 4442 ·exenrp1umobserravtmm1.vul.n11.
1255 4388 1257 4396 ’
