3136 4970
1301 83 1307 122 t

365 219 369 230 Ι
461 135 1000 215 Lluxxvmc=nuxu11i
1208 149 1266 212 ne

187 309 316 392 scripti,
335 309 513 391 reipublice
533 309 686 394 nobisque,
708 329 770 374 non
791 309 853 376 sibi
873 311 936 392 ipsi
953 309 1108 392 priuatim
1127 317 1300 375 ereatsmsu.
1313 329 1338 375 c.
1351 328 1408 380 um.
1435 276 1440 286 Ι

191 397 342 462 wneuiem
353 397 509 460 emistimo:
531 397 736 481 exercitioque
749 397 795 462 od
806 397 973 462 autodiom
986 395 1072 460 urbis
1085 403 1178 478 atque
1191 395 1260 460 Ito-
1269 393 1299 442 A*
1310 395 1338 440 θ·
1350 393 1405 445 ²⁰&
1511 411 1515 419 ’

185 483 249 545 tio
262 484 392 566 scriptos
405 505 476 562 esse,
492 504 554 546 non
565 505 638 568 quas
657 485 744 569 regio
760 505 841 548 aiore
856 505 917 568 per
930 481 1101 566 superbiam
1115 484 1258 561 consules,

190 589 253 652 qun
266 579 420 632 terranem
434 571 538 646 velint,
554 568 728 669 trajiciant.
1245 583 1251 590 '

235 653 367 720 XLIII.
390 657 498 725 Quum
524 668 667 721 orutsone
691 657 731 720 od
758 668 882 740 tempus
908 667 1019 740 purete
1045 651 1174 731 Fabius,
1189 665 1257 722 tum

148 750 155 760 “
190 741 382 808 auctoritate
402 753 435 806 et
454 741 627 808 inveterato
649 741 827 826 prudentie
849 741 945 819 sumo,
964 761 1113 830 magnum
1135 753 1257 825 purtem

187 841 329 906 senatus,
346 839 378 894 et
395 827 535 894 seniores
559 825 708 909 maxime,
724 828 881 906 movisset,
901 831 1070 914 pluresque
1091 827 1257 896 consilinm

189 913 285 992 senis,
307 935 403 1064 Ἱυεπι
424 915 565 980 animum
588 915 793 980 adolescentis
815 914 963 992 ferocem,
978 913 1163 988 laudarent3
1189 914 1256 980 Soi-

191 1000 248 1085 pio
262 999 307 1064 ito
331 1014 445 1067 ocutus
459 1000 575 1066 fertur:
599 1003 644 1068 Et
659 1003 724 1085 ipse
742 1004 781 1078 Q.
794 1003 908 1067 Fabius
916 1002 1078 1084 principio
1092 1003 1254 1079 orationis,
1265 1009 1340 1064 Fabio
1350 1032 1386 1064 re-

191 1089 305 1152 Potres
315 1090 489 1172 roruortpti,
500 1091 750 1166 commemorauit,
764 1091 797 1153 in
811 1089 963 1154 sententia
972 1109 1028 1152 suo
1038 1109 1128 1170 posse
1140 1087 1255 1154 obtrec·
1263 1083 1420 1158 ⁵P⁰'¹‘¹‘²⁸⁶¹·

189 1175 338 1238 tationem
354 1184 520 1258 suspectam
534 1197 604 1242 esse.
633 1169 744 1259 ¹Cujus
764 1197 820 1260 ego
841 1177 890 1240 rei
910 1196 972 1239 nou
992 1184 1056 1238 tam
1077 1175 1143 1256 ipse
1156 1159 1312 1238 ominem·

185 1269 309 1324 tontum
323 1263 421 1325 virum
435 1262 625 1342 insimulare,
635 1283 725 1346 queam
740 1285 777 1326 ea
790 1263 931 1345 suspicio,
943 1263 1020 1326 uitio
1034 1262 1195 1336 orationis,
1210 1283 1254 1324 au

189 1347 249 1423 rei,
265 1348 350 1411 moa
368 1369 443 1412 sone
461 1358 602 1432 purgato
617 1358 668 1414 est.
712 1349 764 1414 Sic
778 1351 857 1413 enim
871 1348 998 1412 bonores
1010 1367 1078 1412 suos
1092 1356 1122 1410 et
1128 1346 1254 1430 samon

185 1455 291 1498 ,renen
302 1443 456 1518 gestamen
478 1437 588 1499 eutuiit
601 1435 709 1512 uerbis,
726 1437 769 1500 ad
787 1435 1035 1519 exstinguendum
1051 1434 1180 1498 inuidia
1192 1434 1254 1497 cri·

190 1541 268 1595 men,
282 1530 434 1603 tamquam
449 1522 526 1586 mibi
539 1522 579 1585 ab
593 1523 696 1606 infima
709 1543 827 1607 quoque
840 1521 1011 1604 perieulum
1024 1521 1076 1596 sit,
1092 1541 1130 1583 ne
1144 1541 1254 1584 memor

189 1607 367 1670 amuletum:
383 1616 413 1670 et
427 1629 488 1670 non
502 1609 541 1671 ob
556 1629 602 1685 eo,
616 1612 680 1692 qui,
695 1609 769 1693 quia
783 1630 875 1692 super
884 1618 997 1674 ceteros
1010 1607 1149 1683 eecetlot,
1164 1605 1255 1690 ²²quo

190 1714 238 1756 me
251 1691 370 1776 quoque*
379 1695 443 1758 niti
462 1695 700 1770 mundissimum,
717 1718 763 1760 me
774 1695 836 1760 sibi
848 1695 966 1779 aeqemri
981 1695 1069 1758 notit.
1092 1693 1136 1760 sir
1156 1714 1254 1758 senem

186 1800 222 1842 se
235 1779 427 1862 perfunctum
437 1780 608 1858 bonoribus,
621 1791 653 1846 et
665 1803 712 1846 ne
724 1782 813 1867 infra
822 1781 1017 1862 atatemfiiii
1030 1781 1122 1844 etiam
1136 1781 1186 1844 sui
1195 1801 1253 1862 po·

188 1865 269 1937 suit,-
292 1875 446 1948 tamquam
460 1887 521 1930 non
535 1869 666 1951 longius,
677 1889 766 1952 queam
781 1877 926 1952 quantum
942 1868 1014 1930 uita
1027 1867 1168 1929 buomnoe
1181 1887 1254 1949 spo·

189 1952 266 2014 tium
289 1961 342 2028 est,
358 1954 513 2034 cupiditas
530 1955 644 2038 gioria
664 1956 856 2031 extendatur,
877 1954 1069 2036 inanimaque
1087 1973 1167 2036 pars
1192 1951 1256 2036 ejus

190 2038 227 2100 in
240 2039 416 2104 memoriam
430 2060 469 2102 oe
481 2041 694 2122 posteritatem
709 2042 898 2124 prmnineot.
941 2039 1086 2102 Maeimo
1099 2040 1207 2122 urique
1221 2039 1257 2102 id

184 2124 329 2188 occidere
342 2125 445 2188 animo
458 2135 569 2190 certum
583 2126 688 2203 babeo,
700 2136 735 2191 ut
748 2149 780 2192 se
793 2148 853 2190 nors
867 2147 931 2190 cum
941 2125 1144 2208 presentibus
1158 2126 1254 2200 niodo,

187 2212 243 2274 sed
263 2231 329 2274 cum
353 2212 450 2276 omnis
470 2214 530 2276 aeui
550 2214 645 2278 claris
665 2214 752 2292 uiris,
767 2221 952 2296 comparent.
997 2211 1149 2296 Equidem
1171 2211 1257 2274 baud

188 2297 356 2375 dissimulo,
372 2319 419 2362 me
432 2307 511 2374 tuos,
532 2300 571 2374 Q.
588 2298 679 2376 Fabi,
692 2301 799 2364 taums
819 2321 880 2364 non
901 2300 1030 2382 adsequi
1050 2299 1145 2362 solum
1167 2299 1254 2374 velte,

187 2384 252 2459 sed,
269 2383 362 2467 (bono
376 2386 468 2448 uenia
481 2395 535 2449 tua
550 2386 695 2466 diaerim)
709 2389 739 2452 si
746 2387 871 2469 possim,
887 2387 980 2450 etium
995 2405 1187 2466 exsuperare.
1211 2384 1256 2448 Ii·

188 2471 247 2535 lud
259 2491 314 2533 neo
326 2470 387 2534 tibi
400 2473 435 2534 in
449 2493 505 2548 me,
522 2470 616 2536 23neu
629 2474 706 2538 mibi
723 2474 757 2536 in
771 2473 938 2538 minoribus
951 2483 1029 2536 natu
1042 2472 1142 2534 animi
1155 2471 1207 2547 sit,
1223 2479 1257 2534 ut

189 2556 327 2631 emlinus,
342 2579 517 2642 quemquam
532 2561 631 2624 nostri
644 2551 769 2624 similem
784 2561 912 2624 madere
925 2560 1029 2623 civem.
1052 2560 1088 2621 id
1100 2559 1180 2622 enim
1196 2577 1257 2622 non

188 2664 292 2708 eorum
307 2646 403 2721 modo,
416 2645 523 2728 quibem
537 2647 744 2723 inuiderimus,
760 2648 814 2710 sed
826 2645 1012 2728 respublica,
1029 2654 1058 2708 et
1070 2666 1148 2729 pene
1161 2645 1258 2708 omnis

184 2731 308 2814 generis
331 2729 467 2808 bomani,
494 2733 704 2798 detrimentum
726 2735 777 2797 sit.
824 2732 1083 2807 Commemoravit,
1111 2741 1257 2814 qreanmm

187 2837 280 2880 essem
299 2819 436 2899 periculi
456 2820 607 2895 aditurum,
623 2821 652 2884 si
674 2821 709 2884 in
728 2819 871 2904 Africam
895 2817 1084 2902 trajicerem:
1106 2826 1141 2880 ut
1162 2837 1258 2882 meam

187 2923 315 2987 quoque,
327 2925 393 2967 *non
406 2906 499 2970 sotum
514 2906 690 2989 reipublice
704 2915 733 2970 et
747 2908 904 2982 euerritus,
921 2906 1013 2969 uicem
1028 2905 1184 2968 uideretur
1197 2903 1257 2966 sol-

188 2989 300 3054 licitus.
330 2990 417 3054 Unde
430 2991 495 3055 bac
508 3002 633 3076 repente
645 3015 718 3056 cura
734 2995 772 3056 de
785 3015 832 3056 me
845 2989 976 3056 enoria?
990 3012 1080 3075 quum
1088 2999 1185 3073 pater
1194 3011 1257 3072 po·

188 3085 334 3160 tenusque
346 3099 427 3142 mesu
442 3079 607 3163 immisti,
623 3101 710 3163 quum
725 3081 785 3142 duo
805 3081 954 3144 exercitus
975 3099 1076 3142 eorum
1093 3098 1195 3160 prope
1209 3097 1257 3140 oe·
1321 3071 1335 3090 ¹

189 3163 310 3225 oidiorre
321 3165 412 3226 occisi
422 3175 527 3240 essent,
540 3186 629 3249 mum
639 3167 758 3230 amissa
768 3165 947 3249 Hispania,
961 3185 1049 3248 quum
1062 3174 1194 3247 quotuor
1205 3184 1257 3226 ea·

160 3283 168 3292 ·
188 3249 300 3312 arcitus
312 3249 485 3328 Poeuorum,
496 3261 696 3337 quatuorque¹
710 3254 796 3315 demes
807 3253 909 3315 omnia
921 3261 1000 3316 metu
1011 3251 1163 3332 armisque
1173 3258 1257 3311 tene·

188 3344 271 3414 rent,
287 3356 374 3418 quum
389 3339 532 3419 quaesitus
545 3339 590 3400 ud
610 3340 646 3402 id
665 3339 771 3402 beilum
793 3339 961 3421 imperator
975 3356 1060 3398 nemo
1074 3357 1106 3397 se
1121 3335 1257 3396 ostende·
1292 3409 1296 3416 ι

186 3429 246 3498 ret,
256 3431 376 3504 praeter
389 3443 445 3498 me,
462 3444 545 3486 nemo
558 3421 731 3507 ²⁴prmiteri
745 3445 851 3488 nomen
865 3444 955 3486 ausus
977 3429 1061 3497 esset,
1078 3441 1166 3504 quum
1181 3421 1259 3484 mibi

582 3550 593 3578 ¹
603 3551 703 3608 mutuor
713 3546 787 3594 Gron.
796 3545 868 3592 Cres.

220 3633 253 3683 εἰ
280 3635 330 3690 Quo
355 3653 392 3687 me
419 3653 506 3703 quoque
528 3644 587 3707 eus]
616 3644 704 3705 Scripsi
737 3640 1018 3704 smpummmrmo:
1035 3639 1100 3700 quoe
1116 3636 1255 3683 nonmus-

180 3699 311 3748 vGronovio
323 3709 347 3750 et
366 3706 434 3752 nobis
449 3707 552 3768 inspecti
568 3717 650 3756 carent
662 3723 705 3755 vo·
736 3710 766 3755 de
788 3715 869 3754 ortum
892 3707 1051 3768 suspicamur,
1073 3715 1147 3765 quam
1173 3714 1204 3748 ex
1225 3714 1255 3746 eo

187 3765 257 3812 cibus
274 3781 319 3826 quo
337 3783 381 3816 me.
415 3771 461 3816 Sed
484 3785 524 3818 eos
543 3785 591 3818 non
609 3775 705 3820 dubito·
736 3773 801 3834 quod
830 3770 856 3819 ei
878 3774 978 3818 minores
1005 3771 1084 3830 primo
1111 3773 1254 3826 corruptum

186 3843 245 3876 mus
269 3833 394 3896 absorptos
418 3847 471 3884 esse
495 3851 510 3882 o
531 3851 589 3883 voce
611 3851 703 3898 quoque.
735 3839 810 3885 fuerit
820 3839 847 3884 in
857 3838 962 3892 ninom,
975 3831 1070 3889 deinde,
1082 3845 1170 3895 genere
1186 3845 1257 3877 men·

187 3893 227 3940 Sic
246 3902 271 3942 et
290 3909 358 3959 mox,
373 3903 438 3961 quod
457 3903 523 3948 dedit
543 3901 666 3962 Sigonius,
679 3909 704 3950 et
736 3903 762 3949 di
780 3903 985 3966 frequentissimo,
997 3914 1027 3946 ex
1045 3897 1143 3944 missorio
1161 3899 1256 3943 fectum

185 3972 272 4006 sensus
289 3963 391 4024 flagitat,
404 3963 553 4026 perstandum
570 3967 703 4026 umoribus,
736 3967 768 4012 sit
784 3967 918 4014 minoribus.
952 3965 976 4012 Si
993 3971 1075 4010 tomen
1093 3962 1148 4024 quie
1166 3961 1256 4008 mordi-

184 4023 211 4068 in
240 4027 307 4074 nullo
334 4032 475 4076 eorumdem
503 4032 613 4078 codicum
638 4033 703 4094 inte-
736 4045 780 4078 eus
799 4031 1034 4090 retinentissimum
1056 4029 1195 4082 lectionem,
1213 4027 1257 4070 he·

185 4099 322 4148 mmest:
340 4093 365 4139 in
379 4095 446 4140 nullo
462 4102 600 4142 exstatvox
610 4097 702 4142 bonori-
736 4097 802 4143 bebit
824 4097 888 4142 unde
911 4109 965 4142 eam
988 4095 1051 4140 tueri
1078 4093 1160 4153 uliqu'o
1184 4091 1257 4138 modo

185 4151 234 4201 but·
266 4156 346 4210 Quam
366 4165 447 4205 tumen
467 4161 573 4221 relegere
590 4163 645 4222 quis
661 4175 704 4209 au·
736 4161 823 4222 possit,
841 4161 866 4204 in
884 4165 934 4205 not.
954 4159 1070 4205 Gronovii
1089 4159 1121 4204 sd
1140 4157 1222 4203 Senes.
1240 4155 1256 4200 1.

185 4218 239 4265 'Iti
256 4219 320 4273 Quid
332 4223 377 4268 erit
388 4222 547 4285 perfunctum,
560 4226 594 4274 sic
605 4228 670 4274 nude
681 4233 705 4273 ei
738 4225 781 4272 IV.
793 4223 885 4276 Quaest.
898 4223 987 4269 Natus.
1001 4225 1094 4282 praefet.

185 4284 295 4332 absolute
307 4288 420 4346 positum.
770 4285 942 4346 24'Proflteri
958 4288 1052 4350 norrun]
1072 4288 1129 4333 Vid.
1147 4293 1198 4333 not.
1216 4281 1259 4331 82.

220 4349 252 4396 28
276 4351 333 4398 Nou
363 4353 475 4400 mibidu
504 4357 605 4404 minores
634 4354 704 4417 reatu]
738 4356 768 4400 ad
779 4350 877 4399 XXVI.
890 4353 927 4400 18.

794 4413 865 4478 114
