3136 4970
292 121 382 212 'uuo
716 145 991 208 murman
1044 163 1047 172 ·

159 327 190 375 υ.
201 325 228 375 c.
242 325 297 374 stt.
322 311 391 379 miti
406 322 508 392 eraut,
523 290 647 398 sub'jus
660 309 877 398 ditionemque
897 253 1086 396 redigardos
1106 310 1230 378 missos.
1276 281 1402 402 Scipio

151 392 297 477 4⁰:²⁰⁶*
324 397 567 487 Karthaginem,
590 399 631 465 ad
654 407 728 470 rota
748 396 899 463 solvenda
921 397 1005 476 Diis,
1031 415 1209 486 munusque
1228 397 1389 488 gladiato

157 457 301 580 ἓξὲξ,
320 485 416 563 riorus
432 485 518 571 quod
534 486 646 550 mortis
660 505 771 550 mussa
790 483 893 569 patris
914 483 1084 571 patruique
1097 503 1274 585 paraverat,
1289 489 1388 552 eden-

156 586 280 660 uqurum·
320 571 410 650 dum,
425 572 528 636 rediit.
573 570 809 636 Gladiatorium
831 569 1045 656 spectaculum
1060 569 1121 636 furt
1139 591 1205 636 nou
1219 593 1261 638 ex
1275 595 1313 637 eo
1326 597 1393 662 ge·-

156 649 304 712 “fl-‘ffllm
319 679 396 724 uere
409 657 587 734 hominum,
603 679 643 723 cx
658 678 723 743 quo
737 655 857 721 lanistis
877 677 1063 742 comparare
1082 677 1152 722 mos
1170 669 1228 739 est,
1243 658 1393 724 ¹'servo-·

318 765 402 822 rum,
418 743 535 828 quivcl'
548 743 690 808 venalem
701 742 888 830 sanguinem
902 742 1034 811 habent.
1077 743 1266 809 Voluntaria
1279 747 1388 812 omnia

318 831 503 982 illidii
515 829 840 1002 &22:⁸12th
853 828 1391 984 fllirlllsffilllffills‘bli

317 937 1133 1175 affligam
1149 1002 1392 1158 tinere:

316 1187 399 1258 rent,
422 1177 529 1242 traxit
552 1174 691 1261 quidm,
706 1197 785 1264 quas
806 1174 1015 1262 disceptando
1035 1176 1264 1242 controversias
1285 1177 1383 1245 finire

316 1263 523 1350 nequiverant
531 1271 555 1340 q,
576 1273 631 1328 aut
654 1261 832 1340 uoluerant,
854 1272 951 1347 pacto
970 1262 1054 1329 inter
1075 1283 1119 1342 se,
1133 1261 1205 1328 uut
1225 1261 1381 1330 victorem

315 1346 1081 1512 ttmtqt‘tltltl„ltt3⁰tl”blttt
1096 1347 1228 1501 32⁰5
1251 1351 1389 1502 illl}

312 1519 435 1614 fratres,
451 1519 492 1586 de
512 1520 693 1606 principatu
707 1457 851 1597 ciritatlls,
867 1542 963 1607 quarn
985 1521 1075 1588 Ibem
1089 1457 1377 1601 vocabudllambi-

311 1619 432 1694 gentes,
447 1606 532 1672 lerro
546 1631 580 1672 se
593 1619 766 1673 certaturos
786 1605 919 1692 professi
936 1619 1020 1673 sunt.
1065 1607 1180 1674 Corbis
1193 1609 1295 1696 major
1307 1623 1381 1676 erat

311 1703 417 1758 atate.
462 1691 577 1759 Orsua
591 1705 682 1780 pater
701 1694 848 1780 princeps
868 1693 1018 1778 proxime
1037 1691 1151 1771 suerat,
1166 1693 1294 1764 alratre
1307 1717 1380 1762 ma-

306 1779 379 1865 jore
401 1792 472 1865 post
496 1793 631 1860 mortem
674 1781 722 1844 'ua
746 1779 927 1866 principatu
950 1792 1092 1866 accepto.
1135 1780 1245 1857 Quum
1270 1782 1377 1848 verbis

311 1865 488 1951 disceptare
510 1867 651 1953 Scipion
692 1878 734 1945 et,
756 1889 795 1932 ac
816 1867 925 1932 sedare
950 1866 1029 1944 iras3
1051 1879 1202 1954 negatum
1224 1867 1258 1932 id
1278 1869 1378 1934 ambo

310 1951 417 2018 dicare
431 1953 654 2018 communibus
672 1953 825 2041 cognatis,
840 1973 900 2018 nec
921 1951 1018 2018 alium
1033 1952 1178 2018 Deorum
1195 1954 1378 2020 hominum-

312 2061 360 2117 ve,
376 2061 470 2128 quam
488 2038 639 2118 Martem,
654 2062 689 2107 se
704 2039 847 2127 judicem
864 2037 1028 2106 babituros
1041 2061 1117 2104 case.
1137 2075 1140 2080 ·
1163 2040 1293 2106 Robore
1306 2062 1377 2108 ma-

304 2125 370 2210 jor3
385 2126 491 2192 minor
504 2128 583 2192 dore
596 2127 700 2193 aetatis
713 2125 812 2204 ferox,
828 2138 962 2192 mortem
976 2125 1207 2203 iu'certamine,
1221 2149 1316 2212 quam
1338 2143 1376 2195 ut

217 2213 219 2218 ’
309 2211 389 2278 alter
411 2213 540 2278 alterius
554 2213 597 2278 im
639 2213 688 2278 rio
708 2212 924 2298 subjiceretur,
939 2225 1162 2298 praeoptantes,
1178 2213 1309 2299 ¹⁴quum
1324 2214 1377 2279 di·

308 2299 382 2366 rimi
396 2299 438 2366 ab
455 2311 545 2366 tauta
624 2299 654 2364 ie
668 2299 859 2386 nequirent'‚
874 2298 998 2387 insigne
1019 2299 1234 2385 spectaculum
1248 2303 1375 2366 exarci-

309 2385 358 2450 tui
384 2385 550 2468 praebuere
570 2385 870 2472 documentumque,
892 2397 1046 2472 quantum
1067 2385 1224 2470 cupiditas
1246 2385 1375 2471 imperii

308 2470 428 2536 malum
442 2473 526 2536 inter
547 2475 696 2540 mortales
714 2484 803 2538 esset.
847 2470 958 2558 Major
980 2493 1040 2538 usu
1061 2493 1223 2538 armorum
1247 2485 1279 2546 et
1300 2487 1373 2540 astu

308 2555 401 2622 facile
421 2557 549 2624 stolidas
569 2559 652 2624 vires
675 2559 807 2624 minoris
827 2558 995 2642 superarit.
1041 2557 1132 2626 Huic
1154 2558 1370 2645 gladiatorum

310 2643 491 2728 spectacdo
503 2643 572 2710 ludi
585 2643 731 2712 funebres
747 2644 849 2711 additi
863 2643 957 2731 ¹⁶,pro
970 2644 1073 2730 copia,
1088 2657 1120 2710 et
1137 2644 1321 2730 provinciali
1336 2659 1371 2712 et

309 2731 460 2796 castrensi
475 2729 643 2816 adparatu.

355 2817 475 2912 XXII.
500 2817 566 2884 Res
590 2817 716 2884 iuterim
742 2815 947 2885 nibilominus
972 2817 1145 2906 ablegatis
1167 2818 1373 2907 gerebantur.

342 2975 761 3032 ιιινυοηωιάσὶιοίυασὶὣινοννηι,
773 2975 901 3038 quiGrou.
1040 2977 1287 3036 amqutcmstsrou.
1300 2977 1375 3026 Grec.

309 3040 321 3070 ¹
330 3037 391 3100 qaod
400 3037 428 3086 ab
439 3043 503 3086 tastu
514 3039 579 3087 ralis
588 3039 670 3088 dirimi
681 3040 801 3102 acquirent
811 3040 887 3088 Gron.
903 3053 974 3103 quam
984 3037 1012 3088 cl
1022 3043 1063 3087 etc.
1076 3039 1144 3087 Crev.

307 3168 697 3230 aliorumoodicumiguorareot.
728 3169 826 3216 Atoos
857 3181 921 3228 ross,
939 3167 1099 3233 qalucsolcas
1118 3164 1373 3230 mmmmm

308 3246 364 3280 sam
379 3241 405 3280 et
417 3233 443 3280 in
455 3233 511 3282 Put.
528 3240 553 3281 ct
569 3233 595 3280 iu
611 3233 697 3281 ceteris
712 3233 826 3280 omuibus
856 3235 934 3282 oratio
954 3233 1035 3284 inutili
1052 3232 1148 3280 macine
1164 3233 1293 3280 verborum
1313 3245 1375 3278 oue-

220 3323 226 3330 ·
308 3298 398 3345 nostris
419 3305 514 3346 exstare
540 3305 670 3358 testamur,
691 3297 739 3345 uisi
759 3299 825 3360 quod
856 3304 916 3345 rata.
1235 3307 1239 3313 ·

308 3363 409 3423 quidam
420 3364 509 3412 aanor.
890 3361 942 3410 ts·
953 3362 986 3411 Ut
996 3363 1107 3408 clamem
1123 3373 1160 3408 rer
1174 3358 1319 3424 requam]
1337 3359 1372 3408 lit

343 3426 538 3483 lt'Smoram,
559 3429 627 3488 quior
648 3427 750 3476 concissa
769 3441 825 3474 sca·
856 3427 1094 3484 victorinum,
1104 3425 1314 3486 dequoliseaset

305 3493 404 3554 niuem
418 3491 512 3556 dolcat]
529 3491 670 3552 Servorum,
680 3492 719 3539 vel
735 3492 822 3539 libem·
888 3490 920 3538 14
937 3491 1016 3548 Quam
1025 3483 1053 3537 ol
1067 3492 1132 3536 aaa
1145 3488 1219 3552 roim]
1236 3489 1373 3536 Rbeoauus

307 3569 363 3604 rum
383 3557 512 3604 homiuum
530 3557 573 3616 qui
594 3558 705 3605 anaema
726 3561 825 3616 accepta
855 3569 899 3618 pro
913 3569 985 3616 quami
995 3560 1134 3616 reposuerat
1148 3551 1214 3615 qaod.
1242 3551 1371 3614 Sedprius

307 3621 452 3682 sanguinem
468 3621 581 3668 etvitam
595 3621 741 3681 impendunt
756 3633 824 3681 spec·
854 3621 916 3668 illud
934 3620 1013 3682 mapa
1034 3619 1123 3680 placat,
1142 3626 1168 3665 et
1188 3617 1276 3665 niuem
1293 3617 1371 3678 usp.
1491 3638 1494 3647 .

308 3686 415 3733 tantiam
423 3685 587 3733 oblectationi.
618 3685 727 3746 †Secuti
737 3697 824 3732 murus
855 3685 894 3732 tia.

307 3763 366 3798 curu
385 3751 479 3797 clerico
495 3750 656 3798 certiuiruam
673 3750 824 3797 emendatio·
887 3749 919 3797 15
934 3748 987 3796 Pro
1003 3750 1110 3810 cops'o‚et
1125 3747 1266 3808 provinciali
1279 3751 1304 3794 ct
1318 3760 1370 3794 car·

308 3828 366 3862 nem
402 3814 528 3873 Gronovii,
549 3815 601 3874 qui.
630 3828 708 3876 quum
735 3814 822 3874 optimi
854 3813 927 3862 tressi
942 3811 1070 3875 apparato]
1086 3811 1166 3860 Vacat
1181 3825 1227 3859 roa
1243 3815 1370 3874 amma,

308 3877 382 3926 MSS.
399 3877 504 3930 babeant
522 3891 642 3926 acconam
663 3880 704 3941 qut
720 3878 822 3926 aarum
854 3883 880 3924 et
895 3878 992 3925 videor
1008 3877 1034 3923 iu
1053 3882 1196 3924 contextum
1212 3876 1336 3937 irrepsisse
1355 3889 1372 3923 e

306 3943 445 4004 nminem
466 3941 559 4003 bostat,
579 3943 662 3990 addita
683 3943 769 3991 voarrla
795 3957 823 3990 cc
854 3943 973 4003 margim,
991 3942 1035 3989 ubi
1052 3943 1084 3990 ud
1102 3941 1308 4002 interpretandam
1325 3951 1371 3988 so·

306 4013 360 4068 post
371 4006 421 4066 qul,
431 4007 488 4054 huic
503 4007 557 4054 loco
567 4009 696 4056 unitatem
706 4008 821 4055 restituit.
854 4021 908 4054 cem
926 4006 992 4068 copia
1007 4019 1023 4053 a
1041 4006 1122 4053 nescio
1138 4020 1188 4066 quo
1203 4005 1262 4066 paui
1278 4006 1370 4066 potuit.

306 4071 356 4126 Qui
365 4071 475 4118 venalem
492 4073 635 4132 sanguinem
652 4073 764 4128 habetis
779 4085 822 4118 ue·
854 4071 906 4117 Pro
918 4071 982 4132 copia
998 4077 1022 4118 et
1035 4069 1174 4130 provinciali
1194 4074 1218 4118 st
1236 4071 1366 4118 omma.-

165 4143 170 4153 '
232 4171 237 4179 .
306 4135 409 4183 cessario
424 4135 485 4183 liber
500 4142 546 4186 cst.
578 4137 665 4198 Neque
680 4137 747 4183 enim
758 4135 821 4183 servi
853 4137 879 4184 id
895 4141 942 4190 est,
960 4149 1009 4184 non
1028 4135 1157 4196 magnifico
1172 4141 1297 4196 apparatu.
1308 4147 1370 4194 qua·

305 4207 408 4262 possum
425 4201 537 4247 venalem
558 4203 646 4249 habere
667 4201 821 4264 sanguinem,
853 4202 884 4248 lis
898 4207 950 4248 crat
964 4200 1078 4247 ludorum
1088 4199 1131 4260 qui
1146 4199 1171 4244 in
1187 4201 1248 4246 urbs
1263 4200 1368 4246 edeban-

306 4265 385 4326 quiin
396 4265 552 4316 dominorum
563 4272 682 4328 potestate
692 4273 738 4314 cst.
756 4265 821 4312 Vui-
853 4272 903 4321 tur,
914 4264 956 4311 sed
970 4277 1015 4324 pro
1024 4273 1053 4314 ea
1062 4265 1142 4324 copia,
1151 4277 1200 4324 qua
1214 4263 1301 4312 instrui
1312 4269 1367 4325 pota
1485 4269 1490 4282 ’

305 4343 338 4394 go
353 4331 443 4396 legitur
459 4343 578 4382 ursorum
596 4330 683 4384 &tcto
697 4345 725 4380 ac
739 4329 820 4381 stoo
853 4329 1280 4396 eautmproviuctaaiorastria·
