3136 4970
372 192 450 254 aso·
683 183 686 194 '
765 186 878 251 ΤΙΤΙ
907 187 1045 252 ιινῐ]

213 377 242 426 a.
252 377 279 424 c.
292 355 347 425 54⁷ss
371 359 596 443 alienigenam·
618 358 699 422 velat
713 359 757 420 ad
769 377 918 420 emamane
932 347 1176 442 'restinguendam
1188 355 1361 422 incendium
1372 373 1444 417 eon·

212 443 242 491 ⁶¹
252 443 279 490 ⁰·
292 444 349 491 ²⁰⁵·
365 456 506 510 narrent.
551 443 656 508 Aliter
670 445 763 508 iidem
778 445 829 508 illi
844 444 1123 528 Karthaginienses
1133 443 1324 528 Hispaniam
1336 439 1444 524 desen·

363 536 506 596 'deruntr
527 532 746 594 alitermoenia
756 531 884 612 patria,
896 533 1009 612 templa
1020 531 1132 607 Derim,
1149 550 1223 613 cras
1237 537 1269 592 et
1268 529 1373 613 ferros,
1389 528 1443 590 de·

360 620 516 704 fendent,·
540 637 630 704 qaum
644 626 746 681 euntes
760 618 795 680 in
811 611 957 698 praelium
967 619 1089 699 pavida
1100 625 1300 700 prosequetur
1320 612 1444 698 conjece,

373 715 411 770 et>
423 705 521 788 parui
546 704 639 767 liberi
663 702 873 768 oberasabant.
920 701 1007 775 Quid
1028 709 1149 786 porro?
1176 701 1212 769 Si
1235 703 1314 765 satis
1338 700 1447 783 confisi

376 791 656 875 Karthaginienses
668 809 810 854 conserua
825 788 1031 892 Africae,fide
1043 791 1188 854 sociorum
1208 809 1322 873 regum,
1337 787 1448 850 maeni·

372 878 428 955 ¹bus
441 879 516 953 sais,
532 897 620 961 quum
635 886 688 940 tua
702 877 907 960 euerritusque
921 886 966 939 tur
982 878 1135 960 prasidio
1150 877 1298 939 nudatam
1315 875 1445 938 ltaliam

361 964 521 1040 uiderint,
538 965 601 1046 tarsi
620 966 702 1027 selmo
716 983 823 1026 nomam
838 963 999 1026 concitum
1016 965 1050 1026 ia
1065 959 1192 1028 Italiam
1207 971 1263 1025 aut
1276 983 1315 1024 ca
1328 960 1447 1046 Aprica

366 1051 533 1122 miserint·
557 1059 613 1113 aut
627 1050 803 1134 Magnam,
820 1059 915 1132 quem
931 1069 952 1112 a
966 1049 1151 1114 Baliaribus
1169 1051 1263 1112 classe
1282 1049 1446 1111 transmis-

374 1160 420 1213 sa,
437 1136 509 1220 jam
532 1145 649 1218 prater
673 1156 758 1198 mom
782 1135 930 1219 Ligurum
957 1136 1141 1218 Alpinorum
1167 1135 1283 1198 macri
1312 1141 1445 1212 corcstat,
1493 1133 1494 1138 ’

375 1223 559 1287 Hannibali
566 1244 598 1286 se
606 1219 786 1306 conjungere
783 1219 959 1302 jusserint?
976 1221 1094 1304 Nempe
1103 1225 1136 1287 in
1145 1223 1244 1285 eodem
1254 1230 1375 1284 terrore
1383 1221 1445 1282 eri·

374 1324 449 1385 mas,
466 1311 574 1391 inquo
587 1307 824 1391 nupersuimuo
840 1327 927 1391 quum
944 1308 1127 1374 Hasdrubal
1147 1309 1180 1371 in
1194 1308 1325 1373 Italiam
1340 1316 1446 1370 mans

374 1397 494 1460 tendit.-
521 1415 606 1478 qaem
631 1403 674 1470 tu,
702 1395 756 1476 qui
780 1413 841 1457 noa
866 1395 958 1457 solum
986 1395 1223 1480 Karthaginem,
1249 1395 1305 1457 sed
1327 1413 1445 1456 omnmo

376 1482 532 1567 Africam,
548 1482 683 1544 exercitu
696 1489 749 1544 tuo
763 1499 794 1544 es
812 1482 976 1559 clausurus,
993 1481 1161 1545 emanibas
1182 1481 1245 1545 tuis
1264 1482 1299 1544 in
1316 1481 1445 1542 ltaliam
1471 1487 1473 1494 '

376 1567 513 1631 emisisti.
562 1565 679 1630 Virtam
694 1587 715 1628 a
732 1575 763 1630 te
784 1567 888 1630 dices.-
912 1569 1085 1654 ecquidem
1106 1569 1205 1632 minus
1226 1569 1342 1642 vellem,
1358 1573 1389 1629 et
1411 1566 1447 1628 id

375 1663 440 1730 tua,
456 1674 518 1716 non
531 1651 708 1736 reipublice
721 1655 825 1729 solata,
841 1673 959 1732 caussa,
973 1656 1036 1718 iter
1049 1657 1153 1717 datum
1167 1655 1247 1717 uicto
1265 1655 1298 1716 in
1315 1653 1444 1716 Italiam

375 1759 448 1804 esse.
494 1741 620 1815 Patere,
635 1759 691 1803 nos
705 1740 819 1818 onnia,
835 1759 902 1823 qua
915 1759 1067 1824 prospera
1082 1741 1141 1804 tibi
1155 1762 1192 1803 ac
1200 1741 1314 1823 pepuli
1331 1738 1446 1801 Roma·

296 1839 299 1847 ’
376 1828 426 1890 niy
448 1827 577 1904 irnperio
595 1847 728 1901 euenere,
744 1835 796 1889 tuo
818 1828 947 1889 consilio
963 1829 1151 1911 adsignare,·
1175 1829 1305 1890 adversa
1325 1824 1446 1888 casibra

377 1915 502 1976 incertis
516 1913 590 1976 belli
604 1922 633 1975 et
635 1912 780 1997 fortuna
793 1910 819 1950 ²¹
828 1913 977 1997 delegare.
1013 1915 1081 1988 Quo
1094 1915 1201 1976 melior
1202 1913 1389 1999 fortiorque
1403 1931 1443 1985 es,

375 2019 411 2062 eo
427 2001 630 2084 magistatem
639 1999 804 2082 praesidem
818 1999 879 2062 sibi
894 2001 1002 2081 patria
1017 2010 1109 2083 atque
1121 2001 1264 2062 anniversa
1278 1995 1382 2062 Italia
1397 2017 1445 2060 re·
1528 2017 1529 2076 ς

375 2088 465 2151 tinet.
488 2085 561 2149 Non
570 2095 709 2168 potesne
719 2087 785 2168 ipse
800 2087 918 2168 quidem
930 2087 1132 2162 dissimulare,
1144 2085 1198 2149 ubi
1210 2085 1379 2149 Hannibal
1392 2085 1444 2159 sit,

373 2174 422 2236 ibi
436 2181 528 2255 caput
543 2181 635 2256 atquc
650 2185 749 2235 arcem
759 2170 849 2254 hujus
859 2172 932 2234 belli
946 2194 1016 2236 esse.
1033 2175 1146 2257 'quippe
1160 2174 1214 2256 qui
1222 2185 1294 2255 pree
1305 2172 1446 2256 teseras,

367 2281 442 2324 eam
456 2259 517 2323 tibi
530 2279 665 2322 cuasam
687 2257 868 2342 trajiciendi
882 2260 916 2321 in
931 2259 1072 2342 Africam
1094 2281 1166 2339 esse,
1181 2269 1216 2322 ut
1229 2257 1444 2322 Hannibalem

374 2364 409 2409 eo
423 2347 541 2410 trahas.
585 2346 657 2410 Sive
671 2345 770 2429 igitur
782 2345 841 2421 hic,
857 2346 921 2408 sive
942 2345 1016 2420 illic,
1031 2367 1095 2409 cum
1110 2344 1297 2409 Hannibale
1318 2354 1363 2408 est
1384 2343 1445 2406 tibi
1528 2405 1529 2436 ¹

361 2433 481 2516 futura
496 2454 554 2496 res.
605 2431 712 2496 Utrum
727 2452 801 2515 ergo
818 2433 1079 2515 tandemfirmior
1093 2435 1155 2497 eris
1170 2435 1203 2496 in
1218 2429 1332 2516 Africa
1353 2431 1445 2508 solas,
1528 2445 1529 2508 l

375 2539 417 2580 an
432 2519 494 2594 hic,-
504 2527 557 2580 tuo
570 2519 749 2602 collegaque
763 2519 811 2581 tui
821 2520 955 2582 eaereitu
966 2519 1145 2604 corrjuacto?
1161 2539 1199 2582 ne
1212 2519 1361 2583 Claudius
1375 2517 1444 2600 qui-
1528 2519 1529 2600 ἐ

375 2607 441 2667 dem
456 2613 487 2666 et
500 2604 613 2667 Livias
627 2606 761 2669 consides
774 2613 837 2668 tam
852 2607 968 2668 recenti
977 2608 1122 2688 exemplo,
1138 2615 1283 2690 quantam
1299 2605 1334 2667 id
1348 2605 1446 2666 inter
1528 2601 1529 2694 l

375 2692 427 2766 sit,
443 2692 618 2754 documento
639 2695 735 2754 sunt?
764 2691 874 2765 Quid?
900 2692 1109 2756 Hannibalem
1132 2701 1230 2755 atrum
1250 2692 1375 2755 tandem
1393 2711 1445 2752 ea·
1528 2709 1529 2768 s

375 2787 486 2842 tremus
497 2779 627 2861 angulus
641 2777 714 2860 agri
728 2773 1072 2862 Bruttu'i„srustr·ajorn
1085 2781 1140 2843 diu
1148 2787 1320 2861 poscentem
1334 2775 1375 2839 ab
1390 2778 1444 2839 do·
1528 2771 1529 2832 ἶ

376 2885 423 2928 mo
437 2865 570 2940 ancilia,
583 2883 625 2926 aa
630 2864 810 2948 propinqua
821 2863 985 2947 Karthago
997 2875 1026 2928 et
1036 2875 1102 2929 tota
1113 2867 1198 2929 socio
1210 2865 1324 2950 Africo
1332 2872 1446 2945 poten·

375 2951 483 3014 tiorem
509 2952 605 3014 armis
630 2950 904 3033 virisqaesaciet?
930 2952 1021 3024 erod
1044 2953 1127 3016 istud
1148 2952 1305 3014 consilinm
1327 2959 1383 3026 est,
1401 2949 1446 3012 ibi

376 3037 468 3100 malle
482 3038 651 3110 decernere,
667 3036 720 3100 ubi
740 3045 801 3099 tua
816 3033 945 3100 dimidio
966 3040 1097 3102 minores
1118 3039 1214 3120 copia
1227 3039 1299 3112 sint,
1316 3037 1446 3100 hostium

376 3125 469 3186 multo
489 3121 629 3206 majores,
649 3144 738 3206 quam
763 3123 817 3186 ubi
841 3123 955 3186 duobus
975 3125 1155 3188 exercitibus
1176 3127 1321 3188 adversus
1342 3143 1447 3201 unam,

375 3219 422 3274 tot
432 3211 556 3292 proeliis
566 3219 596 3272 et
606 3219 669 3272 tom
680 3211 828 3272 diuturna
841 3219 870 3272 et
880 3211 975 3292 grant
985 3213 1100 3275 militia
1103 3211 1231 3296 finum,
1242 3211 1447 3295 pugnandam

375 3299 440 3361 sit?
456 3295 559 3374 Quam
573 3317 698 3378 compar
708 3297 866 3360 consiliam
881 3305 960 3358 taam
970 3300 1116 3380 parentis
1130 3298 1178 3360 tui
1191 3299 1319 3360 consilio
1331 3297 1384 3371 sit,
1397 3317 1447 3358 re·

370 3393 463 3466 puta.
510 3383 578 3459 Ille,
594 3384 696 3446 consul
713 3383 868 3468 prohetas
889 3384 923 3444 in
940 3381 1140 3466 Hispaniam,
1156 3392 1191 3446 ut
1206 3383 1389 3447 Hannibali
1407 3381 1447 3444 ab

378 3469 508 3554 Alpibus
517 3465 709 3533 descendenti
723 3469 904 3544 absumeret,
917 3469 951 3531 in
966 3469 1093 3534 ltaliam
1105 3492 1142 3533 ea
1150 3471 1316 3553 provincia
1330 3470 1445 3532 rediit:

377 3567 420 3634 ta,
431 3561 520 3640 quum
531 3555 698 3622 Hannibal
712 3556 746 3618 in
757 3557 854 3618 ltalia
869 3557 920 3630 sit,
930 3558 1102 3642 relinquere
1112 3557 1238 3620 ltaliam
1247 3577 1368 3638 paras,·
1385 3575 1448 3618 non

272 3721 274 3726 Ι
377 3645 451 3726 quia
463 3641 640 3724 reipublicae
651 3643 686 3705 id
696 3641 781 3722 utile,
790 3641 844 3705 sed
858 3641 1002 3725 quintili
1015 3645 1147 3725 amplum
1160 3643 1365 3726 ‹et-gloriosum
1376 3663 1446 3705 cen-

376 3750 422 3792 ses
436 3751 513 3792 esse:
529 3730 607 3792 sicut
617 3749 717 3812 qaum,
727 3729 892 3810 prouincia
904 3737 934 3790 et
944 3731 1204 3806 eaercitarelicto,
1216 3731 1282 3792 sine
1293 3731 1370 3812 lege,
1380 3730 1449 3792 siae
1528 3741 1529 3748 ’

376 3817 642 3890 senatusconsulto,
658 3813 775 3878 duabus
789 3815 916 3882 navibus
924 3818 1037 3900 populi
1048 3817 1186 3880 Romani
1200 3815 1446 3898 imperatorfor-

377 3911 483 3964 tunam
496 3901 652 3982 publicam
668 3910 699 3964 et
712 3899 899 3984 majestatem
916 3904 1049 3986 imperii,
1066 3924 1133 3986 qua
1146 3911 1209 3968 tum
1223 3905 1258 3969 in
1276 3912 1328 3964 tuo
1341 3903 1448 3983 capite

371 3987 645 4070 periclitabantur,
661 3989 843 4051 commisisti.
888 3991 960 4075 Ego
980 3991 1021 4053 P.
1040 3991 1223 4066 Cornelium,
1240 3991 1354 4052 Patres
1375 4009 1448 4050 eon-

638 4162 652 4202 t
657 4157 741 4220 populi
751 4159 855 4208 Rornaai
865 4159 882 4206 1.
894 4159 1023 4224 reipubliea
1034 4161 1109 4208 Gran.
1118 4159 1187 4214 Cres.

406 4301 435 4350 21
460 4302 590 4366 Diagon}
620 4304 676 4352 Hoc
699 4307 809 4360 verbum,
831 4309 896 4366 quod
929 4303 1200 4368 Gronoviiconjectura.
1234 4306 1341 4356 trilibris
1357 4303 1447 4366 legitur

379 4373 446 4415 ament
460 4381 576 4429 usurpare
592 4368 687 4427 Livius,
699 4371 738 4416 his
753 4371 775 4416 ei
790 4372 897 4418 restituit
928 4372 1065 4432 tegra-ema
1076 4372 1184 4431 relegare.
1200 4387 1203 4392 ·
1336 4389 1339 4394 ·
