3064 4976
275 233 278 238 .
329 182 370 240 ss
638 230 641 236 .
675 244 680 255 ,
721 175 998 244 τιτιίινιι

172 355 201 405 u.
214 357 242 406 c.
251 355 307 406 aas
327 342 479 430 guastinis.
501 339 572 408 ’Διΐ
585 319 701 407 lbnum
715 351 759 416 est
773 341 960 428 &garam
983 363 1128 430 nusquam
1140 351 1173 409 te
1186 345 1401 430 maanus·

170 423 202 472 Α·
211 425 243 476 »⁶⁴
252 421 307 470 ²¹⁸·
330 431 427 508 aeris,
456 431 573 494 Parum
585 439 638 506 est,
651 430 733 513 quod
741 430 918 494 oetanimas
926 431 1105 512 provinciae
1114 451 1195 496 meas
1209 431 1348 498 Siciliam
1359 443 1393 498 et

331 517 510 582 Sardiniam
521 516 642 580 adimis.
654 517 746 579 etiam
758 515 956 602 Hispanias?
972 525 1002 578 et
1012 515 1103 580 ⁹inde
1115 539 1238 595 cessero,
1252 521 1286 582 in
1296 518 1391 604 Afri-

331 623 396 670 cam
408 603 608 668 transcendes.
650 602 856 666 Transcendes
869 611 981 680 amen,
992 604 1087 666 dico?
1103 605 1177 668 meos
1190 607 1321 670 mandes
1331 605 1390 669 bu-

270 695 275 704 '
321 688 378 774 jus
397 690 486 765 anni,
501 710 592 752 unum
608 690 642 753 in
656 687 808 772 Africam,
824 688 952 752 alterum
967 692 1001 752 in
1016 690 1209 774 Hispaniam
1230 693 1398 758 miserunt..

332 777 414 840 nibil
426 796 549 859 usquam
564 773 650 838 nobis
663 775 798 836 relictum
813 783 867 849 cst,
883 775 947 838 nisi
960 777 1041 858 qnod
1053 778 1148 840 armis
1159 778 1389 842 uindicarimue.

333 861 403 927 lttis
416 862 534 926 timidis
547 870 577 926 et
591 861 711 945 ignauis
725 860 797 923 iicet
811 881 880 935 esse,
897 859 923 898 ¹⁰
931 862 985 944 qui
997 872 1161 944 repastum
1175 863 1297 940 babent,
1313 885 1393 947 quor

330 969 400 1012 suaa
410 969 494 1033 ager,
507 969 563 1012 sna
573 957 669 1023 tara,
679 967 741 1028 per
751 955 818 1009 tuta
830 968 867 1010 ac
872 957 990 1028 pacata
1003 949 1126 1030 itinera
1127 949 1294 1033 fttgientes,
1306 952 1390 1013 acci-

325 1036 436 1118 pient:
458 1034 541 1098 uobis
555 1055 669 1096 necasse
683 1041 726 1096 est
733 1031 875 1116 sortibus
889 1033 966 1097 uiris
979 1056 1049 1110 esse,
1065 1043 1104 1111 et,
1120 1033 1144 1072 ¹¹
1153 1035 1288 1100 omnibus
1303 1037 1390 1099 inter

330 1121 489 1184 uictoriam
515 1129 673 1184 mortemne
695 1128 777 1181 certa
797 1119 1008 1200 desperatione
1020 1121 1171 1204 abruptis,
1187 1131 1241 1184 aut
1255 1123 1387 1200 nituere,

330 1217 394 1283 ant,
410 1207 578 1291 sistortuno
588 1204 751 1282 dubitabit,
763 1205 798 1268 in
807 1206 923 1286 proebio
930 1207 1046 1288 potius,
1059 1229 1151 1290 quum
1159 1208 1293 1292 instiga,
1305 1229 1387 1272 mor-

329 1303 388 1356 tem
402 1293 549 1376 obpetere.
592 1290 706 1356 Si'boc
727 1288 801 1354 bene
811 1291 914 1372 finum
936 1291 1070 1356 omnibus
1091 1293 1329 1378 destinatumque
1350 1295 1386 1358 in

329 1379 433 1442 animo
446 1388 500 1456 est,
517 1381 626 1442 iterum
640 1377 749 1453 dicam,
765 1376 899 1440 vicistis:
916 1375 1062 1442 ¹²trullum
1073 1389 1249 1445 momentum
1258 1382 1307 1447 cd
1316 1381 1387 1445 oin-

318 1467 452 1534 'cendnm
466 1465 582 1530 bomini
595 1463 635 1526 ab
653 1463 727 1526 Diis
741 1463 953 1528 inmortalibus
966 1466 1068 1529 acrius
1082 1467 1184 1529 datum
1200 1476 1254 1530 est.
1439 1457 1441 1472 '

343 1598 347 1604 .
373 1550 481 1616 XLV.
505 1549 570 1620 His
590 1547 863 1615 adhortationibus
877 1571 976 1634 quum
998 1551 1155 1637 utrimque
1170 1550 1210 1615 ed
1225 1563 1386 1618 certamen

327 1637 451 1704 accensi
465 1635 600 1702 militum
620 1634 718 1699 animi
741 1648 852 1711 essent,
871 1635 1008 1706 Romani
1027 1651 1126 1722 ponte
1140 1637 1288 1702 Ticinum
1305 1640 1385 1724 jun-

374 1738 418 1801 nt,
434 1723 623 1809 tutandique
645 1720 748 1806 pontis
769 1743 876 1786 caussa
889 1721 1048 1786 castellum
1071 1723 1140 1787 insu
1165 1747 1200 1788 er
1214 1725 1397 1809 inponunt..

326 1745 457 1884 intenae,
481 1831 577 1894 opere
605 1807 765 1892 occupatis
795 1805 946 1884 hostibus,
981 1807 1120 1874 Maharb
1153 1831 1202 1873 em
1231 1832 1303 1873 cum
1333 1811 1387 1875 ala

240 1913 241 1918 ’
330 1896 554 1970 Numidarum,
570 1893 729 1979 equitibus
751 1893 940 1979 quingentis,
959 1894 998 1959 ad
1021 1895 1261 1980 depopulandos
1282 1897 1398 1962 sonim.

328 2005 399 2047 rum
412 1981 524 2068 popuii
541 1980 680 2046 Romani
694 1999 788 2065 agros
803 1979 910 2044 mittit.
956 1980 1056 2047 Gallis
1070 1982 1158 2068 parci
1169 2004 1263 2068 quain
1280 1984 1385 2047 mexi-

327 2091 379 2134 me
395 2068 497 2156 jubet,
514 2067 756 2155 principumque
776 2065 899 2129 animos
918 2065 1077 2132 sollicitari
1099 2067 1140 2132 ed
1162 2067 1397 2136 defectionem..

328 2153 431 2222 Ponte
444 2153 594 2241 perfecto,
610 2147 953 2230 tiadmtusltomanus
973 2153 1126 2220 exercitus
1146 2155 1179 2218 in
1199 2177 1311 2242 agrum
1328 2157 1385 2220 ln-

324 2242 481 2321 subrium,
505 2240 644 2331 quinque
665 2237 765 2305 millia
784 2260 934 2327 passuum
958 2237 1011 2304 1³a
1026 2239 1213 2307 Victumviis
1227 2241 1383 2308 consedit.

356 2485 430 2532 ttAa
450 2483 544 2534 lbcnrm
564 2488 599 2531 est
624 2483 770 2547 Saguntum]
795 2483 837 2531 Sn-
868 2485 926 2531 bent
945 2497 993 2543 quo
1009 2483 1234 2546 respiciant,quum
1248 2481 1385 2528 illisater·

322 2555 442 2608 quntum,
453 2553 505 2611 ipso
525 2555 586 2595 teste
603 2547 683 2606 Livio,
694 2561 766 2608 supra
779 2562 800 2594 c.
813 2550 836 2597 l.
868 2563 899 2610 go
910 2549 942 2594 sit
954 2547 1032 2595 Rome
1043 2555 1068 2595 et
1079 2548 1157 2594 ltalia.

324 2615 389 2659 uitta
406 2614 505 2662 Iberum
523 2614 598 2659 situm
617 2610 770 2675 est‚acujus
784 2625 836 2661 em-
901 2611 1076 2660 ll'Ootnibm
1092 2613 1154 2658 inter
1172 2611 1294 2658 onimium
1315 2621 1393 2657 mor-¹

324 2677 362 2722 nis
373 2679 434 2725 ostio
445 2679 519 2726 distet
529 2677 569 2724 90.
579 2675 629 2723 lere
635 2689 751 2738 passuum
760 2677 835 2724 milli·
867 2677 1165 2738 tassnecertuduperutionc
1170 2673 1285 2738 abruptis]
1294 2674 1381 2728 Quum
1390 2726 1394 2735 ¹

322 2741 376 2787 busa
409 2743 523 2790 Libenter
542 2743 686 2802 legeremus,
697 2742 731 2788 cir
741 2740 835 2788 Iberum
867 2742 931 2790 inter
952 2741 1076 2788 victorium]
1101 2747 1236 2786 mortemve
1263 2739 1324 2786 nihil
1346 2740 1393 2805 sit*

321 2809 356 2851 stt
373 2806 516 2868 Saguntum,
526 2811 555 2851 ut
571 2805 625 2852 hoec
642 2806 836 2866 intelligerentur
867 2807 935 2854 vobis
945 2807 1063 2861 medium,
1074 2806 1116 2852 sad
1128 2806 1210 2851 omnia
1220 2809 1285 2850 certa
1296 2804 1384 2864 despe-

321 2869 387 2932 dicta
403 2885 434 2916 ex
453 2883 555 2931 persam
575 2871 712 2917 l’oenorum.
745 2871 835 2916 Roma·
867 2871 1047 2924 ratione,velut
1065 2867 1382 2932 profundaquedemvora-

323 2946 370 2982 nus
380 2935 458 2983 vetuit
477 2935 573 2982 nensiri
589 2935 696 2984 iberum.
728 2935 835 2994 Respon-
866 2936 932 2996 gine,
946 2935 1055 2994 abrupta.
1317 2987 1319 2992 ,

320 2999 364 3044 det
375 2997 516 3045 Poenusest
524 3013 581 3045 eum
590 3012 688 3047 amnem
696 3013 745 3045 non
758 3005 835 3045 naus-
900 2999 930 3046 12
947 2997 1051 3045 Nullum
1070 2993 1221 3062 momentum]
1247 2997 1302 3046 Hoc
1324 2999 1395 3060 locri⁴

320 3065 359 3116 eo,
377 3064 437 3109 dum
458 3063 593 3124 Saguntum
615 3075 736 3124 oppugno.
777 3061 835 3109 Ete-
866 3063 1198 3110 omnesMSS.vitiatisunt.
1231 3061 1324 3123 Optimi
1336 3061 1379 3107 ha·

321 3128 373 3174 nim
384 3128 522 3175 stulterum
538 3129 569 3182 (ei
586 3136 678 3189 spectes
696 3129 834 3175 ulteriorem
866 3129 924 3174 berit
941 3129 994 3174 loco
1012 3127 1106 3174 ultima
1124 3127 1191 3174 vocis
1209 3130 1379 3188 conterminent

322 3191 467 3252 Hispaniam
486 3198 512 3240 et
531 3193 627 3250 Poenos)
643 3197 677 3242 en
692 3192 835 3253 Sogstntum.
865 3206 910 3240 uec
920 3193 1039 3242 abludunt
1057 3191 1138 3239 ceteri
1170 3191 1230 3239 lude
1241 3190 1394 3254 (tronooiuu¹

321 3255 447 3303 Romanus
477 3258 503 3302 in
529 3259 695 3320 respondendo
722 3258 833 3303 volunte-
867 3258 936 3304 finxit
962 3260 1109 3315 mommtnm,
1137 3258 1202 3316 quod
1224 3256 1379 3318 venerimum

240 3345 241 3352 κ
320 3326 372 3367 tem
391 3322 462 3368 affert
479 3335 524 3382 pro
547 3324 654 3370 rationes
678 3333 791 3381 nusquam
812 3324 834 3368 tc
865 3321 1051 3382 putavitatque
1070 3322 1130 3367 adeo
1149 3331 1197 3366 non
1215 3319 1334 3368 dubitavit
1351 3319 1380 3364 ln

319 3386 418 3447 sturmio
427 3387 597 3434 mmnhs'id
611 3393 656 3442 est,
668 3393 706 3433 stu
725 3386 750 3432 in
761 3385 832 3432 vesti-
865 3391 960 3432 textum
971 3385 1110 3432 immittere.
1128 3384 1198 3431 Prius
1209 3385 1268 3432 editi
1278 3397 1308 3430 ex
1319 3384 1390 3430 Val-⁴

319 3449 370 3510 glo,
381 3465 460 3514 neque
470 3464 501 3498 ex
512 3466 541 3499 eo
551 3453 613 3506 loco,
630 3453 655 3498 in
672 3465 720 3512 quo
736 3456 761 3496 te
776 3463 833 3496 con-
864 3451 895 3496 lie
906 3446 1180 3512 conjecturaliabebant
1194 3449 1379 3512 incitamentum,
1390 3498 1392 3506 ¹

320 3515 404 3562 sistere
418 3513 503 3578 jubeo,
522 3518 608 3577 pedem
628 3517 720 3562 efferes.
737 3513 832 3575 †Illud
864 3515 929 3574 quod
948 3513 1027 3574 aptius
1046 3511 1157 3574 congr-hit
1178 3527 1235 3560 cum
1256 3509 1378 3577 adjectivo

318 3593 416 3640 quoque
433 3595 463 3628 ex
480 3582 526 3628 hac
542 3581 591 3628 levi
602 3580 737 3626 mutatione
748 3591 830 3636 seque·
863 3579 947 3624 onius.
966 3577 1020 3624 dac.
1033 3577 1170 3626 Gronovius
1188 3578 1286 3639 propius
1305 3577 1380 3624 insir-

319 3649 361 3692 tur
380 3646 512 3704 commodi,
535 3646 600 3705 quod
622 3644 657 3690 sic
682 3642 832 3702 intelligetur
863 3649 917 3690 tens
935 3643 993 3702 ipsis
1010 3642 1117 3702 apicibus
1134 3642 1259 3690 literarum
1278 3643 1378 3703 scriptae

317 3711 440 3768 quomodo
458 3709 563 3756 Romani
581 3722 622 3755 eos
641 3719 701 3767 quos
720 3711 831 3752 statuunt
862 3707 971 3754 lectionis
981 3707 1117 3766 suspicatur
1127 3705 1217 3752 nabsan
1227 3719 1253 3752 eo
1263 3705 1341 3753 ntum

318 3774 435 3820 terminos
446 3788 494 3820 non
511 3775 647 3827 observent,
660 3772 684 3817 id
700 3773 766 3832 quod
782 3770 830 3816 iliis
895 3770 927 3818 13
942 3769 965 3817 Α
982 3770 1131 3834 Victumulis]
1144 3769 1240 3830 Scapti,
1250 3775 1305 3818 tum
1313 3771 1376 3818 Gro-

317 3838 390 3898 penlo
400 3839 498 3884 enteub
508 3837 628 3884 Anmbule
647 3832 768 3898 objectum
784 3840 829 3880 ast.
862 3836 969 3892 noviant,
985 3840 1039 3882 tum
1058 3835 1143 3888 nostri.
1162 3849 1178 3880 a
1195 3835 1245 3882 nico
1262 3835 1377 3886 tumulis.-

317 3899 468 3954 'l'erminum
484 3908 595 3948 statuunt
618 3901 725 3959 lberam,
748 3905 772 3946 et
795 3905 831 3945 tu·
862 3901 927 3946 unde
945 3900 1081 3948 Gronovius
1102 3897 1233 3960 legendum
1254 3905 1325 3960 putet
1346 3902 1377 3948 ab

316 3978 374 4012 men
385 3966 457 4012 illum
467 3967 652 4020 transcendunt,
663 3966 722 4011 dum
734 3976 778 4010 nos
789 3975 830 4009 ve·
861 3963 988 4021 tamnu,
1011 3965 1053 4023 qul
1075 3964 1142 4010 locus
1168 3971 1376 4013 commemoratus
1388 4005 1390 4012 .

264 4047 267 4050 ·
316 4035 371 4076 tent
389 4029 535 4091 Saguntum,
548 4031 632 4077 urbem
647 4027 829 4080 sitamcislbe-
861 4035 898 4075 est
909 4027 1021 4074 Straboni
1038 4028 1096 4074 tv.
1113 4041 1138 4088 p.
1156 4026 1209 4076 tle
1222 4034 1247 4075 et
1258 4027 1376 4090 Plinio,l.

315 4107 371 4141 rum
382 4100 492 4154 respectu
504 4095 588 4150 nostri,
599 4095 749 4154 oppugnare,
860 4091 991 4140 xxxin.
1012 4107 1033 4139 c.
1056 4092 1080 4140 t.
1104 4092 1267 4151 Similiterque
1288 4107 1312 4140 c.
1332 4095 1391 4142 57..

347 4157 450 4206 9'lndc
471 4157 566 4222 asaro]
595 4157 621 4204 Si
646 4158 702 4204 inde
726 4169 826 4204 cessem
860 4155 933 4218 hujus
955 4156 1020 4216 libri,
1045 4158 1088 4204 ubi
1108 4164 1134 4204 et
1156 4156 1240 4216 scripti
1264 4163 1291 4204 et
1315 4159 1377 4208 editi

314 4221 479 4282 Supprimitur
493 4223 611 4282 panucula
624 4223 648 4270 εἰ
662 4222 694 4269 ed
710 4217 828 4284 majorem
860 4219 994 4269 habentui
1009 4221 1389 4282 tramammppugmndas,

294 4285 374 4332 'vini
858 4287 973 4333 emendet
991 4287 1057 4336 idem
1067 4286 1203 4336 Gronovius
1213 4285 1244 4336 ad
1253 4285 1391 4336 turnum»

346 4350 377 4398 lo
385 4349 400 4378 ⁵
410 4350 457 4406 Qut
474 4355 598 4412 respectum
613 4350 707 4415 babent]
724 4349 772 4406 Qui
784 4351 826 4396 ha·
860 4382 867 4398 .
879 4382 887 4397 .
898 4379 904 4396 .
916 4380 923 4394 .
934 4350 1104 4412 magnentius.
