3064 4976
403 223 498 285 urs.
522 225 608 286 xxr.
635 225 740 293 sar.
759 211 911 288 xxxur.
1160 235 1199 298 ss

126 409 217 472 quam
240 387 439 471 provinciam
451 389 581 454 sortitus
602 402 680 468 erat,
697 389 755 454 Cn.
774 390 956 476 Scipionem
969 389 1099 458 fratrem
1114 403 1187 460 cu'm
1198 410 1227 464 b.
1240 413 1268 460 o
1278 410 1334 460 sat

126 474 260 538 maxima
275 475 369 558 parte
387 477 550 560 copiarum
572 476 720 542 adversus
737 476 973 544 Hasdrubalem
997 479 1098 555 misit3
1121 476 1332 546 mabam

123 559 164 624 ad
177 559 330 624 tuendos³
344 563 566 626 tantummodo
581 577 700 628 veteres
721 563 824 628 socios
839 562 1116 652 conciliandosque
1130 587 1188 630 no·

122 669 184 723 vos,
201 646 259 710 sed
281 647 379 711 etiam
401 647 442 712 ad
465 647 645 731 pellendum
668 649 828 734 Hispania
852 649 1099 716 Hasdrubalem.
1122 652 1190 737 ipse

124 755 194 796 cnm
214 733 392 798 admodum
413 734 535 818 exiguis
556 737 655 821 copiis
670 739 816 808 Genuam
833 737 957 820 repetit,
970 759 1019 814 eo,
1036 739 1090 824 qui
1104 740 1189 806 circa

124 817 251 884 Padum
279 833 360 897 erat,
386 822 527 886 exercitu
557 822 682 888 Italiam
698 821 906 887 defensurus.
952 823 1118 892 Hannibal
1147 825 1188 890 ab

123 905 286 970 Druentia
311 908 479 992 campestri
503 909 643 974 maxime
668 909 781 973 itinere
801 907 909 972 ”cum
935 907 1020 974 bona
1045 933 1122 994 pace
1147 910 1189 976 ad

23 1067 24 1078 χ
121 992 218 1077 Alpes
234 993 442 1058 incolentium
457 993 579 1058 ealoca
595 993 763 1060 Gallorum
777 993 931 1079 pervenit.
963 995 1060 1072 Tum,
1076 1019 1189 1082 quam·
1198 1017 1321 1066 banaiau

23 1101 24 1154 3
122 1100 221 1162 quam
243 1078 329 1144 sarna
351 1079 439 1165 prius
458 1084 535 1166 (qua
557 1081 677 1146 incerta
700 1081 734 1144 in
757 1083 859 1167 majus
878 1103 953 1145 vero
975 1081 1050 1149 serti
1072 1083 1188 1167 solent)
1197 1083 1283 1129 Μὴ
1294 1083 1337 1129 ¹⁴¹·

23 1199 24 1252 3
123 1163 322 1250 ³⁹praecepta
350 1187 401 1230 res
429 1179 506 1243 erat,
530 1179 634 1232 tamen
659 1190 700 1232 cx
731 1169 913 1253 propinquo
939 1167 1006 1232 visa
1031 1159 1246 1236 montium*

123 1250 273 1329 altitudo,
302 1250 453 1338 nivesque
483 1252 569 1318 coelo
601 1275 703 1339 prope
738 1253 893 1329 inmixta,
923 1266 1007 1319 tecta
1039 1255 1188 1323 insomnia

123 1337 259 1420 inposita
280 1338 425 1438 rupibus,
439 1361 555 1423 pecora
571 1342 778 1426 jumentaque
800 1340 920 1405 torrida
940 1340 1067 1428 frigore,
1083 1343 1187 1408 bomi-

23 1473 25 1480 .
123 1445 178 1487 nes
199 1424 321 1488 intonsr
340 1439 373 1488 et
390 1425 512 1502 inculti,
528 1427 679 1492 animalia
699 1429 901 1512 inanimaque
923 1429 1030 1496 amula
1052 1429 1188 1515 rigentia

121 1507 204 1594 gelu,
222 1523 330 1574 cetera
343 1511 422 1588 visu,
434 1534 527 1598 quam
543 1513 641 1590 dictu,
657 1512 803 1594 foediora,
814 1527 967 1582 terrorem
983 1531 1186 1582 renovarunt.
1283 1563 1292 1587 ,

122 1595 331 1684 Erigentibus
346 1599 379 1662 in
393 1599 514 1682 primos
525 1621 638 1686 agmen
654 1598 751 1664 clivos
766 1599 983 1686 adparuerunt
997 1601 1187 1668 inminentes

121 1683 264 1748 tumulos
285 1683 456 1748 insidentes
477 1686 637 1751 moutam:
661 1686 727 1772 qui,
743 1686 770 1750 si
788 1686 883 1752 vallea
903 1685 1090 1752 occultiores
1104 1691 1186 1754 inse·

123 1769 254 1846 dissent,
280 1770 383 1834 coorti
409 1771 443 1836 in
463 1793 604 1856 pugnam
630 1783 768 1860 repente,
791 1773 950 1858 ingentem
977 1771 1082 1862 fugam
1106 1789 1187 1841 stra-

123 1877 258 1942 gemque
272 1855 445 1922 dedissent.
491 1857 657 1923 Hannibal
678 1859 847 1924 consistere
866 1858 958 1946 signa
973 1860 1065 1946 jubet
1072 1885 1082 1939 ς
1106 1861 1187 1928 Gal·

122 1943 224 2029 lisque
239 1943 281 2008 ad
296 1943 427 2008 visenda
441 1943 510 2010 loca
525 1944 706 2030 praemissis,
722 1957 890 2032 postquam
905 1949 1068 2030 comperit,
1082 1962 1186 2016 trans·

121 2030 201 2095 itum
216 2053 256 2094 ea
269 2051 336 2094 non
353 2053 429 2108 esse,
445 2045 549 2096 castm
567 2031 652 2096 inter
672 2031 782 2099 confra
806 2054 860 2096 osa
880 2033 989 2096 omnia
1009 2047 1186 2121 praerupta-

144 2137 194 2193 ue,
234 2137 308 2180 uam
331 2117 546 2182 extentissima
566 2129 670 2203 potest
692 2054 890 2196 valleflocat.
936 2117 1022 2184 Tum
1044 2142 1103 2205 per
1116 2145 1189 2188 eos·¹

123 2139 195 2266 dem
247 2201 337 2278 allos,
354 2201 441 2269 haud
462 2225 537 2270 sane
557 2203 692 2270 multum
713 2204 824 2290 lingna
846 2203 1053 2293 moribusque
1070 2208 1187 2272 abhor-

123 2299 237 2364 rentes,
267 2310 367 2375 quum
402 2311 435 2354 ae
470 2289 703 2356 inmiscuissent
738 2290 914 2376 conloquiis
949 2305 1186 2372 montanorum,

122 2375 251 2440 edoctus
284 2374 424 2440 interdiu
459 2388 583 2442 tantum
616 2375 755 2442 obsideri
788 2377 913 2454 saltum,
943 2391 1037 2442 nocte
1065 2379 1097 2442 in
1129 2403 1187 2446 sua

123 2483 283 2548 quemque
306 2459 406 2529 dilabi
431 2474 530 2538 tecta;
555 2462 627 2528 luce
654 2463 758 2548 prima
783 2463 880 2529 subiit
907 2464 1057 2542 tumulos,
1084 2478 1120 2530 ut
1145 2489 1189 2533 ex:

123 2560 233 2632 aperto
256 2560 352 2633 atque
372 2547 510 2613 interdiu
531 2547 650 2612 4θνῖιῐιΙι
668 2570 725 2633 per
745 2549 908 2638 angustias
928 2549 1076 2616 facturus.
1121 2553 1187 2618 Die

124 2633 236 2698 deinde
260 2633 441 2700 simulando
466 2633 564 2712 aliud,
587 2657 682 2722 quam
705 2637 788 2722 quod
810 2634 993 2722 parabatur,
1008 2653 1185 2718 consumto,

124 2741 220 2806 quum
241 2719 355 2785 eodem
377 2742 442 2806 quo
467 2722 685 2800 constiterant,
708 2723 779 2787 loco
800 2736 902 2791 castra
925 2726 1186 2806 communissent,

125 2806 176 2894 ubi
197 2807 340 2892 primum
362 2806 526 2894 degressos
547 2807 678 2874 tumulis
702 2821 870 2874 montanos
890 2809 1074 2896 laxatasque
1090 2813 1187 2880 sensit

124 2893 292 2969 custodias,
309 2891 452 2978 pluribus
465 2895 606 2996 ignibus,
620 2917 716 2982 qnam
738 2897 799 2980 pro
820 2918 954 2963 numero
976 2899 1185 2981 manentium,

25 3055 29 3066 Ι
124 2980 315 3066 inspeciem
339 2979 748 3067 factis,1npedimentisque
772 3003 846 3047 oum
871 2985 977 3070 equite
1003 2983 1130 3064 relictis,
1143 3000 1187 3052 et

124 3068 260 3132 maxima
274 3075 367 3152 parte
388 3067 548 3152 peditum3
572 3068 641 3153 ipse
662 3089 735 3132 cum
755 3068 920 3154 expeditis,
935 3071 1092 3136 acerrimo
1106 3095 1186 3159 quo·

125 3176 184 3238 que
213 3155 294 3232 viro,
321 3154 438 3237 raptim
468 3157 628 3242 angustias
657 3152 779 3219 evadit:
812 3155 911 3242 iisque
941 3157 1015 3244 ipsis
1044 3159 1185 3238 tumulis,

125 3261 201 3324 quos
215 3239 324 3304 hostes
338 3251 516 3319 tenuerant,
531 3239 683 3306 consedit.

166 3324 348 3391 XXXIII.
373 3325 481 3391 Prima
495 3326 611 3391 deinde
624 3327 695 3391 luce
704 3337 809 3394 castra
822 3343 921 3412 mota,
936 3341 968 3394 et
981 3353 1096 3418 agmen
1113 3331 1187 3396 reli-

124 3434 217 3498 quum
233 3411 383 3477 incedere
397 3413 503 3498 eoepit.
547 3412 620 3480 Jam
644 3415 787 3478 montani
802 3416 894 3503 signo
907 3416 984 3481 dato
997 3439 1038 3480 ex
1053 3417 1187 3482 castellis

124 3497 161 3562 ad
181 3499 351 3564 stationem
374 3500 497 3564 solitam
520 3499 770 3578 conveniebant3
792 3523 890 3587 quum
914 3514 1042 3587 repente
1062 3503 1187 3586 conspi-

124 3585 313 3662 cinerarios,
330 3607 403 3651 arce
417 3599 571 3670 occupata
585 3608 651 3664 sua,
668 3608 762 3672 super
777 3600 874 3672 caput
895 3588 1093 3664 inminentes,
1109 3587 1188 3656 alios

123 3671 171 3736 via
185 3673 323 3739 transire
344 3669 459 3737 hostes.
502 3671 527 3710 ⁴¹
537 3672 683 3759 Utraque
697 3673 790 3738 simul
806 3674 929 3761 objecta
943 3694 994 3739 res·
1007 3674 1105 3740 oculis
1119 3677 1189 3742 ani-

1290 3767 1301 3796 0

374 3850 383 3890 ¹
394 3854 500 3908 tutandos
510 3861 585 3910 Gron.
596 3861 665 3910 Crev.
764 3857 852 3908 kalam
863 3861 940 3908 Gron.

152 4027 541 4092 nemorumnemorum]
554 4030 639 4078 Perve-
672 4029 756 4090 Vulgo
767 4029 839 4076 mam.
871 4030 907 4075 At
923 4028 1006 4090 scripti
1025 4029 1116 4076 habent
1132 4029 1190 4087 vim,

123 4095 158 4140 alt
167 4095 281 4156 adAlpes
290 4105 350 4140 cum
360 4095 425 4140 bona
434 4106 493 4154 pace
504 4095 640 4152 Gallorum,
672 4100 701 4140 ut
711 4101 736 4140 et
747 4094 858 4140 Andreas
868 4100 893 4138 et
905 4094 1051 4154 &mpanna
1083 4092 1136 4141 Nec
1146 4107 1190 4141 ne·

125 4159 181 4206 citit
198 4159 323 4206 tumultus
340 4171 385 4206 nec
401 4158 518 4206 molestia
527 4165 641 4218 experta
673 4157 938 4206 oeaetueratmuari.
1224 4215 1226 4222 Α

126 4224 232 4272 adsilit.
705 4221 736 4270 41
757 4223 861 4282 Utraque
876 4221 947 4273 timul
961 4221 1045 4284 obiecta
1061 4235 1106 4277 m,
1120 4221 1192 4268 malls

155 4286 351 4350 ae'Proercpta]
375 4287 541 4334 Anterantmo
561 4292 641 4348 capta,
674 4287 802 4346 minasque
819 4281 957 4348 immobiles]
970 4285 1127 4344 ¹Par-ticulum
1146 4297 1192 4346 que

155 4354 279 4413 acognita,
299 4363 311 4404 ,·
674 4351 794 4398 omittunt
824 4351 924 4410 vulgati.
960 4349 1022 4396 Eam
1052 4349 1191 4396 addidimus

159 4415 189 4464 to
213 4417 267 4465 Vtra
291 4429 339 4480 per
370 4416 492 4477 angutiae
515 4414 641 4479 facturae]
675 4429 705 4464 er
719 4415 895 4477 atiquotmst.
910 4429 926 4463 ι
941 4413 1129 4464 dacGronovio
1138 4425 1191 4460 nra·

731 4487 789 4542 nd
