3036 4972
308 193 365 258 168
694 185 806 254 r1r'1
834 189 968 254 L1vr1

151 379 218 430 uc.
229 377 286 430 aar.
309 359 411 450 magia
424 375 619 447 prosperum·
630 357 795 424 Romanis.
840 357 878 423 P.
893 370 927 424 et
940 357 1002 423 Cn.
1019 355 1220 444 Scipionibus
1240 356 1325 425 inter
1339 371 1390 426 te.

150 448 181 494 Α·
193 445 288 496 ΜΝ·
311 446 436 532 partitis
458 449 575 533 copies,
598 458 634 510 ut
655 444 774 509 Cnoeus
794 457 888 522 terra,
907 444 1038 510 Publius
1053 445 1186 510 naribus
1200 467 1265 510 rem
1280 467 1372 536 gere·

311 548 375 611 ret3
402 531 589 598 Hasdrubal
610 531 785 596 Poenorum
807 532 989 616 imperator,
1012 530 1129 596 neutri*
1143 532 1229 616 parti
1255 533 1372 597 virium

311 621 386 693 satis
404 619 514 696 fidens,
528 617 641 703 procul
655 617 697 682 ab
712 619 812 700 hoste,
826 617 993 683 intervallo
1013 639 1051 682 ae
1072 617 1150 682 locis
1166 627 1268 697 tutus,
1285 633 1374 684 tene·

311 707 369 771 bat
382 727 431 770 se:
453 703 761 792 ”quertl'multum
787 726 824 770 ae
847 704 901 770 diu
926 703 1096 771 obtestanti
1118 718 1257 790 quatuor
1271 706 1371 770 millia

245 861 248 868 ι
311 793 466 880 peditum,
490 804 522 857 et
544 792 709 879 quingenti
733 793 854 878 equites
877 792 912 856 in
937 792 1191 876 supplementum
1216 792 1305 858 missi
1329 813 1371 857 ex

312 878 423 945 Africa
437 889 520 944 sunt.
565 877 662 956 Tum,
678 876 795 942 refecta
809 877 937 944 tandem
953 899 1020 963 spe,
1035 890 1137 943 cestra
1150 877 1283 964 propius
1296 879 1372 944 hoa·

312 980 376 1032 tem
403 965 521 1030 mouitr
544 963 738 1053 classemque
756 977 788 1029 et
808 965 876 1050 ipse
897 965 1010 1028 instrui
1030 965 1197 1051 pararique
1205 967 1308 1051 jubet,
1332 967 1373 1030 ad

311 1051 430 1116 insulas
444 1051 700 1136 maritimamque
714 1071 802 1115 oram
818 1051 994 1115 tutandam.
1038 1050 1078 1115 In
1093 1053 1163 1136 ipso
1177 1053 1286 1137 inpetu
1302 1073 1374 1117 mo·

312 1139 485 1204 scedarum
505 1137 547 1202 de
567 1139 693 1220 integro
706 1159 823 1216 rerum,
839 1137 974 1224 perculit
988 1159 1060 1202 eum
1076 1136 1298 1222 praefectorum
1314 1159 1374 1203 na·

229 1279 236 1308 x
311 1223 399 1291 vium
423 1223 586 1289 transitio:
610 1223 674 1310 qui,
690 1224 905 1309 postulassem
926 1225 965 1288 ad
990 1223 1119 1288 Iberum
1142 1247 1199 1309 per
1217 1245 1370 1310 pavorem

311 1313 466 1376 desertam
488 1310 627 1398 graviter
647 1308 804 1394 increpiti,
831 1321 1004 1398 numquam
1025 1309 1139 1375 deinde
1155 1311 1229 1376 satis
1243 1311 1298 1377 lidi
1315 1322 1374 1375 sut

311 1397 396 1474 duci,
423 1409 479 1462 aut
505 1393 822 1483 Karthaginiensium
846 1397 940 1462 rebus
964 1397 1099 1462 fuerant.
1144 1397 1298 1462 Fecerant
1319 1397 1375 1462 hi·

311 1480 487 1569 mansfugae
507 1494 632 1548 motum
652 1482 679 1522 ²⁴
686 1483 720 1546 in
737 1483 961 1568 Carpesiorum
971 1492 980 1524 ⁸
992 1496 1098 1570 genta,
1114 1483 1375 1570 desciverantque

311 1567 558 1656 iiseuctoribus
581 1569 674 1634 urbes
699 1567 837 1657 aliquot:
862 1591 924 1636 una
944 1569 1039 1634 etiam
1062 1569 1104 1634 ab
1125 1572 1202 1656 ipsis
1223 1571 1253 1636 vi
1279 1579 1374 1656 capta

311 1654 423 1721 fueret.
484 1656 523 1720 In
552 1677 620 1720 eam
650 1669 778 1739 gentem
808 1675 933 1721 versum
962 1655 1038 1721 2⁵ab
1068 1657 1223 1724 Romanis
1249 1657 1373 1723 bellum

152 1757 290 1806 usmetum
312 1757 376 1820 est3
399 1741 576 1830 infestoque
602 1743 745 1808 exercitu
767 1741 952 1808 Hasdrubal
974 1743 1135 1831 ingressus
1159 1765 1271 1846 agrum
1297 1743 1374 1808 lios·

149 1824 265 1902 aarum
312 1830 404 1907 tium,
429 1850 491 1914 pro
516 1841 617 1914 captre
642 1845 716 1894 ante
743 1829 813 1894 dies
841 1851 959 1916 paucos
983 1829 1073 1894 urbis
1099 1835 1265 1908 moenibus,
1293 1831 1372 1896 Gal-

148 1887 293 2000 ἓῇᾙᾝ,
311 1915 400 1994 bum,
429 1916 569 1982 nobilem
599 1917 824 2002 Carpesiorum
853 1915 977 1993 ducem,
999 1937 1073 1981 cum
1097 1915 1204 1981 valido
1232 1920 1375 2010 exercitu

148 2017 234 2066 citum.
279 2003 422 2070 'castris
436 2025 503 2069 sese
517 2014 686 2081 tenentem,
702 2001 741 2067 ad
767 2003 831 2066 redi
853 2003 970 2068 statuit.
1016 2002 1184 2067 Praemisso
1197 2004 1297 2090 igitur
1311 2005 1376 2071 leui

311 2104 485 2171 armatura,
506 2111 580 2176 quae
603 2089 729 2166 eliceret
742 2025 856 2154 bones
875 2089 915 2154 ad
937 2102 1106 2166 certamen,
1132 2091 1274 2175 peditum
1297 2113 1375 2176 par·

310 2191 374 2242 tem
389 2175 429 2242 ad
444 2175 704 2263 depopulandum
718 2190 884 2264 peragras
897 2176 1013 2261 passim
1035 2175 1164 2253 dimisit,
1180 2189 1215 2241 ut
1228 2177 1375 2264 palantes

309 2264 503 2350 exciperent.
549 2262 651 2328 Simul
671 2275 703 2326 et
722 2262 763 2327 ad
777 2275 880 2327 castra
897 2262 1053 2328 tumultus
1065 2274 1144 2340 erat,
1160 2277 1192 2328 et
1206 2285 1263 2348 per
1278 2287 1380 2353 agros

310 2351 447 2438 fugaque
461 2364 493 2415 et
507 2350 626 2424 caedesr
650 2347 766 2413 deinde
787 2349 927 2435 undique
948 2349 1078 2414 dirersis
1092 2348 1258 2416 itineribus
1273 2373 1374 2436 quum

310 2437 342 2502 in
358 2452 460 2502 eastra
474 2457 508 2501 se
522 2435 724 2522 recepissent,
744 2433 824 2500 adeo
842 2449 972 2521 repente
985 2436 1116 2501 decessit
1134 2437 1246 2502 animia
1260 2459 1374 2523 pavor,

309 2535 346 2588 ut
367 2543 438 2594 nou
458 2523 499 2586 ad
522 2524 732 2587 munimenta·
747 2521 844 2588 modo
866 2521 1066 2586 defendenda
1090 2523 1165 2588 satis
1191 2525 1373 2591 animorum

309 2622 400 2687 essm,
416 2607 471 2676 sed
483 2609 577 2674 etiam
589 2609 629 2672 ad
644 2609 861 2673 lacessendum
876 2607 1000 2674 bostem
1014 2609 1143 2696 proelio.
1187 2610 1375 2697 Erumpunt

310 2695 409 2784 igitur
428 2693 556 2782 agmine
570 2717 589 2760 e
602 2695 722 2774 suauis,
743 2694 954 2778 tripudiantes
978 2716 1069 2760 more
1093 2717 1167 2771 suo;
1192 2701 1375 2782 repentina·

240 2801 255 2814 ··
312 2805 374 2868 que
388 2801 498 2846 eorum
521 2781 652 2846 audacia
674 2792 827 2845 terrorem
851 2780 944 2858 hosti,
960 2781 1069 2866 paullo
1083 2797 1156 2847 ante
1170 2783 1256 2850 ultro
1275 2785 1377 2851 laces-

312 2869 402 2946 senti,
418 2868 559 2936 incussit
580 2869 690 2955 itaque
710 2878 744 2931 et
764 2867 832 2953 ipse
847 2867 1029 2934 Hasdrubal
1043 2869 1077 2931 in
1099 2866 1211 2934 collem
1235 2874 1309 2938 satis
1324 2895 1375 2938 ar·

312 2955 423 3034 duum,
439 2953 598 3018 ²⁶tutum¹
618 2953 750 3019 flumine
770 2955 868 3020 etiam
892 2955 1028 3042 objecto,
1044 2953 1145 3019 ”tum
1168 2959 1276 3043 copias
1296 2961 1373 3024 suh-

311 3041 410 3119 ducit,
426 3052 458 3106 et
480 3042 675 3126 premissum
700 3040 800 3106 levem
823 3054 1016 3106 armaturam
1046 3042 1230 3129 equitesque
1250 3045 1375 3132 palatos

311 3128 424 3194 eodem
438 3127 567 3214 recipit:
598 3149 657 3193 nec
678 3140 734 3199 eut
758 3127 832 3192 colli
859 3143 914 3192 aut
934 3128 1057 3192 flumini
1073 3129 1146 3194 satis
1161 3129 1272 3211 fideus,
1286 3134 1374 3199 uallo

310 3227 414 3302 castra
427 3214 599 3301 permunit.
643 3214 682 3279 In
698 3212 761 3279 hoe
780 3213 902 3278 alterno
923 3232 1040 3299 pavore
1060 3218 1233 3282 certamina
1252 3219 1375 3307 aliquot

310 3315 386 3368 sunt
405 3312 579 3368 contracte.
603 3321 662 3366 nec
685 3300 999 3387 NumidaHispeno
1014 3323 1109 3388 eques
1130 3325 1189 3389 par
1209 3302 1285 3384 iuit3
1315 3329 1375 3374 nee

342 3489 464 3553 rqumal.
476 3489 601 3536 crriGron.
724 3487 834 3536 'iilud
959 3488 1160 3539 tremuerunt
1194 3491 1307 3542 Sleetiu
1319 3509 1372 3558 sqq.

302 3555 383 3604 ‘cren
480 3557 493 3587 ¹¹
506 3557 627 3615 tutumque
637 3553 712 3600 Grun.

346 3719 380 3768 28
396 3717 479 3774 Quoad
487 3718 599 3781 multam]
618 3717 700 3776 Quoad
713 3719 759 3766 hoc
775 3719 828 3766 loco
859 3719 903 3781 qui
914 3732 955 3766 eoa
971 3732 1033 3780 quor
1049 3721 1164 3782 Polybius
1182 3721 1321 3788 hemian
1332 3739 1375 3772 ro·

312 3791 350 3832 ast
361 3795 466 3843 sequere
476 3782 555 3841 marc,
565 3797 636 3846 arque
651 3781 682 3830 od
697 3782 723 3829 td
739 3789 829 3843 mur
859 3791 909 3842 cat,
921 3785 973 3844 ipae
983 3784 1130 3846 commanos
1147 3788 1284 3835 nominavit
1301 3803 1375 3851 supra

312 3861 364 3910 qao.
398 3846 482 3908 Vulgo
492 3848 551 3894 editi
562 3849 711 3896 bebeutcal.
742 3847 790 3894 Sed
801 3846 829 3895 el
859 3849 963 3896 txxt.
975 3862 996 3895 c·
1008 3848 1031 3895 ὀ.

313 3910 388 3976 quma
408 3911 495 3958 nititur
514 3913 656 3960 auctoritate
677 3912 826 3972 optimorum
890 3912 922 3960 25
938 3913 977 3960 At
987 3913 1115 3978 Romasir]
1132 3915 1235 3964 Omissis
1246 3917 1374 3974 Romanis,

311 3977 440 4025 codicumr
457 3984 482 4021 ct
501 3975 536 4023 sic
553 3976 641 4024 melius
659 3989 770 4024 connexa
789 3983 827 4024 est
858 3978 979 4026 Asdrubal
997 3979 1023 4025 iu
1044 3991 1098 4028 eam
1113 3987 1214 4041 gentem
1231 3983 1304 4030 vertit
1323 3985 1373 4030 bel·

310 4040 397 4090 matio·
857 4041 918 4088 lum.

343 4104 376 4154 tt
390 4105 423 4152 Is
441 4102 610 4152 salariorum
623 4105 825 4169 gretc18icha·
891 4107 923 4156 26
942 4107 1032 4156 Tutum
1056 4110 1170 4174 flandae]
1212 4111 1251 4158 Sic
1281 4113 1375 4175 scripti.

311 4174 368 4220 hue
396 4169 515 4230 plurimus
546 4170 692 4234 medumque
721 4171 829 4232 optimos*
858 4169 1099 4236 Vulgatitatumqaae.

311 4237 414 4297 scriptos
424 4238 527 4281 testatur
537 4234 682 4282 Gronovius.
716 4233 769 4282 Nec
780 4237 829 4282 dia·¹
892 4237 924 4284 27
944 4237 1006 4286 Item
1016 4238 1106 4302 copia}
1119 4240 1247 4289 ileduudat
1256 4245 1375 4304 particula

311 4302 421 4348 madeat
437 4299 520 4347 nunt
554 4299 617 4348 Saue
635 4299 750 4360 Carpati,
762 4302 827 4360 quod
860 4304 917 4348 tuna

312 4379 402 4414 nomen
426 4365 467 4412 hie
493 4364 628 4429 legebatur,
650 4365 728 4430 ignoti
747 4365 827 4424 Livio,
