3036 4972
379 163 475 224 LlB.
496 163 601 226 XXll.
627 163 731 226 CAP.
754 163 900 226 XXXIX.
1110 173 1166 240 11³

98 323 520 416 jurisjurandi-adactionem
535 329 740 397 mandatum·
771 329 965 410 Quocum,
979 329 1164 416 priusquam
1173 347 1242 398 uc.
1253 348 1309 405 aas.

101 417 136 482 ab
149 419 230 492 urbe
244 414 341 504 signa
356 429 570 496 moverentur,
585 415 724 484 consulis
736 415 1014 494 Varronismultae
1028 439 1068 482 ac
1080 411 1163 482 fero-
1171 413 1203 462 Α·
1214 415 1242 464 ⁰·
1254 415 1309 462 Ἀθ

101 527 144 568 cas
168 503 272 582 fuere,
296 501 571 581 ”denunciantes
588 503 706 569 bellum
729 504 912 570 arcessitum
926 505 960 568 iu
975 504 1100 583 Italiam
1120 504 1163 582 ab

100 591 268 667 nobilibus,
286 610 537 674 mansurumque
555 590 588 654 in
604 590 777 658 visceribus
799 591 994 677 reipublicae,
1009 591 1036 654 si
1057 591 1163 676 plures

102 677 213 742 Fabios
237 679 450 762 imperatores
475 675 623 754 baberet3
652 701 695 754 se,
718 699 783 764 quo
804 678 857 741 die
878 677 1002 742 bostem
1024 678 1162 757 vidisset,
1200 753 1204 762 q

99 762 326 849 perfecturum.
361 761 501 849 Collegae
517 764 583 849 ejus
600 763 704 829 Paulli
717 787 789 842 uua,
805 763 909 850 pridie
923 788 1018 850 quam
1031 787 1071 844 ex
1083 765 1163 830 urbe

99 851 390 936 proficiscerentur,
410 850 525 914 concio
546 849 608 914 fuit
630 851 747 932 verior,
767 873 862 936 quem
885 851 1006 939 gratior
1030 852 1162 937 populo,

99 961 156 1024 qua
177 935 265 1002 nihil
288 937 495 1000 inclementer
516 937 550 1002 iu
567 936 743 1002 Varronem
759 936 891 1018 dictum,
905 937 968 1002 nisi
989 937 1023 1002 id
1047 939 1162 1016 mod03

99 1025 222 1088 Mirari
235 1046 280 1100 se,
296 1025 442 1106 quamodo
457 1025 525 1107 quis
539 1026 611 1102 dtur,
629 1027 811 1109 priusquam
833 1035 888 1090 aut
908 1047 1002 1104 mum,
1018 1037 1074 1088 aut
1093 1027 1163 1108 lios·⁴

98 1114 167 1176 tium
179 1111 361 1190 exercitum,
377 1112 508 1174 locmum
519 1112 620 1188 situm,
636 1121 779 1189 amaram
790 1113 930 1196 regionis
940 1123 1047 1190 nosset,
1063 1111 1089 1150 ⁹¹
1087 1107 1161 1195 jam

99 1220 173 1262 nunc
187 1201 311 1262 localia
326 1198 361 1260 iu
375 1196 448 1260 urbe
458 1202 559 1278 sciret,
576 1198 714 1282 quaesibi
727 1200 849 1282 agenda
860 1199 1114 1283 armatosorent,·
1131 1209 1162 1264 et

98 1288 171 1350 dien
183 1303 307 1368 quaque
315 1284 489 1366 praedicere
496 1295 610 1365 posset,
627 1306 688 1368 qua
699 1306 763 1348 mm
774 1281 964 1372 hostessignis
974 1287 1105 1350 conlatis
1115 1308 1161 1350 es-

98 1382 139 1436 set
152 1372 369 1436 dimicaturae.
405 1367 488 1445 ”Sa
505 1373 715 1454 quceconsilia
728 1374 827 1456 magis
837 1374 968 1436 resdent
979 1371 1160 1452 inminibus,

100 1481 183 1543 quam
198 1459 339 1522 homines
353 1455 452 1534 rebus,
468 1479 506 1520 ea
520 1466 594 1523 ante
608 1467 723 1541 ternpus
738 1460 894 1522 inmatura
909 1480 970 1522 nan
986 1469 1161 1542 praeceptu-

99 1567 170 1610 rum.
191 1555 317 1628 optare,
333 1553 379 1625 ut,
393 1563 462 1627 quae
477 1553 566 1608 caute
587 1554 679 1629 atque
699 1547 832 1608 consulte
850 1555 939 1632 gesta
960 1555 1067 1626 essent,
1083 1549 1162 1612 satis

92 1654 242 1716 prospere
252 1631 419 1696 euenirent.
457 1629 680 1710 Temeritatem,
690 1641 898 1714 praeterquam
909 1634 1094 1716 qrwdstulta
1108 1635 1160 1709 sit,

98 1721 250 1805 infelicem
265 1720 361 1782 ctiam
376 1719 420 1780 ad
433 1718 469 1780 id
481 1718 729 1802 lacmumsuisse.
772 1717 799 1758 ⁹³
810 1716 850 1782 Id
865 1741 923 1784 sua
936 1730 1048 1803 sponte
1061 1719 1161 1803 adpa-

100 1807 202 1882 rebat,
219 1817 288 1869 tuts
301 1801 458 1868 celeribus
469 1803 607 1868 consiliis
621 1826 689 1888 prae
734 1805 885 1869 siturum:
910 1817 951 1883 et,
964 1827 1028 1892 quo
1039 1805 1072 1870 id
1084 1827 1161 1872 eon-

97 1893 234 1956 stantius
246 1903 471 1975 perseveraret,
489 1888 533 1967 Q.
550 1889 667 1956 Fabius
731 1891 857 1958 axinus
871 1890 916 1964 alc
930 1913 1002 1957 eum
1017 1892 1161 1978 proficis·

98 1991 221 2044 centem
238 1977 406 2040 adlocutus
421 1973 538 2040 femur:

137 2063 307 2130 XXXIX.
333 2063 369 2128 Si
391 2073 447 2128 aut
468 2065 617 2149 collegam
643 2066 691 2146 (id
704 2067 785 2149 quad
806 2067 938 2146 mallem)
953 2069 1002 2132 tui
1022 2068 1257 2144 similem,M0nst
1269 2081 1315 2129 ra-

99 2153 137 2216 L.
149 2153 280 2228 AEmili,
295 2150 431 2228 haberes,
447 2159 502 2214 aut
516 2159 550 2214 tu
564 2153 686 2236 collega
695 2154 744 2216 tui
756 2154 868 2217 similis
881 2175 966 2230 esses,
981 2148 1225 2257 εαρενναοα-ξῑ118
1234 2147 1307 2194 ⁹⁸³¹·

98 2262 153 2304 nea
168 2249 248 2306 esset
262 2239 367 2302 oratio
377 2258 454 2300 mea.
468 2258 540 2300 nam
554 2247 585 2301 et
598 2239 658 2301 dua
669 2238 894 2316 contionata,
910 2242 1003 2304 etiam
1017 2238 1098 2302 ³⁴me
1112 2242 1163 2302 in·
1181 2225 1232 2258 uns

98 2329 225 2404 dicente,
240 2325 346 2388 omnia
360 2321 411 2387 ⁹⁵e
425 2323 654 2407 republicafide
667 2325 947 2410 vestrafaccretis:
970 2335 1000 2390 et
1018 2327 1095 2390 mali
1109 2347 1163 2390 nec

98 2437 159 2478 mea
170 2412 269 2479 uerba
282 2409 407 2474 auribus
418 2412 535 2487 uestris,
552 2413 744 2476 ncccmnilia
756 2414 869 2476 animis
879 2414 1068 2495 acciperetis.
1084 2433 1164 2478 nunc

100 2511 126 2564 ct
138 2503 292 2584 collegam
306 2508 389 2563 tuum
403 2506 434 2560 et
447 2505 478 2559 te
491 2499 584 2562 talem
598 2500 695 2562 uirum
710 2500 844 2562 intuenti
857 2500 935 2564 milii
956 2509 1051 2563 tecum
1066 2500 1164 2566 omnis

98 2589 198 2652 aratio
212 2595 282 2650 est:
304 2605 390 2668 quem
412 2584 500 2646 uideo
521 2585 725 2668 nequidquam
740 2595 771 2648 et
784 2587 881 2650 uirum
904 2585 1012 2649 honum
1026 2595 1057 2649 et
1070 2588 1164 2652 ciuem
1217 2619 1221 2626 κ

89 2673 170 2755 fore,
186 2675 218 2738 si
232 2673 348 2754 altera
352 2679 447 2752 parte
460 2671 611 2733 claudicet
624 2671 805 2754 respublica.
827 2675 918 2736 malis
931 2673 1069 2738 consiliis
1084 2674 1164 2738 idem

97 2781 133 2824 ¹aa
153 2761 244 2824 bonis
262 2757 353 2841 juris
377 2765 407 2819 et
422 2758 588 2838 potestatis
610 2759 681 2820 erit.
724 2759 828 2824 Erras
849 2760 940 2836 euim,
953 2760 1011 2824 ›L.
1035 2761 1162 2838 Paulle,
1213 2775 1218 2786 “

96 2849 125 2909 ri
136 2848 198 2911 tibi
212 2847 317 2910 minas
329 2843 507 2907 certaminis
517 2863 581 2906 cum
595 2843 629 2908 0.
647 2844 802 2920 Terentio,
815 2867 905 2929 quam
915 2867 979 2908 mam
990 2846 1165 2911 Hanniba-

99 2933 290 3018 lc,fiiturum
305 2950 414 2996 censes.
429 2929 539 3007 nescio,
561 2950 603 2992 an
625 2929 767 3015 infestior
779 2932 830 2994 liic
851 2933 1057 3010 aduersarius,
1073 2955 1164 3018 quam

101 3019 152 3084 ille
162 3019 274 3096 hostis,
290 3025 433 3082 maneat:
455 3037 519 3080 mm
536 3017 591 3080 illo
605 3019 639 3080 iu
654 3019 864 3095 arietantem,
880 3040 945 3084 cum
959 3020 1015 3084 icoc
1028 3020 1165 3086 omnibus

127 3302 160 3350 9ο
174 3295 367 3359 Deunmicmm]
387 3295 455 3342 Unus
463 3295 615 3348 Heeruiicc-
646 3297 704 3344 here
714 3295 894 3355 aggredientur.
951 3284 954 3300 ¹

97 3367 150 3422 dex,
172 3362 354 3413 aerummis.-
380 3362 445 3422 quod
468 3366 615 3422 anteponen-
679 3360 712 3408 93
730 3359 760 3405 1t
776 3374 820 3406 rua
838 3357 928 3421 sponte]
948 3358 1028 3419 Magis
1047 3359 1162 3418 placeret,

97 3433 164 3479 dum.
647 3427 669 3471 cl
680 3438 722 3471 mia
733 3427 821 3484 sponte,
833 3429 862 3470 ut
871 3424 1016 3482 respondeat
1027 3422 1097 3468 elteri
1108 3435 1163 3482 par-
1179 3429 1182 3438 “

127 3496 158 3542 91
176 3497 240 3542 alam
256 3505 320 3552 nunc
333 3491 421 3537 hatur
435 3493 463 3538 iu
478 3488 545 3553 urie]
564 3489 616 3536 Pri·
647 3489 730 3536 ticulae
739 3493 772 3548 et,
781 3502 837 3548 quae
849 3489 973 3548 sequitur:
990 3490 1067 3548 etque
1078 3485 1103 3532 ta
1110 3499 1164 3533 cou-

96 3573 146 3619 mo,
159 3575 205 3624 pro
216 3559 309 3605 locaras
325 3554 457 3616 legendum
469 3555 564 3602 videtur
581 3559 615 3600 to-
647 3555 918 3614 stantiucpcrceueraret.

88 3629 172 3683 gates,
183 3625 253 3686 quod
267 3622 360 3684 placuit
372 3619 478 3667 Muretu-
514 3619 616 3680 Togatae
680 3617 712 3664 94
727 3617 773 3664 Mc
788 3613 914 3680 indicente]
931 3617 973 3664 Me
991 3631 1039 3664 uon
1058 3617 1162 3671 dicente,

93 3690 158 3735 enim
175 3695 235 3750 apte
254 3687 356 3734 omnino
373 3692 508 3744 opponetur
518 3688 615 3732 arnmto.
649 3687 752 3731 tacente.
792 3682 904 3729 Verbum
933 3682 1045 3728 induente
1071 3681 1164 3728 rarissi-

93 3752 202 3808 Quodsi
219 3745 615 3810 admittatur‚jamduassslaevo-
647 3759 718 3792 mum
737 3753 788 3793 ectr
806 3761 835 3794 eo
854 3753 936 3793 tamen
953 3760 1012 3793 usus
1026 3747 1165 3794 estTeren-

91 3831 131 3864 ces
142 3822 170 3866 in
180 3819 239 3867 urle
247 3818 370 3880 glossema
381 3814 485 3874 sapient,
497 3814 614 3860 acdelen-
648 3811 696 3856 tius
714 3812 739 3858 in
751 3813 857 3872 Adelph.
871 3811 927 3860 Act.
944 3812 992 3858 111.
1012 3811 1050 3858 Sc.
1063 3809 1087 3859 5.
1104 3813 1162 3860 Non

93 3885 226 3932 daeemnt.
647 3890 684 3922 nte
703 3875 816 3922 indicente
832 3875 964 3935 herstart.
998 3877 1064 3922 Olim
1087 3878 1162 3925 editi:

124 3949 156 3998 92
174 3950 217 4009 Se,
229 3943 401 4012 quesnellio]
420 3944 513 3990 Senon
530 3954 616 4002 prope·
646 3955 683 3986 me
694 3943 789 3986 tacente.
811 3941 948 3988 Gronovius
959 3955 1036 4001 quum
1047 3944 1163 4002 reperiret

91 4022 208 4064 ramrum
227 4020 286 4062 ante
306 4018 406 4070 tempus
424 4009 556 4054 immatura
575 4020 614 4052 ca·
646 4005 672 4052 in
689 4004 787 4066 optimis
799 4005 894 4063 scriptis
912 4020 947 4052 me
962 4006 1101 4068 indigentes,
1114 4021 1163 4054 non

92 4091 148 4136 pere
159 4081 270 4136 conatu,
283 4088 369 4138 quum
375 4087 406 4120 ex
416 4075 488 4120 rebus
499 4071 615 4132 capienda
647 4069 767 4117 dubitavit
786 4069 915 4116 rescribere
932 4077 956 4118 et
972 4073 1042 4118 edere
1058 4073 1084 4118 id
1098 4073 1164 4134 quod

93 4142 233 4192 horninibus
261 4140 366 4190 consilia
394 4139 452 4192 sint,
474 4151 552 4198 neque
579 4134 615 4182 illi
647 4141 671 4182 et
683 4147 726 4180 nos
738 4135 834 4194 sequuti
846 4148 938 4181 sumus.
1061 4183 1063 4188 ,

93 4214 191 4258 tuntum
208 4211 255 4258 sibi
272 4217 390 4266 arrogare
408 4204 519 4255 debeant,
533 4207 561 4246 ut
577 4213 615 4246 res
679 4197 712 4244 95
726 4198 751 4243 E
773 4199 889 4258 republica
903 4199 955 4260 fide
976 4199 1062 4262 vestra]
1091 4199 1162 4260 Legit

92 4275 123 4319 acl
134 4277 291 4324 consiliorum
309 4279 413 4316 suorum
425 4279 535 4312 normam
547 4269 571 4312 et
582 4265 616 4310 le·
648 4263 789 4310 Perizonius
800 4261 892 4325 'fideque
908 4269 990 4328 vestra.
1024 4266 1056 4312 Et
1074 4266 1107 4312 sic
1124 4279 1162 4312 so·

92 4352 149 4397 gem
160 4352 307 4402 componere
319 4347 349 4382 ac
363 4333 431 4377 velut
441 4344 484 4390 per
495 4331 546 4376 vim
567 4335 615 4375 tra·
638 4330 680 4394 'let
693 4328 782 4374 Livius.

134 4425 204 4470 vol.
221 4427 264 4470 Π.
680 4435 683 4439 ·
705 4413 716 4454 1
