3064 4976
325 195 365 258 26
629 201 634 210 '
721 197 835 258 ΤΙΤΙ
863 197 1002 260 LIVII·
1082 225 1086 232 ·

165 371 234 431 tto.
245 381 301 431 534,
324 381 394 446 ceps
406 351 673 443 44444444444444,
686 369 737 428 etl
744 366 838 448 prior
850 364 1053 450 1444444444,
1065 386 1153 450 qaum
1166 349 1386 448 Hannibalern,

164 449 195 493 Α·
208 450 236 496 ⁰·
245 447 301 497 218.
324 459 478 534 tamqnam
507 471 560 515 sno
588 453 715 514 consilio
739 453 906 536 Saguntum
926 451 1148 552 obpugnantem
1162 455 1387 558 depascebatis:

264 539 275 563 '·
324 559 357 600 44
357 545 453 600 terum
467 539 557 601 144441
557 539 659 621 egatio
673 535 771 601 verbis
784 539 910 600 44114441
910 539 998 600 enior
1011 549 1064 616 est,
1076 561 1111 602 re
1124 542 1273 622 asperior.
1301 541 1388 605 5144444

243 679 245 692 ,
306 624 405 700 ,enirn
428 624 609 688 Hannibal
622 633 652 687 44
677 625 873 689 insimulabat
860 634 920 700 tur,
944 633 975 687 et
996 627 1218 702 depascebatur.
1245 647 1324 690 nnnc
1348 626 1388 690 44

325 710 466 774 44444444
453 711 639 796 4444444444
660 713 758 792 culpe
779 713 981 794 capriatam
1004 721 1043 787 4,
1064 721 1099 775 nt
1120 733 1140 775 a
1148 713 1315 813 constatis,
1338 735 1388 778 res

325 799 474 880 cntempla
487 806 674 878 repetuntur.
697 799 787 880 Ego
783 806 882 860 antem
896 817 968 873 non,
978 799 1088 879 privat
1089 819 1110 859 o
1115 797 1206 882 pub
1194 799 1279 876 icone
1288 803 1388 863 consi-

324 883 369 944 lio
384 883 550 983 Saguntum
565 883 772 984 obpugnatum
781 869 832 958 sit,
834 869 1037 972 querendam
1051 906 1206 948 censeant.-
1199 869 1275 948 ·sed
1287 891 1387 950 4444444

313 967 401 1070 jare,
418 989 460 1032 an
473 969 601 1052 injuria.
626 970 772 1032 Nostra
751 970 831 1032 enin
834 965 909 1050 1444
924 973 1050 1053 quanio
1061 981 1152 1054 atque
1163 973 1390 1050 animaduersio

325 1055 360 1117 in
374 1058 466 1120 4444444
481 1061 615 1119 nostrum
629 1065 690 1127 444,
716 1065 801 1118 nostr
800 1077 827 1131 0,
844 1077 885 1118 an
900 1056 1076 1140 snofececit
1063 1043 1256 1136 tarbitrioa
1281 1059 1388 1136 Vobis

324 1163 389 1228 curn
410 1163 473 1204 nna
499 1144 680 1224 disceptatio
705 1151 761 1224 444,
784 1131 943 1215 licueritne
957 1163 1019 1232 per
1027 1129 1243 1292 4444444444
1276 1129 1390 1229 Itaque

324 1221 466 1328 4444444444
482 1230 615 1293 discerni
623 1231 737 1310 placet,
750 1219 825 1310 qnid
833 1228 974 1310 publico
972 1231 1067 1292 consil
1067 1231 1107 1304 io,
1123 1232 1200 1314 qnid
1212 1251 1268 1294 sno
1282 1239 1389 1314 sponte

325 1335 422 1402 emper
422 1325 523 1379 atores
525 1316 674 1401 saccant
698 1315 785 1378 444444
799 1315 945 1377 nobiscum
953 1314 1063 1398 foedns
1077 1325 1122 1379 est
1135 1337 1156 1378 4
1173 1315 1288 1380 Latet
1258 1325 1303 1380 444
1316 1339 1388 1381 con-

323 1403 443 1464 44444
402 1425 430 1464 44
430 1411 512 1464 44444
528 1403 561 1464 in
576 1421 635 1484 qao
649 1423 738 1501 quarn
751 1407 927 1464 caneretur
940 1410 1133 1502 utrorumque
1146 1404 1245 1478 sociis,
1257 1405 1341 1467 nibil
1350 1408 1390 1468 de

323 1489 505 1588 Saguntinis
520 1489 670 1572 (necdum
685 1489 765 1550 enirn
786 1497 877 1550 erant
893 1487 970 1550 44444
990 1508 1038 1551 nes
1039 1490 1095 1568 tri)
1112 1497 1230 1552 cantura
1246 1499 1299 1552 444.
1342 1491 1389 1555 Ac

322 1576 402 1658 enim
418 1565 680 1658 eofoedere,quod
692 1595 756 1636 canc
768 1573 970 1637 Hasdrubale
984 1575 1074 1638 4444444
1089 1575 1322 1726 4448444444ἐηί
1335 1601 1389 1641 ea·
1439 1629 1441 1638 ,

322 1653 489 1742 cipiantur.
512 1663 656 1724 adversus
677 1651 859 1762 4444441444
880 1659 1085 1743 egodictnens
1098 1683 1172 1737 sun,
1188 1663 1252 1726 nisi
1272 1666 1353 1746 qrcod
1366 1685 1389 1727 4

322 1747 404 1810 nobis
418 1749 525 1811 didici.
562 1737 632 1810 Vos
645 1749 737 1826 eninr,
753 1749 833 1830 quod
849 1745 882 1809 Ο.
894 1747 1042 1810 Lutatius
1056 1750 1159 1811 consul
1166 1769 1272 1830 444444
1285 1750 1388 1814 nobis·
1459 1763 1462 1768 '
1521 1813 1530 1850 Ι,

322 1854 387 1930 acin
396 1834 541 1935 fadus
527 1835 593 1910 4444,
617 1836 691 1916 quia
717 1854 812 1934 neque
834 1833 1016 1917 anctoritate
986 1835 1180 1911 4Ρ4444444,
1203 1856 1258 1897 nec
1273 1839 1389 1936 papuli

311 1917 403 2002 jussu
418 1923 507 1984 ictum
523 1929 600 1996 4444,
612 1921 748 2068 negastis
762 1940 861 1983 nosco
875 1921 1026 1982 cenat-c
1000 1921 1013 1982 i
1013 1929 1104 2003 toque
1118 1942 1138 1982 a
1139 1922 1208 1983 lind
1217 1915 1255 1984 de
1266 1924 1388 2007 integro

256 2005 420 2096 foedns
427 2008 552 2108 publico
565 2008 662 2070 consil
662 2008 693 2070 io
708 2007 796 2068 44444444
812 2015 867 2069 444.
843 2005 945 2069 tSc'
958 2027 1009 2069 vos
1022 2027 1083 2088 non
1097 2015 1201 2070 tenent
1214 2017 1276 2070 4444
1274 2031 1314 2070 44
1316 2008 1388 2092 fce-

323 2095 409 2170 dern,
425 2096 489 2158 nisi
503 2117 540 2156 44
554 2094 686 2156 auctorit
686 2101 738 2154 ate
758 2101 814 2154 aut
824 2091 915 2194 jussu
929 2101 1026 2156 nestro
1040 2083 1121 2166 icta,·
1145 2115 1183 2156 ne
1197 2113 1252 2158 nos
1266 2097 1388 2177 quidem

322 2179 534 2244 Hasdrubalis
542 2179 662 2281 sudus,
686 2181 767 2262 qnod
787 2179 908 2244 nobis'
895 2180 1002 2242 insciis
1027 2181 1091 2255 icit,
1113 2179 1252 2264 44144444
1267 2184 1392 2264 potnit.¹

320 2267 463 2330 Proinde
487 2267 561 2329 oncit
548 2267 619 2329 ttite
639 2265 772 2365 Sagunti
792 2275 884 2348 atq'ne
902 2265 991 2329 Iberi
1013 2275 1093 2329 nent
1093 2267 1192 2328 ionem
1173 2229 1330 2350 bfacera
1344 2278 1387 2345 et,

321 2356 404 2436 qnod
417 2356 472 2440 diu
479 2353 624 2452 parturit
637 2352 758 2414 animus
771 2361 877 2428 444444,
888 2341 1060 2452 aliqnando
1070 2354 1194 2432 pariat.
1217 2351 1304 2416 Tum
1319 2354 1388 2418 Ro·

160 2452 305 2500 4441444444-
322 2458 445 2515 marius,
462 2439 534 2502 sinu
549 2459 590 2502 ex
604 2450 680 2524 toga·
692 2435 785 2514 iacto,
798 2435 899 2538 4144,
890 2438 1003 2521 lnquit,
1019 2437 1102 2502 uobis
1116 2438 1164 2502 444
1163 2441 1223 2502 14444
1238 2449 1268 2502 44
1275 2461 1387 2540 pacem

158 2519 251 2566 acuns.
313 2534 609 2608 pedamentum
617 2527 733 2606 placet,
743 2523 951 2588 suncetSub
968 2524 1049 2588 hanc
1058 2545 1168 2588 vocem
1180 2524 1266 2588 haud
1277 2526 1388 2628 minus

320 2610 476 2712 ferociter,
493 2613 592 2687 daret,
613 2619 715 2696 44444444Ι
736 2611 833 2686 uellet,
850 2601 1082 2674 subclamatum
1106 2601 1161 2674 est.
1185 2623 1217 2674 et
1237 2633 1353 2697 quum
1359 2611 1387 2676 is

320 2695 435 2762 iterum
451 2697 522 2762 sinu
537 2696 698 2761 effusol
651 2697 711 2759 444
698 2698 758 2760 lum
772 2698 850 2760 dare
863 2693 1006 2772 dixisset,
1017 2699 1153 2778 accipere
1166 2689 1197 2761 44
1211 2719 1321 2761 omnes
1335 2719 1386 2764 re-

321 2785 528 2869 sponderunt,
545 2793 584 2864 et,
600 2783 706 2866 quibus
720 2785 893 2872 acciperent
906 2784 1028 2882 anienis,
1045 2784 1151 2848 iisdem
1165 2806 1197 2848 se
1206 2793 1353 2869 gesturos.

127 2941 130 2947 Ι
158 2877 308 2941 Disceptatio
365 2869 467 2935 XIX.
491 2870 576 2935 Haec
591 2869 710 2933 directa
724 2869 943 2968 percunctatio
956 2891 993 2932 ae
1008 2869 1212 2935 denunciatio
1228 2871 1303 2934 belli
1318 2893 1387 2937 ma·

157 2945 352 2994 asoederum
320 2980 369 3057 gis
384 2979 425 3021 ex
440 2957 594 3058 dignitate
615 2955 726 3041 populi
744 2955 926 3019 Romani
898 2976 964 3018 visa
985 2967 1041 3032 est,
1058 2955 1208 3057 quamde
1229 2957 1386 3023 foederum

154 3005 218 3070 jure.
316 3065 391 3144 Jure
417 3045 519 3108 verbis
542 3043 731 3128 disceptare,
754 3063 854 3128 quum
879 3053 965 3118 ante,
984 3053 1052 3106 tum
1079 3041 1217 3108 maxime
1241 3043 1387 3144 Sagunto

320 3129 434 3198 excisa.
459 3153 545 3206 nam,
569 3130 595 3194 si
617 3129 787 3194 verborum
811 3127 1046 3228 disceptationis
1070 3151 1119 3192 rea
1142 3142 1233 3206 esset,
1255 3129 1389 3216 ⁷⁹quid·

319 3215 422 3282 foedus
441 3216 653 3284 Hasdrubalis
668 3237 741 3279 cum
758 3213 880 3279 Lutatii
894 3215 1001 3298 priore
1015 3213 1138 3279 foedere
1138 3215 1267 3315 ,44444
1283 3228 1387 3281 muta-

320 3314 389 3368 tum
411 3319 467 3382 est,
484 3301 756 3402 comparandum*¹
771 3299 861 3366 erat?
884 3323 982 3387 quum
1006 3301 1038 3363 in
1056 3299 1179 3366 Lutatii
1200 3299 1318 3366 foedere
1335 3301 1387 3366 di-

319 3391 557 3458 serteadditum
574 3402 693 3464 esset,c
682 3398 729 3452 44
695 3389 780 3455 tid
799 3388 990 3472 ratunfore,
1006 3409 1034 3451 44
1029 3389 1197 3470 ’,4444444
1203 3389 1384 3464 censuisset,-

250 3515 255 3527 =
320 3477 352 3542 iu
369 3477 584 3543 Hasdrubalis
606 3475 725 3539 foedere
746 3495 805 3536 nec
820 3485 989 3573 exceptum
1006 3472 1068 3537 tale
1090 3473 1263 3560 quidquam
1277 3471 1386 3553 fuerit,

318 3576 351 3627 et
365 3576 413 3629 tot
435 3585 592 3629 annorum
607 3561 730 3625 silentio
752 3562 796 3624 ita
809 3560 885 3624 vivo
896 3581 935 3623 eo
957 3559 1198 3645 comprobatum
1215 3561 1255 3624 sit
1268 3559 1385 3640 foedus,

317 3664 353 3714 ut
367 3673 408 3716 ne
425 3666 551 3716 mortuo
566 3647 695 3735 quidem
710 3659 840 3711 aumore
854 3631 1028 3732 quidquam
1042 3659 1229 3712 mutaretur.
1259 3645 1386 3722 Quam-

349 3780 526 3854 nuens-ai
538 3803 729 3864 nmnpn'nccpes
751 3804 826 3858 Vana,
837 3802 938 3849 Runant
940 3804 1046 3866 ,4444444
1056 3803 1162 3850 etGron.
1293 3805 1387 3864 ‘mne

317 3876 436 3918 4444444444
446 3872 493 3930 leg.
504 3873 598 3916 44444444
608 3869 682 3916 Gron.
696 3869 774 3915 Creu.
856 3867 936 3928 ⁸qnod
947 3869 1022 3915 Gran.
1120 3866 1200 3929 ‘qnod
1210 3871 1326 3934 4444444444
1336 3867 1385 3930 leg.

318 3939 485 3990 mutuatam
496 3933 812 3980 Ε44.“44441.4444
821 3936 874 3980 crat
885 3931 945 3978 444.

318 4066 400 4112 beat.
409 4067 460 4110 444444
476 4077 505 4110 cn
525 4063 758 4124 Carffiaginiaus'bnc
772 4079 834 4111 nnnc
865 4068 961 4111 textum
980 4063 1094 4124 recipere.
1128 4062 1192 4118 Quid
1210 4061 1318 4124 intellige
1337 4077 1387 4124 qna

267 4131 435 4207 .44444444,
460 4128 534 4210 Vana,
561 4129 673 4183 14444444,
700 4131 787 4191 inqua,
810 4133 834 4176 ct
866 4130 892 4176 in
905 4141 939 4182 44,
952 4141 1055 4190 qumana
1068 4129 1164 4174 ratione.
1199 4126 1270 4174 Prius
1287 4127 1385 4186 legeba-

311 4195 391 4255 pn'or.
733 4211 736 4216 ¹
865 4199 920 4240 turs
940 4191 1004 4247 Quid
1014 4191 1094 4254 saduc
1109 4189 1249 4238 Asdrubalis
1266 4205 1320 4237 44444
1333 4191 1404 4238 444.·

350 4256 463 4312 1904444
481 4256 572 4321 soedm]
602 4260 673 4306 Hane
695 4259 890 4314 lectionarius
866 4260 924 4304 44444·
942 4259 1025 4317 priore
1044 4255 1133 4318 ι4441444
1154 4259 1320 4304 ammanium
1340 4261 1388 4313 444,

316 4335 391 4381 quam
410 4336 440 4370 ex
460 4324 555 4370 duobus
572 4324 646 4372 MSS.
661 4325 783 4370 codicibus
799 4325 834 4369 af·
865 4320 1047 4383 morandum
1073 4335 1120 4368 non
1136 4326 1210 4374 ,serat
1236 4326 1279 4372 aut
1305 4321 1386 4378 nullo,

316 4387 364 4434 fert
385 4388 531 4445 Gronovius,
550 4403 598 4436 nun
620 4389 815 4444 dubitavimus
802 4402 834 4434 un
866 4391 909 4434 aut
920 4388 1074 4448 perobscura
1074 4397 1172 4436 sensti.¹
