3122 4962
433 222 436 228 ,
463 157 557 228 ΜΒ.
578 156 692 223 XXVI.
720 155 823 219 CAP,
846 155 965 222 xv111.
1184 159 1244 224 m

180 339 280 403 scens,
296 321 472 390 ut‘sedolo
482 333 611 410 captum
626 321 733 400 remit
747 320 1000 408 proficiscentem
1014 317 1241 406 maim-,aqut
1251 321 1323 392 urb.
1333 341 1390 394 atr,

179 419 309 494 paratus
328 409 423 476 condi
466 430 500 474 re
514 407 600 474 acies
622 407 677 474 sed
698 408 798 474 bostis
812 407 1008 474 detrectabat
1028 427 1182 494 pugnarn,
1196 403 1279 469 ledo
1293 405 1322 458 ⁰·
1332 407 1391 462 2¹1·

120 542 123 552 .
179 494 231 560 ria
244 506 350 579 tamen
343 431 477 648 Βιίὶιιέιοιι
498 495 778 646 intcrfiepptremum
795 494 952 596 Punicum
970 515 1086 582 agmen
1100 511 1254 592 praecum·

288 604 327 648 ue
396 602 561 648 manorum
598 603 616 648 e
639 595 705 646 aut.

222 667 259 732 X
289 667 541 736 natuturae
553 667 721 768 Hispania
731 667 854 752 populi,
865 665 958 732 ”nec
969 665 1025 752 qui
1034 678 1107 752 post
1117 663 1240 730 cladem

178 754 544 840 acceptamdelecerant,
556 752 700 820 redibant
714 753 755 820 ad
772 753 945 831 Romanos,
957 774 1016 818 nec
1027 751 1087 818 ulli
1099 749 1173 817 novi
1184 747 1241 814 de·

177 840 337 908 liniebant.
382 841 425 909 Et
443 843 557 908 Romae
570 841 691 906 senatui
708 843 899 926 populoque,
914 850 989 924 port
1001 850 1160 926 receptam
1177 836 1239 902 Ca·

178 949 288 1011 puarn,
303 939 368 994 non
384 927 486 994 Italioe
495 928 562 1014 jam
577 925 690 1013 major,
702 949 797 1012 quam
814 922 995 1009 Hispania,
1009 947 1087 992 curs
1100 936 1167 990 erat
1176 947 1193 1012 ι,1
1207 938 1240 990 et

177 1015 354 1081 exercitum
364 1014 521 1101 angariat
530 1013 751 1097 imperatorem
761 1012 842 1078 mitti
853 1010 1008 1097 placebat.
1023 1011 1113 1076 8ἰιοο
1120 1023 1238 1090 tamem

178 1121 273 1187 quem
289 1101 459 1177 mitterent,
472 1101 548 1166 satis
563 1099 743 1176 constabat;
766 1121 860 1200 quam
872 1098 963 1174 illud,
975 1098 1030 1164 ubi
1041 1097 1108 1164 duo
1122 1100 1238 1167 summi

177 1187 384 1273 imperatores
396 1188 480 1254 intra
493 1186 562 1254 dies
574 1187 705 1273 triginta
719 1185 911 1262 cecidissent,
922 1185 976 1270 qui
989 1184 1025 1248 in
1037 1187 1140 1250 locum
1156 1184 1237 1248 duo·

177 1293 249 1338 rum
264 1273 453 1350 succederet,
466 1271 714 1338 extraordinaria
727 1271 1014 1360 euradeligendum
1025 1293 1101 1335 esse.
1125 1269 1235 1347 Quum
1245 1294 1350 1344 contus

177 1359 231 1424 alii
246 1359 344 1426 alium
360 1361 569 1436 nominarent,
580 1371 775 1442 postremum
786 1381 825 1424 eo
835 1358 1003 1424 decursum
1015 1369 1071 1434 est,
1083 1367 1120 1422 ut
1134 1379 1236 1443 popu·
1243 1362 1380 1420 proconsuli

175 1445 225 1511 lus
262 1446 443 1531 proconsuli
471 1443 610 1510 creando
638 1446 672 1510 in
703 1445 895 1531 Hispaniam
931 1443 1060 1508 comitia
1073 1499 1074 1506 ,
1087 1423 1397 1550 heberetrffifflss·

177 1533 326 1618 dumque
335 1533 469 1612 comitiis
477 1531 621 1598 consules
631 1532 808 1599 edixerunt.
846 1531 1234 1615 Primoexspectaverant,
1273 1563 1279 1578 ι

176 1631 224 1699 ut,
239 1619 294 1706 qui
308 1641 341 1684 se
356 1631 446 1684 tento
461 1618 597 1702 imperio
608 1618 722 1705 dignos
737 1617 912 1693 crederent,
927 1615 954 1658 ⁸²
963 1617 1092 1682 uomina
1105 1617 1235 1702 profite-

176 1719 296 1772 rentur.
318 1727 392 1793 quse
406 1716 443 1770 ιιι
452 1705 601 1805 destituta
613 1705 809 1808 exspectatio
822 1716 880 1782 est,
890 1702 1123 1803 redintegratus
1133 1701 1237 1772 luctus

176 1804 315 1944 td?
320 1791 1236 1976 dinitfftltdltt‘tltltfiutituli

176 1975 282 2030 tamen
297 1965 330 2032 in
346 1987 492 2051 campum
508 1964 685 2032 descendit:
708 1978 803 2050 atque
817 1964 849 2027 in
864 1975 1064 2050 magistratus
1078 1964 1158 2028 versi
1172 1967 1236 2030 cir·

175 2062 391 2137 cumspectant
411 2073 466 2116 ora
484 2050 677 2137 principum,
691 2050 825 2115 aliorum
849 2049 927 2113 alios
950 2049 1152 2129 intuentium,
1174 2052 1237 2118 fre·

176 2150 340 2224 uruntque,
352 2137 432 2203 adeo
443 2137 583 2223 perditas
593 2159 641 2204 res
651 2137 913 2222 desperatumque
927 2135 968 2200 dc
983 2134 1144 2222 republica
1158 2160 1235 2218 esse,
1291 2140 1293 2148 ’

174 2236 211 2290 ut
230 2243 326 2289 nemo
348 2225 464 2289 audeat
485 2225 517 2288 in
537 2223 727 2308 Hispaniam
741 2224 784 2286 im
826 2223 908 2286 rium
924 2222 1075 2308 accipere.
1124 2223 1236 2299 Quum

176 2310 283 2377 subito
297 2309 368 2376 8ὄΡ.
386 2310 563 2390 Cornelius,
581 2309 698 2391 Publii,
714 2309 768 2396 qui
785 2245 944 2394 iiispania
958 2307 1123 2387 ceciderat,
1139 2309 1234 2390 filius,

176 2411 313 2484 quatuor
326 2409 359 2462 et
372 2397 484 2484 viginti
499 2397 595 2462 ferme
616 2418 715 2462 annos
730 2410 833 2472 natus,
848 2394 1005 2480 professus
1018 2417 1051 2460 se
1068 2408 1186 2480 petere,
1200 2398 1234 2464 in

175 2485 347 2570 superiore,
360 2485 445 2548 unde
459 2483 598 2570 conspici
608 2496 723 2568 posset,
735 2483 808 2548 loco
818 2482 969 2548 constitit.
993 2482 1031 2546 In
1044 2503 1137 2570 quem
1148 2498 1237 2572 post·

175 2573 270 2658 quam
286 2571 428 2636 omnium
445 2593 501 2634 ora
515 2592 665 2635 conversa
679 2582 764 2648 sunt,
779 2567 918 2634 clamore
932 2591 969 2634 ac
983 2566 1090 2634 favore
1104 2572 1236 2643 ominati

174 2656 335 2742 extemplo
346 2671 418 2722 sunt
429 2656 504 2722 felix
519 2655 718 2742 faustumque
731 2655 911 2742 imperium.
921 2655 1002 2741 jussi
1012 2655 1128 2722 deinde
1139 2658 1237 2724 ἰιιὶιιιΙ

175 2743 403 2834 “suffragium
414 2744 454 2810 ad
466 2763 564 2810 unum
576 2741 716 2809 ⁸⁵omnes
723 2765 789 2842 uon
799 2743 950 2808 centuriae
959 2741 1066 2822 modo,
1077 2743 1235 2812 sedetiam

514 2867 528 2908 δ
538 2867 594 2914 add.
604 2863 725 2928 coqsurum
735 2867 811 2914 Gron.
823 2866 895 2913 crev.

157 3023 164 3030 .
206 2978 239 3026 80
255 2977 309 3026 Nec
335 2981 378 3040 qni
395 2986 449 3039 porr
468 2979 555 3027 cladem
573 2983 688 3040 acceptam
721 2985 787 3026 erat:
805 2979 870 3040 quod
889 2977 910 3024 si
926 2977 967 3026 illc
984 2979 1140 3040 magistratus
1157 2979 1237 3030 facere

175 3042 315 3106 defictrunt]
336 3043 461 3104 Nempea
485 3043 610 3100 Romanis,
625 3043 688 3090 redi·
720 3049 851 3104 recusaret,
880 3056 935 3104 spes
962 3043 1059 3092 honoris
1089 3043 1237 3104 adipiscendi

175 3109 234 3154 bant
249 3109 280 3154 cd
298 3123 353 3164 θοις
372 3123 414 3156 acc
429 3109 473 3155 ulli
487 3111 543 3156 noui
561 3107 690 3170 deficiebant
721 3109 825 3154 abscissa
833 3114 884 3156 crat
895 3109 1030 3156 candidato.
1045 3128 1046 3131 ¹
1063 3108 1101 3154 De
1115 3108 1145 3154 iia
1156 3110 1236 3156 omni·

174 3171 286 3220 al'oenis.
720 3173 767 3220 bus
782 3173 836 3220 tuse
855 3173 1012 3220 disserentem
1030 3175 1084 3220 vide
1100 3173 1156 3224 Nic.
1172 3175 1236 3222 Gru·

206 3235 236 3282 81
251 3237 306 3284 Ncc
323 3241 409 3294 tornea,
429 3251 494 3298 quem
511 3240 639 3292 mitterem,
650 3250 689 3284 co·
720 3235 1091 3288 chrum1.1.de00mn.1tom.
1101 3252 1122 3284 c·
1134 3237 1159 3286 3.

173 3303 204 3348 tia
223 3303 351 3361 mearat,
368 3316 439 3362 quam
455 3301 526 3366 illud]
550 3303 689 3364 Suppleuda
749 3301 782 3349 83
796 3301 830 3350 P.
851 3302 982 3356 Cornelius,
998 3301 1155 3349 Putttt....
1165 3302 1235 3364 pilius

174 3366 250 3412 estin
267 3368 346 3426 primo
361 3367 478 3416 orationis
493 3367 688 3426 membropartl-
721 3365 779 3412 Vox
793 3365 875 3414 Pallii
888 3373 926 3413 est
941 3380 956 3412 a
972 3365 1102 3412 Gronovio.
1135 3368 1235 3428 vulgati

145 3443 147 3450 ’
174 3431 229 3478 cula
247 3439 306 3488 tam,
322 3437 351 3478 ut
365 3429 393 3480 ri
410 3433 489 3493 magis
503 3431 687 3492 intelligendum
719 3427 773 3492 ejus
793 3431 846 3478 loco
872 3432 962 3477 habent
983 3430 1054 3476 illius.
1087 3431 1118 3478 ln
1140 3433 1236 3492 scriptis

173 3509 225 3542 esse
235 3495 343 3543 diximus
354 3509 427 3557 supra
436 3497 453 3542 1.
465 3495 553 3544 XXV.
564 3509 587 3544 c.
600 3494 638 3542 29.
720 3501 833 3542 neutrum
845 3501 976 3555 comparet.

185 3558 237 3605 .82
252 3559 362 3608 Narniae
379 3557 556 3622 prmttcrentur]
589 3560 620 3606 ld
641 3568 688 3618 est,
750 3557 783 3605 st
807 3559 936 3621 Causarum
961 3558 1113 3624 suffugium]
1154 3561 1235 3608 Possis

173 3623 267 3683 publice
285 3625 434 3672 declararent
450 3625 600 3672 voluntatem
618 3637 688 3672 suam
720 3621 854 3686 intelligere
873 3624 1017 3684 suffragium
1037 3637 1080 3684 per
1103 3625 1240 3674 damorem

172 3689 202 3734 de
212 3689 352 3748 imperioin
364 3690 520 3750 Hispaniam,
530 3689 551 3734 si
560 3689 596 3735 ita
610 3701 687 3749 popu·
720 3688 840 3734 universe
856 3689 978 3736 concionis
997 3689 1108 3734 unanimi
1119 3704 1177 3737 voce
1193 3705 1235 3738 vo-

171 3752 286 3798 lovisum
298 3760 370 3810 esset,
381 3755 530 3814 accipiendo.
561 3752 609 3806 Qui
621 3753 687 3800 enirn
719 3753 840 3800 luntatem
856 3765 925 3798 suam
942 3752 1054 3798 testantis
1066 3754 1154 3803 latum.
1187 3755 1234 3804 Sed

170 3817 300 3878 imperium
317 3818 414 3878 aliquod
431 3819 469 3864 vel
485 3818 656 3878 magistratum
672 3831 687 3864 a
718 3829 853 3876 repugnare
864 3817 959 3862 videtur
973 3817 999 3862 in
1011 3819 1080 3877 quod
1096 3817 1159 3867 infra
1174 3821 1235 3882 legi.

170 3883 260 3942 populo
270 3888 352 3941 petere
365 3883 391 3930 in
407 3883 490 3931 animo
504 3883 634 3936 habebant,
646 3893 687 3928 eos
719 3881 982 3939 incommensurati
997 3881 1128 3942 imperium
1143 3885 1234 3947 Scipio·

170 3947 296 4006 oportebat
306 3946 385 4006 primo
402 3951 486 3994 notam
502 3947 581 3993 facere
596 3946 686 4006 populo
718 3945 745 3992 ni
770 3945 877 3992 dedisses
916 3947 981 3992 unde
1009 3946 1086 4008 liquet
1118 3950 1234 4012 suffragia

171 4010 234 4059 hanc
250 4023 321 4056 suam
334 4012 499 4060 uoluntatcmr
516 4011 581 4071 quod
592 4011 635 4066 qui
651 4010 686 4056 ta·
718 4008 873 4056 centuriatim
883 4011 950 4058 data.
982 4010 1120 4064 Gronovius
1135 4011 1234 4078 conjicit

171 4075 277 4132 ciebant,
286 4078 393 4138 profiteri
408 4090 500 4136 nones,
510 4089 553 4122 seu
570 4073 687 4136 simplici·
717 4074 838 4136 confusum
855 4074 996 4134 mffmgiam
1009 4089 1062 4122 esse
1077 4079 1233 4126 comitiorum

171 4144 208 4186 ter
219 4140 326 4204 profiteri
341 4141 490 4188 dicebantur.
523 4139 588 4187 Tum
606 4151 687 4186 neces·
718 4137 983 4186 noncenturiatorum.
1015 4139 1086 4194 Quod
1100 4143 1185 4190 itidem
1196 4157 1233 4189 re·

170 4217 196 4250 sc
215 4211 278 4262 erat,
294 4210 323 4251 ut
339 4219 423 4254 eorum
443 4204 543 4252 nomina
559 4199 685 4263 reciperet,
718 4203 800 4249 fellere
827 4203 922 4249 videtur
947 4203 990 4252 illa
1016 4207 1181 4254 centuriarum
1206 4209 1232 4254 in

170 4269 332 4320 strationem
352 4270 459 4330 ipsorum
479 4270 578 4316 haberet
597 4267 687 4328 mugis-
718 4268 784 4314 hisce
801 4267 906 4314 comitiis
921 4269 986 4316 lacta
1003 4269 1108 4318 mentior
1134 4279 1232 4331 praeter·

173 4338 250 4380 tratns
277 4335 309 4393 is,
336 4336 378 4395 qui
406 4333 511 4384 comitiis
538 4334 685 4394 profuturus
717 4331 868 4394 quamquod
883 4333 936 4388 huc
953 4333 1072 4395 expositio
1088 4335 1156 4384 nulla
1174 4336 1231 4384 niti·

773 4416 794 4459 ιι
809 4403 828 4458 t
1003 4439 1007 4466 ,
