3140 4972
501 150 596 216 uun
624 149 723 214 xxv.
748 151 852 215 car.
877 151 948 212 xro
1197 161 1257 230 m

156 359 161 372 ·
193 309 303 382 Marte
316 313 536 384 ᾱὶιωιιπιιιιι.
558 312 668 403 plures
681 328 791 384 tamen
803 314 847 384 ab
861 314 1016 384 Romania
1030 303 1135 406 prinio
1148 315 1294 390 iocur-u.
1307 339 1399 392 nm

191 401 387 574 amitam
409 399 606 470 oeciderunt.
649 401 732 470 ludo
745 401 934 482 ¹⁷oonsules,
950 413 986 468 ut
999 417 1177 472 averterent
1192 405 1295 472 (ia-A·
1308 405 1407 464 04¹².

310 487 503 566 annibalem,
518 501 623 568 noete,
661 513 712 590 pae
726 503 836 592 seeum
855 504 913 569 eat,
929 488 1055 593 diversi,
1071 489 1204 560 Fulvius
1220 492 1254 560 iu

190 575 939 762 tuttuttntutumtus
952 575 1256 732 „iutuitu

189 747 291 812 nibalr
304 761 394 827 esset,
410 763 442 814 et
454 748 582 815 duobus
602 749 783 838 agminibus
803 750 944 816 diversos
961 748 1092 830 abiisse3
1115 751 1256 820 incertus

189 833 308 920 primo,
320 846 427 900 utrum
436 849 629 923 sequeretur,
639 836 782 922 Appium
793 835 1016 924 instititssqui.
1037 836 1109 917 Ille,
1118 838 1255 906 oirourn·

189 919 289 986 ducto
319 921 421 999 hoste,
447 943 511 1026 qua
539 921 649 1000 voluit,
679 923 743 990 alio
768 922 881 988 itinere
909 922 951 988 ad
975 922 1119 1010 Capuam
1148 923 1255 994 rediit.

191 1006 372 1074 Hannibali
387 1009 495 1074 aliam
509 1008 559 1074 his
575 1009 652 1076 iouis
664 1009 746 1076 bene
759 1008 911 1096 gereudae
931 1010 979 1077 rei
998 1010 1126 1078 fortune
1148 1011 1257 1079 oblata

190 1108 249 1160 est.
296 1093 347 1160 M.
367 1095 540 1160 Centenius
561 1095 622 1162 fuit
646 1097 837 1182 cognomine
859 1095 993 1176 Pennis,
1016 1096 1148 1186 insignis
1171 1098 1400 1166 internecat..

190 1180 378 1268 ¹⁸pn'rnipili
399 1182 599 1248 centuriones
624 1195 657 1248 et
678 1205 711 1248 nr
754 1183 898 1250 uitudine
917 1185 1061 1268 corporis
1082 1196 1113 1252 et
1134 1181 1328 1253 animo.¹¹¹¹¹⁸·

190 1267 228 1345 is,
251 1267 434 1353 perfunctus
454 1269 578 1351 militia,
599 1291 657 1355 per
674 1269 711 1335 P.
779 1270 914 1336 ruolium
939 1269 1061 1337 Sullam
1082 1271 1254 1372 praetorem

190 1353 224 1420 in
247 1365 392 1420 senatum
413 1353 624 1433 introductus,
646 1356 765 1443 petita
788 1356 946 1435 Patribus,
962 1356 1010 1422 uti
1031 1357 1092 1422 sibi
1114 1362 1255 1446 quinque

190 1440 291 1506 millia
304 1440 442 1507 militum
461 1442 624 1508 darentur.
667 1444 717 1520 Se,
726 1445 865 1526 paitrus
883 1453 914 1509 et
934 1445 1029 1510 hostia
1042 1453 1073 1510 et
1086 1446 1254 1532 regionuna

189 1527 276 1594 breui
289 1549 392 1612 operoe
405 1531 543 1614 pretium
551 1529 735 1614 soctrmom
759 1539 799 1606 et,
814 1530 924 1614 quidm
936 1531 1055 1596 artibus
1068 1533 1113 1596 ud
1126 1533 1162 1596 id
1173 1533 1253 1598 loco·

189 1635 256 1680 rum
271 1617 372 1682 nostri
381 1626 412 1681 et
425 1617 514 1680 duces
521 1625 552 1680 et
562 1617 711 1682 eaeeroim
720 1616 932 1702 coptisomt,
945 1617 986 1682 iis
996 1618 1140 1684 adverae
1148 1621 1254 1684 inuen-

191 1711 286 1766 torem
296 1723 429 1767 usroum.
451 1701 490 1769 ld
502 1723 567 1768 non
583 1701 771 1789 promissum
787 1702 887 1792 magis
900 1701 1016 1768 stolide
1030 1725 1126 1790 quam
1141 1703 1255 1773 stolide

189 1787 365 1853 creditum:
387 1802 549 1876 tamquam
570 1787 690 1854 eedem
713 1787 863 1854 militares
884 1800 916 1854 et
937 1787 1149 1874 imperatoriae
1172 1805 1255 1858 artes

189 1887 303 1940 meent.
317 1877 400 1952 data,
415 1897 476 1962 pro
490 1875 643 1963 quinque,
657 1884 732 1940 ooto
743 1874 845 1941 millia
859 1875 994 1940 militum
1002 1899 1012 1952 ς
1034 1897 1109 1961 pars
1123 1877 1256 1946 dimidia

189 1962 285 2040 ciues,
296 1983 369 2047 pars
380 1961 475 2028 socii:
497 1974 529 2028 et
538 1962 608 2048 ipse
617 1961 815 2048 aliquantum
826 1961 1077 2028 voluntariorum
1092 1963 1206 2031 itinere
1220 1965 1254 2032 in

187 2047 273 2136 agris
287 2049 434 2126 concivit,
443 2071 490 2127 ao,
500 2069 602 2135 prope
615 2048 781 2132 duplicato
794 2048 949 2126 exercitu,
965 2050 998 2112 in
1017 2047 1166 2116 Luoauos
1222 2074 1254 2116 r·

190 2137 298 2214 venit3
321 2136 376 2200 ubi
392 2135 572 2214 Hannibal,
581 2135 797 2222 nequidquam
809 2149 933 2202 secutus
944 2133 1128 2214 Claudium,
1138 2159 1176 2202 su
1215 2138 1254 2204 ti·

188 2235 282 2290 teret.
316 2220 419 2288 Haud
433 2221 533 2288 dubia
546 2243 597 2287 res
611 2235 668 2300 est,
680 2222 799 2310 qnippe
812 2223 895 2288 inter
908 2219 1122 2287 Hannibalern
1138 2221 1252 2290 ducem

187 2321 220 2374 st
240 2308 469 2386 oenturionem,
485 2309 712 2394 exereitusque,
733 2308 868 2375 alterurn
882 2307 1040 2373 vinoendo
1053 2321 1253 2394 veteranum,

187 2395 322 2462 alterum
349 2417 468 2461 novum
491 2407 605 2473 totum,
632 2399 769 2481 magna*
783 2418 823 2460 ex
842 2408 932 2480 parte
957 2394 1052 2475 etiarn
1078 2396 1252 2464 tumultua-

186 2481 271 2548 rium
287 2505 325 2548 ac
339 2483 547 2548 semiermem.
594 2481 642 2548 Ut
662 2495 832 2568 conspecta
857 2483 939 2553 inter
963 2505 996 2546 se
1018 2481 1146 2570 agmina
1166 2499 1252 2563 sunt,

187 2583 221 2634 et
251 2582 366 2636 neutra
394 2591 466 2654 pars
496 2568 682 2634 detrectavit
710 2589 863 2669 pugnarn,
893 2567 1054 2654 extemplo
1087 2567 1252 2638 iustruotae

187 2656 279 2722 acies.
301 2669 479 2746 pugnatum
495 2668 611 2735 tamen,
625 2655 696 2722 19ιιι
710 2677 743 2720 ιιι
758 2654 846 2720 nulla
864 2654 934 2740 pari
954 2676 999 2733 rs,
1015 2654 1095 2722 duas
1115 2655 1253 2744 amplius

187 2743 293 2823 horsa
323 2743 482 2810 concitata
509 2741 566 2820 et¹,
593 2740 696 2807 donec
724 2741 791 2808 dux
821 2743 964 2822 stetisset,
997 2741 1146 2808 Romana
1172 2745 1251 2814 acie.

188 2829 363 2932 Postquam
389 2830 425 2908 is,
448 2851 514 2896 non
536 2851 596 2914 pro
614 2841 719 2894 vetere
740 2827 824 2905 fama
845 2829 959 2906 solum,
974 2829 1029 2894 sed
1052 2829 1146 2895 etism
1162 2843 1251 2900 metu

184 2915 284 2983 futuru
298 2915 476 2994 dedecoris,
493 2915 520 2981 si
534 2937 591 2982 sua
606 2917 783 2982 temeritato
807 2927 980 2982 contractoe
1001 2913 1085 2981 cladi
1106 2939 1140 2982 su
1167 2940 1250 2984 eres-

178 2999 244 3083 'ast‚
267 3005 427 3090 objectans
449 3025 484 3068 se
505 3001 643 3077 hostium
669 3002 749 3081 telis,
769 3003 893 3080 cecidit,
919 3002 987 3068 fusa
1016 2939 1177 3089 extempio
1202 3019 1251 3072 est

187 3089 337 3156 Romam
350 3088 442 3156 scies.
464 3089 519 3156 sed
533 3087 615 3156 adeo
629 3109 670 3154 ne
682 3089 768 3177 firgae
788 3087 916 3176 quidem
937 3089 998 3156 iter
1060 3089 1131 3168 tuit,
1145 3091 1250 3156 omni·

184 3176 246 3244 bns
260 3177 318 3241 viis
332 3175 374 3243 ab
388 3176 494 3263 equite
509 3175 645 3254 insessis,
663 3188 698 3241 ut
711 3197 753 3242 ex
767 3187 857 3242 tauta
878 3111 1082 3242 multitudine
1095 3176 1149 3242 rix
1163 3177 1251 3244 mille

183 3265 360 3342 eumerium
382 3261 479 3330 ceteri
493 3262 623 3348 passim,
635 3261 689 3327 alii
703 3261 766 3328 alia
779 3275 878 3347 peste,
894 3262 1031 3328 absumti
1044 3262 1119 3328 sint.

226 3351 308 3416 XX.
332 3350 445 3437 Capua
460 3349 676 3416 aconauiibus
694 3348 810 3414 iterum
824 3369 948 3415 summu
962 3347 993 3412 vi
1008 3347 1146 3414 obsideri
1160 3370 1248 3436 coep·
1257 3366 1342 3428 capa.
1350 3369 1395 3431 en.

182 3449 218 3504 ta
241 3449 305 3504 est:
336 3459 473 3525 quoeque
495 3438 528 3502 in
553 3457 623 3502 eam
647 3457 714 3500 rem
733 3457 814 3522 opus
839 3448 940 3515 erant,
965 3433 1330 3519 comportabantur-”⁸¹⁸-

206 3523 451 3612 arabanturque.
511 3521 685 3588 Casilinum
725 3519 919 3588 frumentum
956 3534 1161 3588 convectum:
1205 3523 1249 3590 ad

181 3545 337 3678 i'ulturni
365 3610 493 3687 ostium,
516 3607 571 3674 ubi
593 3611 680 3674 nuno
701 3607 778 3674 urbs
799 3621 855 3686 est,
878 3607 1040 3674 castellum
1068 3609 1248 3676 communi·

181 3745 185 3758 '
264 3746 558 3796 saumatamnaerev.
662 3741 883 3808 hermangad.
987 3735 1165 3794 ¹rtdei.Eud.

216 3879 248 3928 lt
266 3879 375 3929 Curetes
390 3912 398 3928 .
414 3910 423 3927 .
439 3877 535 3939 diuersi,
553 3876 653 3926 Fuluius
673 3878 699 3923 ta
731 3875 788 3924 Put.
799 3879 857 3924 erot-
882 3875 1036 3924 viderant.
1049 3873 1089 3922 38.
1104 3875 1136 3922 ad
1151 3875 1168 3922 l·
1186 3875 1207 3924 1.
1223 3889 1247 3925 e.

180 3939 700 4074 mirwi‘iirffflrffliffiil
731 3940 1247 4072 wia-ramparmrmlvnat
1300 3968 1305 3975 ¹

180 4084 228 4124 tor.
250 4075 324 4123 abiit:
352 4083 382 4124 ut
405 4074 506 4122 verbum
528 4075 560 4122 ad
582 4071 698 4122 ultimum
731 4068 907 4120 ttadltat.

179 4142 302 4188 duntaxat
323 4152 413 4188 nomen
440 4139 567 4187 referatur.
610 4135 643 4184 Et
664 4137 699 4184 sie
765 4133 796 4182 19
815 4133 849 4181 Ut
864 4133 1029 4196 uantum
1044 4135 1083 4200 re]
1100 4133 1134 4182 Ut
1144 4134 1248 4198 pugnari

179 4205 304 4253 interdum
316 4205 410 4254 Livius.
444 4201 699 4256 unumunurn
731 4197 820 4262 potuit,
837 4199 880 4246 ubi
901 4199 969 4246 nulla
989 4213 1028 4247 res
1049 4207 1102 4248 erat
1121 4211 1183 4260 pars
1206 4198 1249 4245 uhi

181 4270 256 4331 volgo
267 4270 357 4332 legitur
371 4272 436 4316 sinu
452 4265 602 4316 Herdoneam
613 4265 700 4314 Roma-
733 4277 811 4324 neque
828 4263 879 4311 dux
898 4263 963 4319 duci,
979 4278 1058 4325 neque
1076 4265 1197 4312 exercitus
1207 4269 1249 4308 ot·

182 4335 220 4380 urt'
234 4333 344 4398 legiones,
362 4339 384 4382 et
400 4339 488 4396 pretor
503 4332 604 4382 Fulvius
623 4335 702 4391 nutat,
733 4327 819 4377 eroitui
830 4330 881 4376 ulio
892 4329 1158 4391 rnodooomparrndut.

785 4403 840 4458 ΤΒ
