3136 4970
417 131 476 208 ,L'l
487 143 520 202 B.
541 141 671 201 XXVII.
699 141 803 200 CAP.
824 139 939 198 XXIV.
1155 145 1209 198 401

147 304 237 375 urbis
252 305 353 394 legem
368 304 450 375 ferre
471 305 512 380 od
534 303 688 390 poputum
705 306 821 390 jussus,
837 315 873 370 ut
894 303 928 369 bi
952 301 1020 368 ludi
1039 303 1075 368 in
1097 323 1210 388 perpe·
1222 322 1249 367 u.
1262 321 1357 369 osae

147 403 238 456 tuum
253 393 287 456 in
302 405 413 458 statam
428 389 512 457 diem
528 403 728 468 voverentur,
765 389 791 428 ⁸¹
801 386 877 475 Ipse
886 398 905 424 ¹²
918 389 1041 473 primus
1052 389 1099 454 ita
1112 390 1209 467 vovit,
1218 387 1250 434 Α
1262 388 1290 463 ⁰?
1300 387 1356 434 ²⁰⁸·

145 477 283 566 fecitque
297 491 369 546 ante
383 479 468 546 diem
483 479 611 545 tertium
630 479 739 544 Nonas
750 475 939 554 Quinctiles.
966 473 999 539 Is
1013 474 1081 541 dies
1095 473 1210 542 deinde
1219 452 1368 563 fffflessffl'

146 564 306 640 sollemnis
321 584 470 632 servatus.
647 579 651 586 ’
898 615 901 624 .
1218 589 1364 658 perpetuen
1402 577 1407 589 ·

188 649 323 719 XXIV.
343 649 400 716 De
418 651 584 719 ,Arretinis
607 662 638 715 et
660 650 743 717 fame
768 651 802 712 in
827 651 892 714 dies
916 650 1053 738 gravior,
1078 661 1111 714 et
1133 669 1211 714 cura
1219 653 1276 692 von.

146 759 285 805 crescere
303 738 472 814 Patribus·
505 737 618 822 Itaque
636 736 675 802 C.
686 733 835 804 ⁴Hostilio
855 735 1008 820 seriptum
1023 735 1374 820 est,.nedifndrretin10b·

145 823 250 896 ferret,
267 824 391 890 obsides
404 823 454 898 ‚ab
477 822 634 890 Arretinis
656 823 817 906 accipere:
831 835 881 899 et,
904 823 956 887 cui
983 821 1122 888 traderet
1143 810 1350 922 Rspsrdesti-dnre

146 932 232 976 mem
244 911 456 989 deducendos,
471 909 510 974 C.
519 909 689 976 Terentius
702 909 839 974 3⁵Varro
849 929 923 990 cum
937 909 1072 994 imperio
1087 888 1275 976 missus⁰⁰⁸⁰

146 999 201 1083 qui
217 1010 253 1063 ut
268 998 405 1076 advenit,
417 996 576 1082 extemplo
587 994 747 1064 Hostilius
762 993 917 1081 legionem
932 1016 1037 1072 unam,
1049 1016 1121 1080 quoe
1135 1006 1210 1063 ante
1264 1015 1271 1022 “

146 1084 259 1148 urbem
274 1096 377 1150 costra
390 1081 538 1164 habebat,
552 1083 642 1168 rigna
655 1081 691 1146 in,
708 1081 819 1148 urbem
834 1081 916 1149 ferre
928 1080 1030 1167 jussit,
1046 1080 1205 1166 praesidia·

147 1191 210 1256 que
229 1169 309 1234 locis
332 1171 450 1236 idoneis
471 1168 635 1252 disposuit,
651 1182 720 1240 tum
741 1167 775 1233 in
796 1167 866 1234 foro
887 1166 995 1234 citatis¹
1014 1168 1210 1238 senatoribus

147 1255 274 1327 obsides
289 1256 461 1342 imperavit.
504 1254 531 1297 ³⁶
541 1254 651 1332 Quum
666 1267 791 1322 senatus
805 1253 937 1321 biduum
952 1253 994 1321 sd
1009 1254 1210 1324 consideren-

146 1342 226 1409 dum
241 1354 362 1428 peteret
375 1356 508 1428 tempus,
522 1354 579 1408 sut
592 1343 677 1428 ipsos
690 1340 848 1428 extempio
862 1340 949 1418 dere,
966 1351 1022 1408 sut
1035 1362 1069 1412 se
1081 1352 1210 1426 postero
1300 1391 1302 1396 ,

146 1427 200 1494 die
214 1441 396 1498 senatorum
409 1447 530 1504 omnes,
542 1428 657 1494 liberos
670 1441 859 1504 sumturum,
875 1426 987 1513 edixit.
1007 1427 1082 1492 inde
1103 1439 1211 1512 portas

145 1513 341 1582 ”custodire
364 1515 443 1601 jussi
470 1513 591 1580 tribuni
618 1514 764 1591 militnm,
788 1513 992 1600 praefectique
1017 1513 1151 1592 socium,
1177 1525 1210 1579 et

147 1603 358 1680 centuriones,
374 1601 499 1689 nequis
522 1613 613 1666 nocte
635 1601 713 1667 urbe
734 1600 842 1667 exiret.
887 1599 928 1667 Id
950 1601 1077 1688 segnius
1102 1600 1210 1688 negle-

96 1699 98 1702 ’
146 1689 338 1774 gentiusque
364 1687 494 1754 iactum.
525 1702 646 1772 septem
675 1687 834 1773 principes
861 1699 996 1765 senatus,
1027 1687 1211 1774 priusquam

147 1775 305 1840 custodite
318 1777 352 1840 in
375 1775 475 1859 portis
497 1773 685 1851 locarentur,
700 1786 774 1838 ente
788 1784 914 1842 noctem
929 1794 1002 1838 cum
1017 1773 1124 1838 liberis
1138 1795 1211 1840 eva·

145 1873 268 1926 serunt.
314 1862 446 1938 Postero
459 1860 512 1926 die
526 1859 596 1924 luce
615 1860 727 1946 prima,
738 1879 842 1946 ¹quum
856 1871 983 1926 senatus
997 1859 1030 1924 in
1045 1859 1154 1930 forum
1166 1861 1211 1928 ci·

147 1949 211 2012 turi
233 1960 359 2032 coeptus
380 1959 471 2025 esset,
487 1946 666 2024 desiderati,
689 1947 835 2030 beneque
850 1966 968 2014 ,eorum
991 1946 1168 2014 venierunt.
1189 1969 1212 2014 a

149 2033 262 2098 ceteris
286 2033 483 2112 senatoribus
506 2048 633 2121 centum
654 2032 768 2120 viginti
790 2029 925 2108 obsides,
943 2031 1034 2098 liberi
1057 2033 1211 2119 ipsorum,

147 2119 283 2204 accepti,
300 2119 471 2208 traditique
486 2120 523 2184 C.
539 2119 692 2184 Terentio
708 2119 844 2184 Romam
866 2117 1051 2185 deducendi.
1097 2120 1129 2184 ls
1143 2141 1211 2187 om·

148 2206 205 2270 nia
218 2207 421 2290 suspectiora,
438 2227 532 2293 quam
549 2217 622 2272 ante
637 2204 772 2282 fuerant,
788 2203 821 2266 in
836 2217 945 2270 senatu
960 2203 1043 2270 fecit
1087 2204 1331 2292 Itaque,s11specu

147 2305 312 2380 tamquam
337 2293 510 2358 inminente
533 2291 843 2368 Etruscotumultu,
865 2290 1055 2377 ”legionem
1082 2291 1213 2360 alteram
1222 2288 1325 2346 nim

147 2400 191 2444 ex
205 2377 334 2445 urbanis
349 2379 512 2446 Arretium
535 2377 650 2446 ducere
667 2377 771 2478 jussus
794 2377 861 2461 ipse
878 2376 917 2442 C.
933 2377 1112 2457 Terentius,
1128 2397 1214 2446 earn·

148 2487 213 2552 que
238 2464 355 2532 hebere
379 2466 412 2531 in
437 2465 585 2551 praesidio
608 2463 707 2532 urbis.
753 2463 791 2528 C.
808 2463 985 2530 Hostilium
1011 2475 1084 2532 cunr
1107 2477 1214 2538 cetero

150 2552 291 2618 exercitu
314 2551 418 2636 placet
438 2565 535 2628 totam
559 2552 754 2636 provinciam
775 2571 955 2638 peragrare,
978 2564 1011 2618 et
1031 2573 1153 2634 cavere,
1173 2573 1214 2620 ue
1286 2579 1290 2589 ’

147 2660 214 2725 qua
229 2641 352 2704 eccesie
374 2661 490 2704 novare
506 2637 707 2723 cupientibus
728 2659 777 2702 res
791 2637 930 2702 daretur.
976 2637 1015 2704 C.
1032 2637 1213 2719 Terentius,

145 2739 187 2792 ut
197 2724 361 2790 Arretium
372 2745 445 2790 curn
457 2725 580 2812 legione
588 2725 684 2801 venit,
695 2724 798 2788 claves
811 2737 975 2807 porterum
988 2747 1084 2810 quum
1097 2726 1215 2813 magis-

147 2823 252 2876 metus
273 2811 474 2896 poposcisset,
490 2811 678 2900 negantibus
699 2811 737 2874 iis
758 2831 953 2894 comparere,
967 2809 1079 2876 fraude
1093 2824 1215 2880 amotas

145 2897 253 2982 magis
269 2910 364 2974 retus,
380 2920 474 2997 quarn
499 2897 697 2984 neglegentis
718 2897 924 2974 intercidisse,
941 2898 1007 2982 ipse
1023 2897 1098 2964 alias
1113 2898 1216 2966 claues

149 2982 300 3048 omuibus
322 2996 422 3068 portis
444 2985 601 3069 inposuit:
623 2984 767 3068 cavitque
789 3005 862 3048 cum
884 3004 971 3064 cura,
985 2997 1030 3058 ‚ut
1051 2985 1159 3050 omnin
1177 2982 1214 3056 ¹in

145 3080 307 3156 potestate
318 3092 382 3136 sus
402 3084 514 3138 essent
559 3069 734 3136 Hostilium
753 3069 902 3136 intentius
922 3071 1058 3151 monuit,
1073 3085 1109 3138 ut
1128 3072 1161 3140 in
1176 3093 1215 3143 eo

557 3255 812 3326 uruqmspsaordn.

182 3423 218 3470 st
228 3425 288 3484 ,Ipse
300 3425 394 3486 primm
406 3425 440 3472 ito
451 3425 525 3490 weit]
543 3427 669 3480 Hmtenus
699 3430 801 3478 novisse
822 3443 871 3476 uns
891 3435 987 3476 tantum
1007 3429 1088 3476 littera
1104 3430 1213 3489 dempta,

149 3491 283 3537 edebatur:
301 3491 434 3551 itaquetpre
441 3493 535 3550 primas
545 3492 582 3537 ita
591 3493 667 3538 umbe
699 3506 756 3552 quse
774 3494 799 3540 tn
817 3495 910 3554 optime
927 3494 1009 3540 codice
1025 3499 1160 3553 supererat,
1173 3494 1230 3540 ubi*

152 3553 195 3598 ubi
211 3554 305 3614 itaque.
318 3584 324 3600 .
338 3585 363 3602 .·
378 3557 423 3613 ito,
440 3555 535 3616 ingrata
550 3556 667 3615 repetitio.
700 3557 789 3618 legiter
799 3560 880 3622 jussit.
910 3557 978 3605 ltditi
995 3558 1085 3618 mamm
1101 3563 1127 3604 et
1142 3558 1216 3604 ceteri

152 3615 210 3664 Put.
221 3618 285 3664 liber-
300 3633 357 3666 oum
376 3620 466 3668 nostris
482 3621 594 3668 omnibus
607 3621 668 3666 rele-
701 3623 784 3682 scripti
804 3624 929 3683 exhibent,
940 3624 1015 3685 jsusr‘t
1034 3623 1133 3670 tribunis
1151 3624 1218 3670 miii·

146 3687 212 3741 gunt
227 3683 371 3742 particulam
384 3686 467 3745 itaque.
500 3685 554 3746 Ipse
570 3685 610 3732 bie
625 3697 668 3744 pro
701 3688 760 3740 tum,
784 3687 943 3750 presertirqae
968 3683 1065 3742 recidet,
1091 3692 1114 3734 ct
1138 3692 1217 3734 centu·

146 3746 173 3790 is
190 3747 256 3805 spic.-
272 3760 322 3810 que
338 3748 368 3796 de
381 3762 408 3796 re
425 3749 472 3796 vid.
489 3754 540 3796 not.
553 3747 591 3796 16.
607 3749 667 3796 adt
697 3749 817 3798 mondus
837 3765 911 3811 quem
930 3753 1044 3814 loquendi
1062 3752 1167 3800 formam
1187 3745 1218 3800 sb'

143 3809 289 3858 nvnc„
303 3811 343 3858 td.
701 3814 748 3859 illis
781 3829 861 3864 suren
892 3816 1031 3864 Latinitatis
1062 3817 1219 3878 scriptoribus

185 3873 218 3919 35
239 3875 380 3922 Varronem
397 3876 601 3940 imperterritum]
618 3879 669 3925 nd·
702 3886 842 3940 usurpatam
853 3894 904 3928 esse
915 3883 1024 3930 nondum
1036 3882 1105 3928 nobis
1119 3877 1219 3944 perabs-

151 3939 214 3984 didit
233 3939 346 4000 Sigonius
365 3938 392 3988 ei
409 3953 472 3999 cum,
487 3942 552 4001 quod
570 3941 669 4002 quidem
702 3942 787 3992 simus.

152 4005 268 4050 exstatin
282 4003 337 4052 Put.
733 4006 766 4053 38
782 4007 907 4069 Legionem
934 4010 1031 4058 ueram
1056 4023 1086 4058 es
1109 4010 1218 4073 misae]

184 4067 217 4114 36
242 4065 321 4124 Qursm
347 4073 442 4136 matur
465 4068 560 4116 masam
582 4075 670 4130 peteret
702 4069 757 4116 Una
776 4086 833 4118 voce
849 4073 968 4119 auctiores
982 4081 1041 4120 sunt
1055 4076 1109 4124 Pus
1126 4076 1221 4123 etVia·

151 4131 253 4196 tempus]
272 4132 351 4179 Vacat
361 4135 449 4180 ultime
460 4147 514 4180 vox.
703 4142 751 4185 tor..
765 4135 867 4190 codices,
878 4143 912 4191 et,
924 4144 985 4186 teste
994 4139 1048 4188 dae.
1057 4141 1178 4188 Gronorio
1188 4141 1220 4188 ad

185 4195 218 4242 37
236 4195 359 4244 Custodirc
368 4199 434 4260 jussi
451 4199 541 4246 tribuni
557 4199 670 4258 miiitum,
704 4201 720 4246 1.
732 4199 894 4248 xxv111.c.
904 4199 1003 4250 tinent
1018 4205 1172 4264 complutus
1187 4205 1221 4252 10·

148 4258 302 4322 pressasque
332 4263 430 4317 meister,
460 4268 483 4310 ct
516 4263 670 4326 aaronem]
701 4266 795 4326 giorum
814 4278 895 4320 unam,
916 4277 1003 4328 nempe
1018 4267 1116 4316 uitem
1132 4282 1162 4317 w
1179 4283 1220 4316 rtr-

153 4323 226 4371 Hsnc
243 4325 372 4374 lectionem
392 4327 472 4374 hausit
488 4343 519 4376 ex
539 4328 594 4375 rut
611 4329 672 4375 Gro-
704 4329 775 4376 tans

199 4407 327 4456 sonu.
463 4455 467 4466 ,
619 4387 635 4408 “
762 4391 820 4456 nd
925 4411 933 4444 ·,
