<?xml version="1.0" encoding="UTF-8"?>
<!DOCTYPE html PUBLIC "-//W3C//DTD XHTML 1.0 Transitional//EN"
    "http://www.w3.org/TR/xhtml1/DTD/xhtml1-transitional.dtd">
<html xmlns="http://www.w3.org/1999/xhtml" xml:lang="en" lang="en">
 <head>
  <title>
</title>
<meta http-equiv="Content-Type" content="text/html;charset=utf-8" />
  <meta name='ocr-system' content='tesseract 3.04.00' />
  <meta name='ocr-capabilities' content='ocr_page ocr_carea ocr_par ocr_line ocrx_word'/>
</head>
<body>
  <div class='ocr_page' id='page_1' title='image "./tliviipatavinih00crevgoog/tliviipatavinih00crevgoog_0248.png"; bbox 0 0 3140 4972; ppageno 0'>
   <div class='ocr_carea' id='block_1_1' title="bbox 449 191 1211 254">
    <p class='ocr_par' dir='ltr' id='par_1_1' title="bbox 449 191 1211 254">
     <span class='ocr_line' id='line_1_1' title="bbox 449 191 1211 254; baseline -0.003 -1"><span class='ocrx_word' id='word_1_1' title='bbox 449 193 550 254; x_wconf 74' lang='grc' dir='ltr'><strong>ΗΒ.</strong></span> <span class='ocrx_word' id='word_1_2' title='bbox 567 191 682 254; x_wconf 85' lang='lat' dir='ltr'>XXIV.</span> <span class='ocrx_word' id='word_1_3' title='bbox 710 192 816 254; x_wconf 60' lang='lat' dir='ltr'><strong>CAR</strong></span> <span class='ocrx_word' id='word_1_4' title='bbox 839 193 939 254; x_wconf 76' lang='lat' dir='ltr'><strong>Xhll.</strong></span> <span class='ocrx_word' id='word_1_5' title='bbox 1157 197 1211 252; x_wconf 73' lang='lat'><strong>241</strong></span> 
     </span>
    </p>
   </div>
   <div class='ocr_carea' id='block_1_2' title="bbox 95 353 1407 3552">
    <p class='ocr_par' dir='ltr' id='par_1_2' title="bbox 157 353 1407 1049">
     <span class='ocr_line' id='line_1_2' title="bbox 157 353 1407 444; baseline -0.002 -20"><span class='ocrx_word' id='word_1_6' title='bbox 157 361 226 424; x_wconf 75' lang='lat' dir='ltr'><strong>eret</strong></span> <span class='ocrx_word' id='word_1_7' title='bbox 247 355 380 432; x_wconf 82' lang='lat' dir='ltr'><strong>muulta,</strong></span> <span class='ocrx_word' id='word_1_8' title='bbox 400 368 433 421; x_wconf 90' lang='lat' dir='ltr'><strong>et</strong></span> <span class='ocrx_word' id='word_1_9' title='bbox 452 361 667 444; x_wconf 77' lang='lat' dir='ltr'><strong>convexerant</strong></span> <span class='ocrx_word' id='word_1_10' title='bbox 687 369 760 422; x_wconf 84' lang='lat' dir='ltr'><strong>ante</strong></span> <span class='ocrx_word' id='word_1_11' title='bbox 779 355 985 422; x_wconf 76' lang='lat' dir='ltr'><strong>bumehtum&#39;.</strong></span> <span class='ocrx_word' id='word_1_12' title='bbox 1007 355 1125 431; x_wconf 67' lang='lat' dir='ltr'><strong>tamem</strong></span> <span class='ocrx_word' id='word_1_13' title='bbox 1141 353 1359 442; x_wconf 64' lang='lat' dir='ltr'><strong>quianam</strong></span> <span class='ocrx_word' id='word_1_14' title='bbox 1403 361 1407 370; x_wconf 80' lang='lat'>&#39;</span> 
     </span>
     <span class='ocr_line' id='line_1_3' title="bbox 158 435 1369 532; baseline -0.006 -21"><span class='ocrx_word' id='word_1_15' title='bbox 158 445 264 511; x_wconf 85' lang='lat' dir='ltr'><strong>omnin</strong></span> <span class='ocrx_word' id='word_1_16' title='bbox 284 444 370 510; x_wconf 75' lang='lat' dir='ltr'><strong>circa</strong></span> <span class='ocrx_word' id='word_1_17' title='bbox 391 443 530 508; x_wconf 87' lang='lat' dir='ltr'><strong>hostium</strong></span> <span class='ocrx_word' id='word_1_18' title='bbox 551 443 647 530; x_wconf 90' lang='lat' dir='ltr'><strong>plena</strong></span> <span class='ocrx_word' id='word_1_19' title='bbox 660 457 760 520; x_wconf 88' lang='lat' dir='ltr'><strong>erent,</strong></span> <span class='ocrx_word' id='word_1_20' title='bbox 775 451 953 532; x_wconf 78' lang='lat' dir='ltr'>agmenque</span> <span class='ocrx_word' id='word_1_21' title='bbox 968 443 1152 512; x_wconf 85' lang='lat' dir='ltr'><strong>Romanum</strong></span> <span class='ocrx_word' id='word_1_22' title='bbox 1167 437 1254 505; x_wconf 64' lang='lat' dir='ltr'><strong>in·lla</strong></span> <span class='ocrx_word' id='word_1_23' title='bbox 1265 438 1293 485; x_wconf 80' lang='lat'><strong>⁰·</strong></span> <span class='ocrx_word' id='word_1_24' title='bbox 1305 435 1369 532; x_wconf 54' lang='grc' dir='ltr'>Μ</span> 
     </span>
     <span class='ocr_line' id='line_1_4' title="bbox 157 527 1217 619; baseline -0.003 -23"><span class='ocrx_word' id='word_1_25' title='bbox 157 553 243 619; x_wconf 90' lang='lat' dir='ltr'><strong>pune</strong></span> <span class='ocrx_word' id='word_1_26' title='bbox 265 529 492 597; x_wconf 69' lang='lat' dir='ltr'><strong>l‘incursatum</strong></span> <span class='ocrx_word' id='word_1_27' title='bbox 508 530 721 616; x_wconf 84' lang='lat' dir='ltr'><strong>ab&#39;eq&#39;uitibus</strong></span> <span class='ocrx_word' id='word_1_28' title='bbox 742 529 882 596; x_wconf 84' lang='lat' dir='ltr'><strong>hostiurn·</strong></span> <span class='ocrx_word' id='word_1_29' title='bbox 905 533 1019 607; x_wconf 84' lang='lat' dir='ltr'><strong>fuerat,</strong></span> <span class='ocrx_word' id='word_1_30' title='bbox 1035 540 1068 594; x_wconf 93' lang='lat' dir='ltr'><strong>et</strong></span> <span class='ocrx_word' id='word_1_31' title='bbox 1088 527 1138 593; x_wconf 85' lang='lat' dir='ltr'><strong>ad</strong></span> <span class='ocrx_word' id='word_1_32' title='bbox 1151 527 1217 593; x_wconf 91' lang='lat' dir='ltr'><strong>duo</strong></span> 
     </span>
     <span class='ocr_line' id='line_1_5' title="bbox 157 611 1216 704; baseline -0.005 -22"><span class='ocrx_word' id='word_1_33' title='bbox 157 617 341 696; x_wconf 62' lang='lat' dir='ltr'><strong>millia&#39;aut</strong></span> <span class='ocrx_word' id='word_1_34' title='bbox 354 611 550 682; x_wconf 78' lang='lat' dir='ltr'><strong>moratorum</strong></span> <span class='ocrx_word' id='word_1_35' title='bbox 561 623 629 682; x_wconf 85' lang='lat' dir='ltr'><strong>:aut</strong></span> <span class='ocrx_word' id='word_1_36' title='bbox 650 617 826 700; x_wconf 81' lang='lat' dir='ltr'><strong>palantium</strong></span> <span class='ocrx_word' id='word_1_37' title='bbox 842 623 904 702; x_wconf 72' lang='lat' dir='ltr'><strong>‘per</strong></span> <span class='ocrx_word' id='word_1_38' title='bbox 922 623 1031 704; x_wconf 81' lang='lat' dir='ltr'><strong>agros‚&#39;</strong></span> <span class='ocrx_word' id='word_1_39' title='bbox 1041 613 1216 692; x_wconf 51' lang='lat' dir='ltr'><strong>interfecta</strong></span> 
     </span>
     <span class='ocr_line' id='line_1_6' title="bbox 157 702 1238 789; baseline -0.003 -21"><span class='ocrx_word' id='word_1_40' title='bbox 157 707 277 788; x_wconf 77' lang='lat' dir='ltr'><strong>cessere</strong></span> <span class='ocrx_word' id='word_1_41' title='bbox 301 703 377 768; x_wconf 84' lang='lat' dir='ltr'><strong>inde</strong></span> <span class='ocrx_word' id='word_1_42' title='bbox 400 703 538 768; x_wconf 84' lang='lat' dir='ltr'><strong>Romani</strong></span> <span class='ocrx_word' id='word_1_43' title='bbox 562 705 693 789; x_wconf 87' lang='lat' dir='ltr'><strong>propius</strong></span> <span class='ocrx_word' id='word_1_44' title='bbox 719 711 830 787; x_wconf 83' lang='lat' dir='ltr'><strong>pacata</strong></span> <span class='ocrx_word' id='word_1_45' title='bbox 856 703 935 778; x_wconf 85' lang='lat' dir='ltr'><strong>loca,</strong></span> <span class='ocrx_word' id='word_1_46' title='bbox 959 717 991 768; x_wconf 88' lang='lat' dir='ltr'><strong>ot</strong></span> <span class='ocrx_word' id='word_1_47' title='bbox 1011 702 1052 768; x_wconf 87' lang='lat' dir='ltr'><strong>ad</strong></span> <span class='ocrx_word' id='word_1_48' title='bbox 1076 705 1238 766; x_wconf 71' lang='lat' dir='ltr'><strong>monteni‘</strong></span> 
     </span>
     <span class='ocr_line' id='line_1_7' title="bbox 158 786 1217 876; baseline 0 -22"><span class='ocrx_word' id='word_1_49' title='bbox 158 790 311 876; x_wconf 75' lang='lat' dir='ltr'><strong>Victorias</strong></span> <span class='ocrx_word' id='word_1_50' title='bbox 325 804 429 854; x_wconf 85' lang='lat' dir='ltr'><strong>castra</strong></span> <span class='ocrx_word' id='word_1_51' title='bbox 443 790 686 854; x_wconf 83' lang='lat' dir='ltr'><strong>communivere.</strong></span> <span class='ocrx_word' id='word_1_52' title='bbox 722 789 772 854; x_wconf 90' lang='lat' dir='ltr'><strong>Eo</strong></span> <span class='ocrx_word' id='word_1_53' title='bbox 784 786 843 854; x_wconf 89' lang='lat' dir='ltr'><strong>Cn.</strong></span> <span class='ocrx_word' id='word_1_54' title='bbox 858 788 966 873; x_wconf 82' lang='lat' dir='ltr'><strong>Scipio</strong></span> <span class='ocrx_word' id='word_1_55' title='bbox 980 811 1054 853; x_wconf 92' lang='lat' dir='ltr'><strong>cum</strong></span> <span class='ocrx_word' id='word_1_56' title='bbox 1069 789 1217 854; x_wconf 87' lang='lat' dir='ltr'><strong>omnibus</strong></span> 
     </span>
     <span class='ocr_line' id='line_1_8' title="bbox 158 873 1218 962; baseline -0.002 -22"><span class='ocrx_word' id='word_1_57' title='bbox 158 876 269 962; x_wconf 90' lang='lat' dir='ltr'><strong>copiis,</strong></span> <span class='ocrx_word' id='word_1_58' title='bbox 291 889 323 940; x_wconf 87' lang='lat' dir='ltr'><strong>et</strong></span> <span class='ocrx_word' id='word_1_59' title='bbox 348 875 533 940; x_wconf 77' lang='lat' dir='ltr'><strong>Hasdrubal</strong></span> <span class='ocrx_word' id='word_1_60' title='bbox 550 877 700 962; x_wconf 87' lang='lat' dir='ltr'><strong>Gisgonis</strong></span> <span class='ocrx_word' id='word_1_61' title='bbox 715 875 818 952; x_wconf 86' lang='lat' dir='ltr'><strong>lilius,</strong></span> <span class='ocrx_word' id='word_1_62' title='bbox 833 875 944 940; x_wconf 84' lang='lat' dir='ltr'><strong>tertius</strong></span> <span class='ocrx_word' id='word_1_63' title='bbox 969 873 1218 959; x_wconf 85' lang='lat' dir='ltr'><strong>Karthaginien·</strong></span> 
     </span>
     <span class='ocr_line' id='line_1_9' title="bbox 157 961 1219 1049; baseline -0.003 -20"><span class='ocrx_word' id='word_1_64' title='bbox 157 964 240 1028; x_wconf 86' lang='lat' dir='ltr'><strong>sium</strong></span> <span class='ocrx_word' id='word_1_65' title='bbox 256 962 336 1043; x_wconf 87' lang='lat' dir='ltr'><strong>dux,</strong></span> <span class='ocrx_word' id='word_1_66' title='bbox 351 984 423 1026; x_wconf 88' lang='lat' dir='ltr'><strong>cunr</strong></span> <span class='ocrx_word' id='word_1_67' title='bbox 438 963 577 1027; x_wconf 84' lang='lat' dir='ltr'><strong>exercitu</strong></span> <span class='ocrx_word' id='word_1_68' title='bbox 587 964 674 1049; x_wconf 86' lang='lat' dir='ltr'><strong>justo</strong></span> <span class='ocrx_word' id='word_1_69' title='bbox 688 961 835 1026; x_wconf 82' lang='lat' dir='ltr'><strong>advenit:</strong></span> <span class='ocrx_word' id='word_1_70' title='bbox 852 971 1025 1044; x_wconf 86' lang='lat' dir='ltr'><strong>contraque</strong></span> <span class='ocrx_word' id='word_1_71' title='bbox 1034 974 1139 1026; x_wconf 85' lang='lat' dir='ltr'><strong>castra</strong></span> <span class='ocrx_word' id='word_1_72' title='bbox 1153 963 1219 1026; x_wconf 82' lang='lat' dir='ltr'><strong>Ro·</strong></span> 
     </span>
    </p>

    <p class='ocr_par' dir='ltr' id='par_1_3' title="bbox 95 1047 1372 2599">
     <span class='ocr_line' id='line_1_10' title="bbox 95 1047 1282 1134; baseline -0.003 -20"><span class='ocrx_word' id='word_1_73' title='bbox 95 1120 97 1126; x_wconf 18' lang='lat'><em>7</em></span> <span class='ocrx_word' id='word_1_74' title='bbox 157 1071 253 1114; x_wconf 87' lang='lat' dir='ltr'><strong>mana</strong></span> <span class='ocrx_word' id='word_1_75' title='bbox 268 1048 502 1114; x_wconf 87' lang='lat' dir='ltr'><strong>transfluvium</strong></span> <span class='ocrx_word' id='word_1_76' title='bbox 517 1071 627 1114; x_wconf 86' lang='lat' dir='ltr'><strong>omnes</strong></span> <span class='ocrx_word' id='word_1_77' title='bbox 641 1047 824 1121; x_wconf 80' lang='lat' dir='ltr'><strong>consedere.</strong></span> <span class='ocrx_word' id='word_1_78' title='bbox 870 1047 911 1112; x_wconf 80' lang='lat' dir='ltr'><strong>P.&#39;</strong></span> <span class='ocrx_word' id='word_1_79' title='bbox 929 1047 1046 1134; x_wconf 85' lang='lat' dir='ltr'><strong>Scipio,</strong></span> <span class='ocrx_word' id='word_1_80' title='bbox 1063 1069 1136 1111; x_wconf 93' lang='lat' dir='ltr'><strong>cum</strong></span> <span class='ocrx_word' id='word_1_81' title='bbox 1159 1069 1218 1111; x_wconf 85' lang='lat' dir='ltr'><strong>ex·</strong></span> <span class='ocrx_word' id='word_1_82' title='bbox 1278 1121 1282 1128; x_wconf 22' lang='lat' dir='ltr'>x</span> 
     </span>
     <span class='ocr_line' id='line_1_11' title="bbox 156 1131 1219 1286; baseline -0.002 -86"><span class='ocrx_word' id='word_1_83' title='bbox 156 1135 273 1286; x_wconf 74' lang='lat' dir='ltr'><strong>gsditis</strong></span> <span class='ocrx_word' id='word_1_84' title='bbox 295 1138 376 1201; x_wconf 88' lang='lat' dir='ltr'><strong>clam</strong></span> <span class='ocrx_word' id='word_1_85' title='bbox 398 1134 558 1218; x_wconf 83' lang='lat' dir='ltr'><strong>profectus</strong></span> <span class='ocrx_word' id='word_1_86' title='bbox 579 1134 621 1200; x_wconf 86' lang='lat' dir='ltr'><strong>ad</strong></span> <span class='ocrx_word' id='word_1_87' title='bbox 641 1133 711 1200; x_wconf 93' lang='lat' dir='ltr'><strong>loca</strong></span> <span class='ocrx_word' id='word_1_88' title='bbox 733 1135 816 1200; x_wconf 89' lang='lat' dir='ltr'><strong>circa</strong></span> <span class='ocrx_word' id='word_1_89' title='bbox 838 1133 977 1212; x_wconf 76' lang='lat' dir='ltr'><strong>visands,</strong></span> <span class='ocrx_word' id='word_1_90' title='bbox 996 1131 1219 1198; x_wconf 62' lang='lat' dir='ltr'><strong>vhuud&#39;l&#39;efe&#39;llit</strong></span> 
     </span>
     <span class='ocr_line' id='line_1_12' title="bbox 181 1220 1310 1309; baseline -0.004 -21"><span class='ocrx_word' id='word_1_91' title='bbox 181 1237 280 1288; x_wconf 88' lang='lat' dir='ltr'><strong>ostes:</strong></span> <span class='ocrx_word' id='word_1_92' title='bbox 295 1220 592 1309; x_wconf 56' lang='lat' dir='ltr'><strong>»obpressissentque</strong></span> <span class='ocrx_word' id='word_1_93' title='bbox 613 1243 685 1286; x_wconf 83' lang='lat' dir='ltr'><strong>cunr</strong></span> <span class='ocrx_word' id='word_1_94' title='bbox 707 1221 740 1284; x_wconf 92' lang='lat' dir='ltr'><strong>iu</strong></span> <span class='ocrx_word' id='word_1_95' title='bbox 763 1220 942 1306; x_wconf 86' lang='lat' dir='ltr'><strong>patentibus</strong></span> <span class='ocrx_word' id='word_1_96' title='bbox 964 1220 1093 1304; x_wconf 86' lang='lat' dir='ltr'><strong>campis,</strong></span> <span class='ocrx_word' id='word_1_97' title='bbox 1109 1221 1141 1282; x_wconf 92' lang='lat' dir='ltr'><strong>ni</strong></span> <span class='ocrx_word' id='word_1_98' title='bbox 1166 1233 1219 1284; x_wconf 90' lang='lat' dir='ltr'><strong>tu·</strong></span> <span class='ocrx_word' id='word_1_99' title='bbox 1309 1280 1310 1291; x_wconf 71' lang='grc'>,</span> 
     </span>
     <span class='ocr_line' id='line_1_13' title="bbox 158 1305 1218 1394; baseline -0.004 -20"><span class='ocrx_word' id='word_1_100' title='bbox 158 1308 281 1374; x_wconf 88' lang='lat' dir='ltr'><strong>mulum</strong></span> <span class='ocrx_word' id='word_1_101' title='bbox 304 1309 337 1371; x_wconf 91' lang='lat' dir='ltr'><strong>in</strong></span> <span class='ocrx_word' id='word_1_102' title='bbox 360 1307 540 1393; x_wconf 88' lang='lat' dir='ltr'><strong>propinquo</strong></span> <span class='ocrx_word' id='word_1_103' title='bbox 560 1308 701 1390; x_wconf 84' lang='lat' dir='ltr'><strong>cepisset.</strong></span> <span class='ocrx_word' id='word_1_104' title='bbox 724 1307 768 1372; x_wconf 90' lang='lat' dir='ltr'><strong>ibi</strong></span> <span class='ocrx_word' id='word_1_105' title='bbox 782 1329 908 1394; x_wconf 89' lang='lat' dir='ltr'><strong>quoqne</strong></span> <span class='ocrx_word' id='word_1_106' title='bbox 923 1307 1146 1372; x_wconf 77' lang='lat' dir='ltr'><strong>circumsessus</strong></span> <span class='ocrx_word' id='word_1_107' title='bbox 1161 1305 1218 1370; x_wconf 87' lang='lat' dir='ltr'><strong>ad-</strong></span> 
     </span>
     <span class='ocr_line' id='line_1_14' title="bbox 157 1391 1219 1477; baseline 0 -19"><span class='ocrx_word' id='word_1_108' title='bbox 157 1409 255 1460; x_wconf 84' lang='lat' dir='ltr'><strong>ventu</strong></span> <span class='ocrx_word' id='word_1_109' title='bbox 276 1393 379 1458; x_wconf 84' lang='lat' dir='ltr'><strong>fratris</strong></span> <span class='ocrx_word' id='word_1_110' title='bbox 400 1392 567 1459; x_wconf 83' lang='lat' dir='ltr'><strong>obsidione</strong></span> <span class='ocrx_word' id='word_1_111' title='bbox 587 1393 747 1458; x_wconf 82' lang='lat' dir='ltr'><strong>eximitur.</strong></span> <span class='ocrx_word' id='word_1_112' title='bbox 793 1393 925 1458; x_wconf 86' lang='lat' dir='ltr'><strong>Castulo</strong></span> <span class='ocrx_word' id='word_1_113' title='bbox 949 1392 1025 1457; x_wconf 92' lang='lat' dir='ltr'><strong>urbs</strong></span> <span class='ocrx_word' id='word_1_114' title='bbox 1046 1391 1219 1477; x_wconf 77' lang='lat' dir='ltr'><strong>Hispanioe</strong></span> 
     </span>
     <span class='ocr_line' id='line_1_15' title="bbox 158 1477 1220 1559; baseline -0.002 -13"><span class='ocrx_word' id='word_1_115' title='bbox 158 1479 264 1546; x_wconf 71' lang='lat' dir='ltr'><strong>valida</strong></span> <span class='ocrx_word' id='word_1_116' title='bbox 290 1501 327 1545; x_wconf 90' lang='lat' dir='ltr'><strong>ac</strong></span> <span class='ocrx_word' id='word_1_117' title='bbox 351 1479 479 1559; x_wconf 88' lang='lat' dir='ltr'><strong>nobilis,</strong></span> <span class='ocrx_word' id='word_1_118' title='bbox 504 1493 536 1544; x_wconf 88' lang='lat' dir='ltr'><strong>et</strong></span> <span class='ocrx_word' id='word_1_119' title='bbox 560 1480 641 1544; x_wconf 87' lang='lat' dir='ltr'><strong>adeo</strong></span> <span class='ocrx_word' id='word_1_120' title='bbox 668 1481 836 1544; x_wconf 88' lang='lat' dir='ltr'><strong>con&#39;uncta</strong></span> <span class='ocrx_word' id='word_1_121' title='bbox 861 1479 1008 1544; x_wconf 87' lang='lat' dir='ltr'><strong>societate</strong></span> <span class='ocrx_word' id='word_1_122' title='bbox 1039 1477 1156 1552; x_wconf 76' lang='lat' dir='ltr'><strong>Poenis,</strong></span> <span class='ocrx_word' id='word_1_123' title='bbox 1184 1489 1220 1544; x_wconf 87' lang='lat' dir='ltr'><strong>ut</strong></span> 
     </span>
     <span class='ocr_line' id='line_1_16' title="bbox 159 1503 1219 1643; baseline -0.003 -12"><span class='ocrx_word' id='word_1_124' title='bbox 159 1571 246 1632; x_wconf 84' lang='lat' dir='ltr'><strong>uxor</strong></span> <span class='ocrx_word' id='word_1_125' title='bbox 259 1566 336 1630; x_wconf 90' lang='lat' dir='ltr'><strong>inde</strong></span> <span class='ocrx_word' id='word_1_126' title='bbox 356 1565 533 1631; x_wconf 79' lang='lat' dir='ltr'><strong>Hannibali</strong></span> <span class='ocrx_word' id='word_1_127' title='bbox 555 1579 646 1643; x_wconf 88' lang='lat' dir='ltr'><strong>esset,</strong></span> <span class='ocrx_word' id='word_1_128' title='bbox 662 1567 701 1630; x_wconf 85' lang='lat' dir='ltr'><strong>ad</strong></span> <span class='ocrx_word' id='word_1_129' title='bbox 725 1503 887 1630; x_wconf 77' lang='lat' dir='ltr'><strong>llomanos</strong></span> <span class='ocrx_word' id='word_1_130' title='bbox 909 1565 1032 1630; x_wconf 86' lang='lat' dir='ltr'><strong>defecit.</strong></span> <span class='ocrx_word' id='word_1_131' title='bbox 1078 1563 1219 1630; x_wconf 87' lang='lat' dir='ltr'><strong>Kartha-</strong></span> 
     </span>
     <span class='ocr_line' id='line_1_17' title="bbox 159 1650 1351 1740; baseline -0.007 -24"><span class='ocrx_word' id='word_1_132' title='bbox 159 1654 318 1740; x_wconf 81' lang='lat' dir='ltr'><strong>ginienses</strong></span> <span class='ocrx_word' id='word_1_133' title='bbox 343 1650 503 1740; x_wconf 87' lang='lat' dir='ltr'><strong>llliturgin</strong></span> <span class='ocrx_word' id='word_1_134' title='bbox 527 1653 712 1740; x_wconf 80' lang='lat' dir='ltr'><strong>obpugnare</strong></span> <span class='ocrx_word' id='word_1_135' title='bbox 733 1651 848 1729; x_wconf 84' lang='lat' dir='ltr'><strong>adorti,</strong></span> <span class='ocrx_word' id='word_1_136' title='bbox 872 1652 946 1736; x_wconf 90' lang='lat' dir='ltr'><strong>quia</strong></span> <span class='ocrx_word' id='word_1_137' title='bbox 967 1651 1153 1736; x_wconf 77' lang='lat' dir='ltr'><strong>praesidium</strong></span> <span class='ocrx_word' id='word_1_138' title='bbox 1174 1651 1351 1724; x_wconf 68' lang='lat' dir='ltr'><strong>ibirnnurgrn</strong></span> 
     </span>
     <span class='ocr_line' id='line_1_18' title="bbox 162 1729 1368 1839; baseline -0.004 -33"><span class='ocrx_word' id='word_1_139' title='bbox 162 1741 345 1806; x_wconf 87' lang='lat' dir='ltr'><strong>Romanum</strong></span> <span class='ocrx_word' id='word_1_140' title='bbox 361 1752 444 1804; x_wconf 87' lang='lat' dir='ltr'><strong>erat:</strong></span> <span class='ocrx_word' id='word_1_141' title='bbox 467 1738 717 1826; x_wconf 88' lang='lat' dir='ltr'><strong>videbanturque</strong></span> <span class='ocrx_word' id='word_1_142' title='bbox 738 1739 847 1824; x_wconf 88' lang='lat' dir='ltr'><strong>inopia</strong></span> <span class='ocrx_word' id='word_1_143' title='bbox 860 1759 933 1802; x_wconf 87' lang='lat' dir='ltr'><strong>cnm</strong></span> <span class='ocrx_word' id='word_1_144' title='bbox 951 1737 1057 1802; x_wconf 90' lang='lat' dir='ltr'><strong>locum</strong></span> <span class='ocrx_word' id='word_1_145' title='bbox 1081 1729 1368 1839; x_wconf 58' lang='lat' dir='ltr'><strong>maximegbnptu*</strong></span> 
     </span>
     <span class='ocr_line' id='line_1_19' title="bbox 160 1806 1304 1913; baseline -0.001 -22"><span class='ocrx_word' id='word_1_146' title='bbox 160 1825 387 1913; x_wconf 73' lang='lat' dir='ltr'><strong>expugnaturi.</strong></span> <span class='ocrx_word' id='word_1_147' title='bbox 425 1825 486 1891; x_wconf 84' lang='lat' dir='ltr'><strong>Cn.</strong></span> <span class='ocrx_word' id='word_1_148' title='bbox 500 1825 617 1910; x_wconf 86' lang='lat' dir='ltr'><strong>Scipio,</strong></span> <span class='ocrx_word' id='word_1_149' title='bbox 629 1839 665 1890; x_wconf 91' lang='lat' dir='ltr'><strong>ut</strong></span> <span class='ocrx_word' id='word_1_150' title='bbox 675 1825 767 1890; x_wconf 86' lang='lat' dir='ltr'><strong>sociis</strong></span> <span class='ocrx_word' id='word_1_151' title='bbox 777 1823 991 1910; x_wconf 84' lang='lat' dir='ltr'><strong>praesidioque</strong></span> <span class='ocrx_word' id='word_1_152' title='bbox 1003 1823 1100 1891; x_wconf 85' lang='lat' dir='ltr'><strong>ferret</strong></span> <span class='ocrx_word' id='word_1_153' title='bbox 1113 1846 1218 1908; x_wconf 82' lang='lat' dir='ltr'><strong>opero,</strong></span> <span class='ocrx_word' id='word_1_154' title='bbox 1248 1806 1304 1840; x_wconf 51' lang='grc' dir='ltr'><strong>Μ’</strong></span> 
     </span>
     <span class='ocr_line' id='line_1_20' title="bbox 161 1910 1219 2000; baseline -0.002 -22"><span class='ocrx_word' id='word_1_155' title='bbox 161 1935 233 1978; x_wconf 88' lang='lat' dir='ltr'><strong>curn</strong></span> <span class='ocrx_word' id='word_1_156' title='bbox 257 1913 382 2000; x_wconf 87' lang='lat' dir='ltr'><strong>legione</strong></span> <span class='ocrx_word' id='word_1_157' title='bbox 402 1911 554 1997; x_wconf 86' lang='lat' dir='ltr'><strong>expedita</strong></span> <span class='ocrx_word' id='word_1_158' title='bbox 575 1911 744 1994; x_wconf 84' lang='lat' dir='ltr'><strong>profectus,</strong></span> <span class='ocrx_word' id='word_1_159' title='bbox 770 1910 903 1975; x_wconf 61' lang='lat' dir='ltr'><strong>“insert</strong></span> <span class='ocrx_word' id='word_1_160' title='bbox 926 1910 1002 1975; x_wconf 89' lang='lat' dir='ltr'><strong>bina</strong></span> <span class='ocrx_word' id='word_1_161' title='bbox 1023 1923 1219 1976; x_wconf 75' lang='lat' dir='ltr'><strong>castratum</strong></span> 
     </span>
     <span class='ocr_line' id='line_1_21' title="bbox 160 1996 1222 2086; baseline -0.004 -20"><span class='ocrx_word' id='word_1_162' title='bbox 160 2021 278 2086; x_wconf 83' lang='lat' dir='ltr'><strong>magna</strong></span> <span class='ocrx_word' id='word_1_163' title='bbox 301 1997 389 2062; x_wconf 80' lang='lat' dir='ltr'><strong>coe&#39;de</strong></span> <span class='ocrx_word' id='word_1_164' title='bbox 412 1996 561 2062; x_wconf 51' lang='lat' dir='ltr'><strong>hostium*</strong></span> <span class='ocrx_word' id='word_1_165' title='bbox 574 1997 686 2062; x_wconf 90' lang='lat' dir='ltr'><strong>urbem</strong></span> <span class='ocrx_word' id='word_1_166' title='bbox 709 2011 755 2062; x_wconf 88' lang='lat' dir='ltr'><strong>est</strong></span> <span class='ocrx_word' id='word_1_167' title='bbox 778 1997 947 2084; x_wconf 90' lang='lat' dir='ltr'><strong>ingressus,</strong></span> <span class='ocrx_word' id='word_1_168' title='bbox 966 2009 998 2060; x_wconf 89' lang='lat' dir='ltr'><strong>et</strong></span> <span class='ocrx_word' id='word_1_169' title='bbox 1019 2010 1146 2080; x_wconf 81' lang='lat' dir='ltr'><strong>postero</strong></span> <span class='ocrx_word' id='word_1_170' title='bbox 1161 1996 1222 2062; x_wconf 85' lang='lat' dir='ltr'><strong>die</strong></span> 
     </span>
     <span class='ocr_line' id='line_1_22' title="bbox 160 2082 1221 2172; baseline -0.003 -22"><span class='ocrx_word' id='word_1_171' title='bbox 160 2086 327 2170; x_wconf 84' lang='lat' dir='ltr'><strong>eruptione</strong></span> <span class='ocrx_word' id='word_1_172' title='bbox 354 2106 446 2168; x_wconf 87' lang='lat' dir='ltr'><strong>aeque</strong></span> <span class='ocrx_word' id='word_1_173' title='bbox 473 2082 555 2148; x_wconf 86' lang='lat' dir='ltr'><strong>felici</strong></span> <span class='ocrx_word' id='word_1_174' title='bbox 585 2083 748 2172; x_wconf 86' lang='lat' dir='ltr'><strong>pugnavit.</strong></span> <span class='ocrx_word' id='word_1_175' title='bbox 793 2084 898 2168; x_wconf 87' lang='lat' dir='ltr'><strong>Supra</strong></span> <span class='ocrx_word' id='word_1_176' title='bbox 927 2082 1092 2147; x_wconf 88' lang='lat' dir='ltr'><strong>duodecim</strong></span> <span class='ocrx_word' id='word_1_177' title='bbox 1122 2082 1221 2147; x_wconf 89' lang='lat' dir='ltr'><strong>millia</strong></span> 
     </span>
     <span class='ocr_line' id='line_1_23' title="bbox 158 2167 1221 2254; baseline -0.005 -17"><span class='ocrx_word' id='word_1_178' title='bbox 158 2171 328 2238; x_wconf 87' lang='lat' dir='ltr'><strong>hominum</strong></span> <span class='ocrx_word' id='word_1_179' title='bbox 353 2193 435 2234; x_wconf 82' lang='lat' dir='ltr'><strong>crasa</strong></span> <span class='ocrx_word' id='word_1_180' title='bbox 459 2169 585 2234; x_wconf 90' lang='lat' dir='ltr'><strong>dnobus</strong></span> <span class='ocrx_word' id='word_1_181' title='bbox 609 2170 751 2254; x_wconf 82' lang='lat' dir='ltr'><strong>proeliis:</strong></span> <span class='ocrx_word' id='word_1_182' title='bbox 774 2168 879 2254; x_wconf 80' lang='lat' dir='ltr'><strong>¹⁸plus</strong></span> <span class='ocrx_word' id='word_1_183' title='bbox 902 2169 1010 2248; x_wconf 79' lang='lat' dir='ltr'><strong>mille¹</strong></span> <span class='ocrx_word' id='word_1_184' title='bbox 1033 2167 1130 2254; x_wconf 85' lang='lat' dir='ltr'><strong>capti,</strong></span> <span class='ocrx_word' id='word_1_185' title='bbox 1146 2190 1221 2232; x_wconf 85' lang='lat' dir='ltr'><strong>curn</strong></span> 
     </span>
     <span class='ocr_line' id='line_1_24' title="bbox 160 2254 1221 2357; baseline -0.004 -35"><span class='ocrx_word' id='word_1_186' title='bbox 160 2281 215 2322; x_wconf 84' lang='lat' dir='ltr'><strong>sex</strong></span> <span class='ocrx_word' id='word_1_187' title='bbox 238 2271 270 2322; x_wconf 91' lang='lat' dir='ltr'><strong>et</strong></span> <span class='ocrx_word' id='word_1_188' title='bbox 289 2255 422 2343; x_wconf 81' lang='lat' dir='ltr'><strong>trigintc&#39;</strong></span> <span class='ocrx_word' id='word_1_189' title='bbox 442 2254 631 2320; x_wconf 84' lang='lat' dir='ltr'><strong>militaribus</strong></span> <span class='ocrx_word' id='word_1_190' title='bbox 655 2256 762 2357; x_wconf 81' lang='lat' dir='ltr'><strong>signis.</strong></span> <span class='ocrx_word' id='word_1_191' title='bbox 786 2256 830 2320; x_wconf 86' lang='lat' dir='ltr'><strong>ita</strong></span> <span class='ocrx_word' id='word_1_192' title='bbox 845 2255 884 2320; x_wconf 88' lang='lat' dir='ltr'><strong>ab</strong></span> <span class='ocrx_word' id='word_1_193' title='bbox 900 2255 1039 2340; x_wconf 82' lang='lat' dir='ltr'><strong>illiturgi</strong></span> <span class='ocrx_word' id='word_1_194' title='bbox 1064 2275 1221 2319; x_wconf 86' lang='lat' dir='ltr'><strong>recessum</strong></span> 
     </span>
     <span class='ocr_line' id='line_1_25' title="bbox 159 2341 1372 2428; baseline 0 -20"><span class='ocrx_word' id='word_1_195' title='bbox 159 2358 218 2410; x_wconf 87' lang='lat' dir='ltr'><strong>est.</strong></span> <span class='ocrx_word' id='word_1_196' title='bbox 264 2343 399 2428; x_wconf 83' lang='lat' dir='ltr'><strong>Bigerra</strong></span> <span class='ocrx_word' id='word_1_197' title='bbox 419 2341 495 2405; x_wconf 86' lang='lat' dir='ltr'><strong>inde</strong></span> <span class='ocrx_word' id='word_1_198' title='bbox 516 2341 593 2405; x_wconf 94' lang='lat' dir='ltr'><strong>urbs</strong></span> <span class='ocrx_word' id='word_1_199' title='bbox 617 2347 715 2427; x_wconf 86' lang='lat' dir='ltr'><strong>(soora</strong></span> <span class='ocrx_word' id='word_1_200' title='bbox 729 2353 760 2406; x_wconf 87' lang='lat' dir='ltr'><strong>et</strong></span> <span class='ocrx_word' id='word_1_201' title='bbox 773 2341 844 2406; x_wconf 81' lang='lat' dir='ltr'><strong>haec</strong></span> <span class='ocrx_word' id='word_1_202' title='bbox 869 2343 1089 2406; x_wconf 88' lang='lat' dir='ltr'><strong>Romanorum</strong></span> <span class='ocrx_word' id='word_1_203' title='bbox 1104 2341 1186 2420; x_wconf 86' lang='lat' dir='ltr'><strong>erat)</strong></span> <span class='ocrx_word' id='word_1_204' title='bbox 1202 2363 1223 2406; x_wconf 85' lang='lat' dir='ltr'><strong>a</strong></span> <span class='ocrx_word' id='word_1_205' title='bbox 1356 2379 1372 2408; x_wconf 71' lang='grc' dir='ltr'>ι</span> 
     </span>
     <span class='ocr_line' id='line_1_26' title="bbox 162 2425 1221 2516; baseline -0.001 -21"><span class='ocrx_word' id='word_1_206' title='bbox 162 2429 482 2515; x_wconf 86' lang='lat' dir='ltr'><strong>Karthaginiensibus</strong></span> <span class='ocrx_word' id='word_1_207' title='bbox 503 2427 683 2516; x_wconf 84' lang='lat' dir='ltr'><strong>obpugnari</strong></span> <span class='ocrx_word' id='word_1_208' title='bbox 698 2439 802 2513; x_wconf 89' lang='lat' dir='ltr'><strong>coepta</strong></span> <span class='ocrx_word' id='word_1_209' title='bbox 816 2445 873 2494; x_wconf 86' lang='lat' dir='ltr'><strong>est.</strong></span> <span class='ocrx_word' id='word_1_210' title='bbox 918 2425 1001 2494; x_wconf 89' lang='lat' dir='ltr'><strong>Eam</strong></span> <span class='ocrx_word' id='word_1_211' title='bbox 1023 2426 1221 2494; x_wconf 85' lang='lat' dir='ltr'><strong>obsidionem</strong></span> 
     </span>
     <span class='ocr_line' id='line_1_27' title="bbox 158 2513 1045 2599; baseline -0.007 -16"><span class='ocrx_word' id='word_1_212' title='bbox 158 2518 227 2583; x_wconf 88' lang='lat' dir='ltr'><strong>siue</strong></span> <span class='ocrx_word' id='word_1_213' title='bbox 240 2515 411 2580; x_wconf 80' lang='lat' dir='ltr'><strong>certamine</strong></span> <span class='ocrx_word' id='word_1_214' title='bbox 431 2514 599 2580; x_wconf 86' lang='lat' dir='ltr'><strong>adveniens</strong></span> <span class='ocrx_word' id='word_1_215' title='bbox 616 2515 676 2580; x_wconf 85' lang='lat' dir='ltr'><strong>Cn.</strong></span> <span class='ocrx_word' id='word_1_216' title='bbox 695 2515 802 2599; x_wconf 88' lang='lat' dir='ltr'><strong>Scipio</strong></span> <span class='ocrx_word' id='word_1_217' title='bbox 817 2513 916 2578; x_wconf 90' lang='lat' dir='ltr'><strong>solvit.</strong></span> <span class='ocrx_word' id='word_1_218' title='bbox 1041 2581 1045 2587; x_wconf 69' lang='grc'><strong><em>,</em></strong></span> 
     </span>
    </p>

    <p class='ocr_par' dir='ltr' id='par_1_4' title="bbox 157 2601 1385 2862">
     <span class='ocr_line' id='line_1_28' title="bbox 204 2601 1385 2670; baseline 0.003 -3"><span class='ocrx_word' id='word_1_219' title='bbox 204 2602 320 2667; x_wconf 91' lang='lat' dir='ltr'><strong>XLII.</strong></span> <span class='ocrx_word' id='word_1_220' title='bbox 343 2602 395 2664; x_wconf 85' lang='lat' dir='ltr'><strong>Ad</strong></span> <span class='ocrx_word' id='word_1_221' title='bbox 412 2601 570 2666; x_wconf 86' lang='lat' dir='ltr'><strong>Mundam</strong></span> <span class='ocrx_word' id='word_1_222' title='bbox 585 2601 699 2666; x_wconf 89' lang='lat' dir='ltr'><strong>exinde</strong></span> <span class='ocrx_word' id='word_1_223' title='bbox 713 2614 814 2666; x_wconf 87' lang='lat' dir='ltr'><strong>castra</strong></span> <span class='ocrx_word' id='word_1_224' title='bbox 830 2601 953 2666; x_wconf 89' lang='lat' dir='ltr'><strong>Punica</strong></span> <span class='ocrx_word' id='word_1_225' title='bbox 974 2615 1080 2666; x_wconf 89' lang='lat' dir='ltr'><strong>mota:</strong></span> <span class='ocrx_word' id='word_1_226' title='bbox 1104 2613 1136 2666; x_wconf 87' lang='lat' dir='ltr'><strong>et</strong></span> <span class='ocrx_word' id='word_1_227' title='bbox 1153 2603 1219 2666; x_wconf 86' lang='lat' dir='ltr'><strong>Ro·</strong></span> <span class='ocrx_word' id='word_1_228' title='bbox 1230 2621 1385 2670; x_wconf 69' lang='lat' dir='ltr'><strong>Pronum-d</strong></span> 
     </span>
     <span class='ocr_line' id='line_1_29' title="bbox 158 2685 1361 2776; baseline 0 -24"><span class='ocrx_word' id='word_1_229' title='bbox 158 2690 246 2753; x_wconf 86' lang='lat' dir='ltr'><strong>mani</strong></span> <span class='ocrx_word' id='word_1_230' title='bbox 273 2711 311 2752; x_wconf 88' lang='lat' dir='ltr'><strong>eo</strong></span> <span class='ocrx_word' id='word_1_231' title='bbox 335 2685 498 2752; x_wconf 85' lang='lat' dir='ltr'><strong>confestim</strong></span> <span class='ocrx_word' id='word_1_232' title='bbox 523 2688 621 2752; x_wconf 88' lang='lat' dir='ltr'><strong>secuti</strong></span> <span class='ocrx_word' id='word_1_233' title='bbox 643 2699 726 2752; x_wconf 87' lang='lat' dir='ltr'><strong>sunt.</strong></span> <span class='ocrx_word' id='word_1_234' title='bbox 771 2687 820 2752; x_wconf 94' lang='lat' dir='ltr'><strong>lbi</strong></span> <span class='ocrx_word' id='word_1_235' title='bbox 840 2687 937 2776; x_wconf 87' lang='lat' dir='ltr'><strong>signia</strong></span> <span class='ocrx_word' id='word_1_236' title='bbox 952 2687 1084 2753; x_wconf 89' lang='lat' dir='ltr'><strong>conlatis</strong></span> <span class='ocrx_word' id='word_1_237' title='bbox 1099 2711 1221 2774; x_wconf 86' lang='lat' dir='ltr'><strong>pugna·</strong></span> <span class='ocrx_word' id='word_1_238' title='bbox 1231 2687 1361 2735; x_wconf 77' lang='lat' dir='ltr'><strong>Mundam.</strong></span> 
     </span>
     <span class='ocr_line' id='line_1_30' title="bbox 157 2773 1222 2862; baseline 0 -22"><span class='ocrx_word' id='word_1_239' title='bbox 157 2789 228 2840; x_wconf 88' lang='lat' dir='ltr'><strong>tum</strong></span> <span class='ocrx_word' id='word_1_240' title='bbox 251 2797 309 2859; x_wconf 88' lang='lat' dir='ltr'><strong>per</strong></span> <span class='ocrx_word' id='word_1_241' title='bbox 329 2785 465 2860; x_wconf 87' lang='lat' dir='ltr'><strong>quatuor</strong></span> <span class='ocrx_word' id='word_1_242' title='bbox 487 2773 584 2838; x_wconf 82' lang='lat' dir='ltr'><strong>ferme</strong></span> <span class='ocrx_word' id='word_1_243' title='bbox 606 2774 715 2842; x_wconf 82' lang='lat' dir='ltr'><strong>horas:</strong></span> <span class='ocrx_word' id='word_1_244' title='bbox 738 2775 926 2862; x_wconf 87' lang='lat' dir='ltr'><strong>egregieque</strong></span> <span class='ocrx_word' id='word_1_245' title='bbox 940 2774 1137 2840; x_wconf 90' lang='lat' dir='ltr'><strong>vincentibus</strong></span> <span class='ocrx_word' id='word_1_246' title='bbox 1154 2775 1222 2840; x_wconf 90' lang='lat' dir='ltr'><strong>Ro-</strong></span> 
     </span>
    </p>

    <p class='ocr_par' dir='ltr' id='par_1_5' title="bbox 136 2860 1223 3552">
     <span class='ocr_line' id='line_1_31' title="bbox 136 2860 1222 2947; baseline 0 -21"><span class='ocrx_word' id='word_1_247' title='bbox 136 2862 262 2942; x_wconf 47' lang='lat' dir='ltr'><strong>,manis</strong></span> <span class='ocrx_word' id='word_1_248' title='bbox 298 2861 423 2947; x_wconf 85' lang='lat' dir='ltr'><strong>signum</strong></span> <span class='ocrx_word' id='word_1_249' title='bbox 452 2881 523 2925; x_wconf 82' lang='lat' dir='ltr'><strong>rece</strong></span> <span class='ocrx_word' id='word_1_250' title='bbox 547 2862 593 2926; x_wconf 90' lang='lat' dir='ltr'><strong>tui</strong></span> <span class='ocrx_word' id='word_1_251' title='bbox 621 2874 668 2926; x_wconf 89' lang='lat' dir='ltr'><strong>ast</strong></span> <span class='ocrx_word' id='word_1_252' title='bbox 696 2860 819 2941; x_wconf 89' lang='lat' dir='ltr'><strong>datum,</strong></span> <span class='ocrx_word' id='word_1_253' title='bbox 848 2861 935 2946; x_wconf 92' lang='lat' dir='ltr'><strong>quod</strong></span> <span class='ocrx_word' id='word_1_254' title='bbox 966 2861 1027 2926; x_wconf 89' lang='lat' dir='ltr'><strong>Cn.</strong></span> <span class='ocrx_word' id='word_1_255' title='bbox 1063 2862 1222 2946; x_wconf 87' lang='lat' dir='ltr'><strong>Scipionis</strong></span> 
     </span>
     <span class='ocr_line' id='line_1_32' title="bbox 158 2883 1221 3033; baseline 0 -21"><span class='ocrx_word' id='word_1_256' title='bbox 158 2947 264 3014; x_wconf 82' lang='lat' dir='ltr'><strong>femur</strong></span> <span class='ocrx_word' id='word_1_257' title='bbox 277 2946 437 3033; x_wconf 74' lang='lat' dir='ltr'><strong>1⁷tragula</strong></span> <span class='ocrx_word' id='word_1_258' title='bbox 460 2883 623 3011; x_wconf 68' lang='lat' dir='ltr'><strong>conixum</strong></span> <span class='ocrx_word' id='word_1_259' title='bbox 639 2962 722 3011; x_wconf 86' lang='lat' dir='ltr'><strong>erat:</strong></span> <span class='ocrx_word' id='word_1_260' title='bbox 745 2967 905 3033; x_wconf 85' lang='lat' dir='ltr'><strong>pavorque</strong></span> <span class='ocrx_word' id='word_1_261' title='bbox 926 2946 1010 3011; x_wconf 86' lang='lat' dir='ltr'><strong>circs</strong></span> <span class='ocrx_word' id='word_1_262' title='bbox 1032 2969 1105 3012; x_wconf 90' lang='lat' dir='ltr'><strong>eum</strong></span> <span class='ocrx_word' id='word_1_263' title='bbox 1129 2969 1221 3033; x_wconf 89' lang='lat' dir='ltr'><strong>cepe-</strong></span> 
     </span>
     <span class='ocr_line' id='line_1_33' title="bbox 158 3031 1222 3110; baseline 0.002 -12"><span class='ocrx_word' id='word_1_264' title='bbox 158 3047 209 3100; x_wconf 89' lang='lat' dir='ltr'><strong>rat</strong></span> <span class='ocrx_word' id='word_1_265' title='bbox 224 3033 350 3110; x_wconf 89' lang='lat' dir='ltr'><strong>milites,</strong></span> <span class='ocrx_word' id='word_1_266' title='bbox 366 3054 407 3096; x_wconf 90' lang='lat' dir='ltr'><strong>no</strong></span> <span class='ocrx_word' id='word_1_267' title='bbox 419 3031 614 3097; x_wconf 87' lang='lat' dir='ltr'><strong>mortiferum</strong></span> <span class='ocrx_word' id='word_1_268' title='bbox 629 3046 709 3098; x_wconf 89' lang='lat' dir='ltr'><strong>esset</strong></span> <span class='ocrx_word' id='word_1_269' title='bbox 723 3032 849 3098; x_wconf 86' lang='lat' dir='ltr'><strong>vulnus.</strong></span> <span class='ocrx_word' id='word_1_270' title='bbox 894 3033 1043 3098; x_wconf 88' lang='lat' dir='ltr'><strong>Ceterum</strong></span> <span class='ocrx_word' id='word_1_271' title='bbox 1060 3033 1146 3100; x_wconf 88' lang='lat' dir='ltr'><strong>haud</strong></span> <span class='ocrx_word' id='word_1_272' title='bbox 1161 3035 1222 3100; x_wconf 91' lang='lat' dir='ltr'><strong>du·</strong></span> 
     </span>
     <span class='ocr_line' id='line_1_34' title="bbox 159 3119 1223 3205; baseline 0.001 -20"><span class='ocrx_word' id='word_1_273' title='bbox 159 3121 250 3185; x_wconf 92' lang='lat' dir='ltr'><strong>bium</strong></span> <span class='ocrx_word' id='word_1_274' title='bbox 276 3119 345 3198; x_wconf 84' lang='lat' dir='ltr'><strong>fuit,</strong></span> <span class='ocrx_word' id='word_1_275' title='bbox 369 3119 456 3205; x_wconf 85' lang='lat' dir='ltr'><strong>quin,</strong></span> <span class='ocrx_word' id='word_1_276' title='bbox 479 3119 539 3182; x_wconf 89' lang='lat' dir='ltr'><strong>nisi</strong></span> <span class='ocrx_word' id='word_1_277' title='bbox 560 3141 597 3183; x_wconf 85' lang='lat' dir='ltr'><strong>ea</strong></span> <span class='ocrx_word' id='word_1_278' title='bbox 621 3141 709 3183; x_wconf 87' lang='lat' dir='ltr'><strong>mora</strong></span> <span class='ocrx_word' id='word_1_279' title='bbox 730 3119 959 3200; x_wconf 87' lang='lat' dir='ltr'><strong>intervenisset,</strong></span> <span class='ocrx_word' id='word_1_280' title='bbox 985 3133 1088 3184; x_wconf 85' lang='lat' dir='ltr'><strong>castra</strong></span> <span class='ocrx_word' id='word_1_281' title='bbox 1109 3143 1149 3185; x_wconf 89' lang='lat' dir='ltr'><strong>eo</strong></span> <span class='ocrx_word' id='word_1_282' title='bbox 1170 3121 1223 3186; x_wconf 91' lang='lat' dir='ltr'><strong>die</strong></span> 
     </span>
     <span class='ocr_line' id='line_1_35' title="bbox 160 3204 1222 3292; baseline -0.001 -21"><span class='ocrx_word' id='word_1_283' title='bbox 160 3206 285 3272; x_wconf 88' lang='lat' dir='ltr'><strong>Punica</strong></span> <span class='ocrx_word' id='word_1_284' title='bbox 299 3205 368 3289; x_wconf 87' lang='lat' dir='ltr'><strong>capi</strong></span> <span class='ocrx_word' id='word_1_285' title='bbox 383 3204 554 3290; x_wconf 88' lang='lat' dir='ltr'><strong>potuerint.</strong></span> <span class='ocrx_word' id='word_1_286' title='bbox 572 3208 638 3292; x_wconf 85' lang='lat' dir='ltr'><strong>jam</strong></span> <span class='ocrx_word' id='word_1_287' title='bbox 654 3227 719 3269; x_wconf 92' lang='lat' dir='ltr'><strong>non</strong></span> <span class='ocrx_word' id='word_1_288' title='bbox 734 3205 848 3269; x_wconf 88' lang='lat' dir='ltr'><strong>milites</strong></span> <span class='ocrx_word' id='word_1_289' title='bbox 864 3205 979 3280; x_wconf 89' lang='lat' dir='ltr'><strong>solum,</strong></span> <span class='ocrx_word' id='word_1_290' title='bbox 992 3205 1047 3270; x_wconf 89' lang='lat' dir='ltr'><strong>sed</strong></span> <span class='ocrx_word' id='word_1_291' title='bbox 1060 3206 1222 3292; x_wconf 89' lang='lat' dir='ltr'><strong>elephanti</strong></span> 
     </span>
     <span class='ocr_line' id='line_1_36' title="bbox 159 3289 1223 3377; baseline -0.002 -17"><span class='ocrx_word' id='word_1_292' title='bbox 159 3294 257 3362; x_wconf 81' lang='lat' dir='ltr'><strong>ctiam</strong></span> <span class='ocrx_word' id='word_1_293' title='bbox 280 3293 378 3377; x_wconf 85' lang='lat' dir='ltr'><strong>usque</strong></span> <span class='ocrx_word' id='word_1_294' title='bbox 392 3293 431 3356; x_wconf 90' lang='lat' dir='ltr'><strong>ad</strong></span> <span class='ocrx_word' id='word_1_295' title='bbox 448 3290 564 3355; x_wconf 85' lang='lat' dir='ltr'><strong>vallum</strong></span> <span class='ocrx_word' id='word_1_296' title='bbox 586 3292 650 3357; x_wconf 87' lang='lat' dir='ltr'><strong>acti</strong></span> <span class='ocrx_word' id='word_1_297' title='bbox 676 3289 776 3371; x_wconf 86' lang='lat' dir='ltr'><strong>erant,</strong></span> <span class='ocrx_word' id='word_1_298' title='bbox 792 3313 949 3377; x_wconf 90' lang='lat' dir='ltr'><strong>superque</strong></span> <span class='ocrx_word' id='word_1_299' title='bbox 968 3292 1040 3376; x_wconf 92' lang='lat' dir='ltr'><strong>ipso</strong></span> <span class='ocrx_word' id='word_1_300' title='bbox 1062 3313 1176 3357; x_wconf 91' lang='lat' dir='ltr'><strong>novem</strong></span> <span class='ocrx_word' id='word_1_301' title='bbox 1190 3305 1223 3358; x_wconf 89' lang='lat' dir='ltr'><strong>et</strong></span> 
     </span>
     <span class='ocr_line' id='line_1_37' title="bbox 159 3376 1222 3466; baseline 0.001 -23"><span class='ocrx_word' id='word_1_302' title='bbox 159 3380 293 3466; x_wconf 85' lang='lat' dir='ltr'><strong>triginta</strong></span> <span class='ocrx_word' id='word_1_303' title='bbox 321 3376 479 3462; x_wconf 87' lang='lat' dir='ltr'><strong>elephanti</strong></span> <span class='ocrx_word' id='word_1_304' title='bbox 509 3376 581 3461; x_wconf 92' lang='lat' dir='ltr'><strong>pilis</strong></span> <span class='ocrx_word' id='word_1_305' title='bbox 610 3377 740 3442; x_wconf 88' lang='lat' dir='ltr'><strong>confixi.</strong></span> <span class='ocrx_word' id='word_1_306' title='bbox 786 3378 863 3443; x_wconf 93' lang='lat' dir='ltr'><strong>Hoc</strong></span> <span class='ocrx_word' id='word_1_307' title='bbox 888 3399 1015 3464; x_wconf 89' lang='lat' dir='ltr'><strong>quoque</strong></span> <span class='ocrx_word' id='word_1_308' title='bbox 1040 3378 1154 3462; x_wconf 87' lang='lat' dir='ltr'><strong>proelio</strong></span> <span class='ocrx_word' id='word_1_309' title='bbox 1179 3379 1222 3444; x_wconf 85' lang='lat' dir='ltr'><strong>ad</strong></span> 
     </span>
     <span class='ocr_line' id='line_1_38' title="bbox 160 3462 1221 3552; baseline 0 -22"><span class='ocrx_word' id='word_1_310' title='bbox 160 3463 328 3530; x_wconf 89' lang='lat' dir='ltr'><strong>duodecim</strong></span> <span class='ocrx_word' id='word_1_311' title='bbox 352 3463 450 3528; x_wconf 89' lang='lat' dir='ltr'><strong>millia</strong></span> <span class='ocrx_word' id='word_1_312' title='bbox 471 3462 635 3528; x_wconf 91' lang='lat' dir='ltr'><strong>hominum</strong></span> <span class='ocrx_word' id='word_1_313' title='bbox 651 3466 803 3530; x_wconf 89' lang='lat' dir='ltr'><strong>dicuntur</strong></span> <span class='ocrx_word' id='word_1_314' title='bbox 817 3486 909 3546; x_wconf 79' lang='lat' dir='ltr'><strong>caesa,</strong></span> <span class='ocrx_word' id='word_1_315' title='bbox 925 3481 1026 3549; x_wconf 87' lang='lat' dir='ltr'><strong>prope</strong></span> <span class='ocrx_word' id='word_1_316' title='bbox 1041 3465 1101 3528; x_wconf 89' lang='lat' dir='ltr'><strong>tria</strong></span> <span class='ocrx_word' id='word_1_317' title='bbox 1116 3478 1221 3552; x_wconf 86' lang='lat' dir='ltr'><strong>capta,</strong></span> 
     </span>
    </p>
   </div>
   <div class='ocr_carea' id='block_1_3' title="bbox 261 3579 1117 3649">
    <p class='ocr_par' dir='ltr' id='par_1_6' title="bbox 261 3579 1117 3649">
     <span class='ocr_line' id='line_1_39' title="bbox 261 3579 1117 3649; baseline 0.006 -17"><span class='ocrx_word' id='word_1_318' title='bbox 261 3579 350 3632; x_wconf 66' lang='lat' dir='ltr'><strong>instra</strong></span> <span class='ocrx_word' id='word_1_319' title='bbox 361 3587 435 3634; x_wconf 79' lang='lat' dir='ltr'><strong>Gron.</strong></span> <span class='ocrx_word' id='word_1_320' title='bbox 566 3583 648 3648; x_wconf 64' lang='lat' dir='ltr'><strong>¹¹plur</strong></span> <span class='ocrx_word' id='word_1_321' title='bbox 658 3587 844 3643; x_wconf 68' lang='lat' dir='ltr'><strong>dreammtlltbae</strong></span> <span class='ocrx_word' id='word_1_322' title='bbox 855 3592 947 3649; x_wconf 74' lang='lat' dir='ltr'><strong>coptam</strong></span> <span class='ocrx_word' id='word_1_323' title='bbox 958 3590 1034 3636; x_wconf 89' lang='lat' dir='ltr'><strong>Gron.</strong></span> <span class='ocrx_word' id='word_1_324' title='bbox 1046 3589 1117 3637; x_wconf 70' lang='lat' dir='ltr'><strong>crev-</strong></span> 
     </span>
    </p>
   </div>
   <div class='ocr_carea' id='block_1_4' title="bbox 158 3698 1317 4341">
    <p class='ocr_par' dir='ltr' id='par_1_7' title="bbox 158 3698 1237 4154">
     <span class='ocr_line' id='line_1_40' title="bbox 164 3698 1221 3762; baseline -0.001 -16"><span class='ocrx_word' id='word_1_325' title='bbox 164 3739 167 3746; x_wconf 88' lang='grc'><em>.</em></span> <span class='ocrx_word' id='word_1_326' title='bbox 193 3698 225 3746; x_wconf 79' lang='lat'><strong>14</strong></span> <span class='ocrx_word' id='word_1_327' title='bbox 240 3699 403 3762; x_wconf 78' lang='lat' dir='ltr'><strong>Incnrratnnr]</strong></span> <span class='ocrx_word' id='word_1_328' title='bbox 421 3700 568 3750; x_wconf 82' lang='lat' dir='ltr'><strong>Dubitamur</strong></span> <span class='ocrx_word' id='word_1_329' title='bbox 581 3713 674 3746; x_wconf 89' lang='lat' dir='ltr'><strong>annon</strong></span> <span class='ocrx_word' id='word_1_330' title='bbox 705 3701 873 3748; x_wconf 85' lang='lat' dir='ltr'><strong>assentiuntur</strong></span> <span class='ocrx_word' id='word_1_331' title='bbox 890 3701 975 3750; x_wconf 81' lang='lat' dir='ltr'><strong>nostri.</strong></span> <span class='ocrx_word' id='word_1_332' title='bbox 1006 3698 1151 3760; x_wconf 81' lang='lat' dir='ltr'><strong>&#39;Nimirum</strong></span> <span class='ocrx_word' id='word_1_333' title='bbox 1163 3699 1221 3754; x_wconf 68' lang='lat' dir='ltr'><strong>Cat.</strong></span> 
     </span>
     <span class='ocr_line' id='line_1_41' title="bbox 158 3760 1223 3826; baseline 0.006 -16"><span class='ocrx_word' id='word_1_334' title='bbox 158 3765 206 3812; x_wconf 83' lang='lat' dir='ltr'><strong>hoc</strong></span> <span class='ocrx_word' id='word_1_335' title='bbox 222 3765 324 3810; x_wconf 85' lang='lat' dir='ltr'><strong>verbnm</strong></span> <span class='ocrx_word' id='word_1_336' title='bbox 342 3764 374 3810; x_wconf 83' lang='lat' dir='ltr'><strong>sit</strong></span> <span class='ocrx_word' id='word_1_337' title='bbox 392 3767 424 3810; x_wconf 84' lang='lat' dir='ltr'><strong>ab</strong></span> <span class='ocrx_word' id='word_1_338' title='bbox 442 3760 580 3826; x_wconf 82' lang='lat' dir='ltr'><strong>&#39;conjectura</strong></span> <span class='ocrx_word' id='word_1_339' title='bbox 598 3764 674 3810; x_wconf 86' lang='lat' dir='ltr'><strong>edito·</strong></span> <span class='ocrx_word' id='word_1_340' title='bbox 706 3765 870 3825; x_wconf 82' lang='lat' dir='ltr'><strong>thnginienses</strong></span> <span class='ocrx_word' id='word_1_341' title='bbox 887 3765 951 3811; x_wconf 88' lang='lat' dir='ltr'><strong>binis</strong></span> <span class='ocrx_word' id='word_1_342' title='bbox 969 3767 1055 3813; x_wconf 78' lang='lat' dir='ltr'><strong>castris</strong></span> <span class='ocrx_word' id='word_1_343' title='bbox 1066 3766 1223 3816; x_wconf 84' lang='lat' dir='ltr'><strong>circumside-</strong></span> 
     </span>
     <span class='ocr_line' id='line_1_42' title="bbox 159 3828 1222 3891; baseline 0.007 -17"><span class='ocrx_word' id='word_1_344' title='bbox 159 3842 223 3874; x_wconf 82' lang='lat' dir='ltr'><strong>rnm.</strong></span> <span class='ocrx_word' id='word_1_345' title='bbox 257 3828 346 3888; x_wconf 78' lang='lat' dir='ltr'><strong>scripu</strong></span> <span class='ocrx_word' id='word_1_346' title='bbox 364 3829 430 3874; x_wconf 89' lang='lat' dir='ltr'><strong>enim</strong></span> <span class='ocrx_word' id='word_1_347' title='bbox 446 3835 470 3874; x_wconf 90' lang='lat' dir='ltr'><strong>et</strong></span> <span class='ocrx_word' id='word_1_348' title='bbox 481 3829 637 3883; x_wconf 80' lang='lat' dir='ltr'><strong>Gronoviani,</strong></span> <span class='ocrx_word' id='word_1_349' title='bbox 649 3833 675 3875; x_wconf 87' lang='lat' dir='ltr'><strong>et</strong></span> <span class='ocrx_word' id='word_1_350' title='bbox 705 3831 868 3878; x_wconf 85' lang='lat' dir='ltr'><strong>banturbem·</strong></span> <span class='ocrx_word' id='word_1_351' title='bbox 901 3831 1062 3891; x_wconf 83' lang='lat' dir='ltr'><strong>Perrpctium</strong></span> <span class='ocrx_word' id='word_1_352' title='bbox 1082 3831 1147 3878; x_wconf 86' lang='lat' dir='ltr'><strong>inter</strong></span> <span class='ocrx_word' id='word_1_353' title='bbox 1163 3831 1222 3881; x_wconf 85' lang='lat' dir='ltr'><strong>bina</strong></span> 
     </span>
     <span class='ocr_line' id='line_1_43' title="bbox 159 3891 1222 3958; baseline 0.008 -20"><span class='ocrx_word' id='word_1_354' title='bbox 159 3893 245 3947; x_wconf 85' lang='lat' dir='ltr'><strong>nostri,</strong></span> <span class='ocrx_word' id='word_1_355' title='bbox 266 3893 414 3939; x_wconf 71' lang='lat' dir='ltr'><strong>truncatum.</strong></span> <span class='ocrx_word' id='word_1_356' title='bbox 448 3892 506 3940; x_wconf 90' lang='lat' dir='ltr'><strong>Non</strong></span> <span class='ocrx_word' id='word_1_357' title='bbox 529 3900 611 3940; x_wconf 88' lang='lat' dir='ltr'><strong>tamen</strong></span> <span class='ocrx_word' id='word_1_358' title='bbox 631 3906 676 3938; x_wconf 90' lang='lat' dir='ltr'><strong>no·</strong></span> <span class='ocrx_word' id='word_1_359' title='bbox 706 3893 748 3940; x_wconf 88' lang='lat' dir='ltr'><strong>illa</strong></span> <span class='ocrx_word' id='word_1_360' title='bbox 765 3900 844 3940; x_wconf 89' lang='lat' dir='ltr'><strong>castra</strong></span> <span class='ocrx_word' id='word_1_361' title='bbox 862 3891 1017 3956; x_wconf 77' lang='lat' dir='ltr'><strong>interjectum</strong></span> <span class='ocrx_word' id='word_1_362' title='bbox 1039 3896 1163 3958; x_wconf 72' lang='lat' dir='ltr'><strong>ingressus</strong></span> <span class='ocrx_word' id='word_1_363' title='bbox 1184 3906 1222 3946; x_wconf 86' lang='lat' dir='ltr'><strong>est</strong></span> 
     </span>
     <span class='ocr_line' id='line_1_44' title="bbox 159 3947 1151 4020; baseline 0.003 -17"><span class='ocrx_word' id='word_1_364' title='bbox 159 3957 198 4003; x_wconf 84' lang='lat' dir='ltr'><strong>bia</strong></span> <span class='ocrx_word' id='word_1_365' title='bbox 215 3957 367 4020; x_wconf 87' lang='lat' dir='ltr'><strong>improbatur</strong></span> <span class='ocrx_word' id='word_1_366' title='bbox 383 3957 481 4017; x_wconf 81' lang='lat' dir='ltr'><strong>vulgata</strong></span> <span class='ocrx_word' id='word_1_367' title='bbox 498 3959 575 4004; x_wconf 85' lang='lat' dir='ltr'><strong>lectio.</strong></span> <span class='ocrx_word' id='word_1_368' title='bbox 609 3957 674 4004; x_wconf 83' lang='lat' dir='ltr'><strong>Tan-</strong></span> <span class='ocrx_word' id='word_1_369' title='bbox 707 3960 791 4006; x_wconf 86' lang='lat' dir='ltr'><strong>urbem</strong></span> <span class='ocrx_word' id='word_1_370' title='bbox 805 3957 891 4018; x_wconf 83' lang='lat' dir='ltr'><strong>Scipio.</strong></span> <span class='ocrx_word' id='word_1_371' title='bbox 1085 3953 1086 3958; x_wconf 70' lang='grc'>’</span> <span class='ocrx_word' id='word_1_372' title='bbox 1145 3947 1151 3964; x_wconf 82' lang='grc'><strong>’</strong></span> 
     </span>
     <span class='ocr_line' id='line_1_45' title="bbox 161 4019 1237 4090; baseline 0.007 -24"><span class='ocrx_word' id='word_1_373' title='bbox 161 4025 217 4068; x_wconf 85' lang='lat' dir='ltr'><strong>tum</strong></span> <span class='ocrx_word' id='word_1_374' title='bbox 233 4023 404 4079; x_wconf 82' lang='lat' dir='ltr'><strong>admonemur,</strong></span> <span class='ocrx_word' id='word_1_375' title='bbox 424 4028 515 4070; x_wconf 84' lang='lat' dir='ltr'><strong>certam</strong></span> <span class='ocrx_word' id='word_1_376' title='bbox 534 4019 587 4084; x_wconf 85' lang='lat' dir='ltr'><strong>ejus</strong></span> <span class='ocrx_word' id='word_1_377' title='bbox 601 4023 675 4082; x_wconf 78' lang='lat' dir='ltr'><strong>origi·</strong></span> <span class='ocrx_word' id='word_1_378' title='bbox 740 4022 770 4068; x_wconf 89' lang='lat'><strong>16</strong></span> <span class='ocrx_word' id='word_1_379' title='bbox 795 4021 857 4068; x_wconf 76' lang='lat' dir='ltr'><strong>Plus</strong></span> <span class='ocrx_word' id='word_1_380' title='bbox 883 4021 957 4084; x_wconf 71' lang='lat' dir='ltr'><strong>decem</strong></span> <span class='ocrx_word' id='word_1_381' title='bbox 984 4025 1087 4072; x_wconf 74' lang='lat' dir='ltr'><strong>millibus</strong></span> <span class='ocrx_word' id='word_1_382' title='bbox 1112 4027 1237 4090; x_wconf 82' lang='lat' dir='ltr'><strong>coptam]-</strong></span> 
     </span>
     <span class='ocr_line' id='line_1_46' title="bbox 159 4085 1221 4154; baseline 0.006 -22"><span class='ocrx_word' id='word_1_383' title='bbox 159 4097 218 4132; x_wconf 88' lang='lat' dir='ltr'><strong>nem</strong></span> <span class='ocrx_word' id='word_1_384' title='bbox 229 4097 278 4152; x_wconf 82' lang='lat' dir='ltr'><strong>uon</strong></span> <span class='ocrx_word' id='word_1_385' title='bbox 289 4086 396 4146; x_wconf 82' lang='lat' dir='ltr'><strong>reperiri.</strong></span> <span class='ocrx_word' id='word_1_386' title='bbox 538 4091 541 4098; x_wconf 60' lang='lat'><strong>⁴</strong></span> <span class='ocrx_word' id='word_1_387' title='bbox 581 4131 586 4142; x_wconf 91' lang='grc'><em>,</em></span> <span class='ocrx_word' id='word_1_388' title='bbox 705 4087 769 4148; x_wconf 67' lang='lat' dir='ltr'><strong>nege</strong></span> <span class='ocrx_word' id='word_1_389' title='bbox 779 4100 810 4133; x_wconf 86' lang='lat' dir='ltr'><strong>ex</strong></span> <span class='ocrx_word' id='word_1_390' title='bbox 820 4085 921 4148; x_wconf 86' lang='lat' dir='ltr'><strong>optimis</strong></span> <span class='ocrx_word' id='word_1_391' title='bbox 931 4090 1002 4136; x_wconf 87' lang='lat' dir='ltr'><strong>codd.</strong></span> <span class='ocrx_word' id='word_1_392' title='bbox 1018 4091 1074 4151; x_wconf 80' lang='lat' dir='ltr'><strong>plur</strong></span> <span class='ocrx_word' id='word_1_393' title='bbox 1088 4089 1151 4140; x_wconf 76' lang='lat' dir='ltr'><strong>mille</strong></span> <span class='ocrx_word' id='word_1_394' title='bbox 1166 4106 1221 4154; x_wconf 80' lang='lat' dir='ltr'><strong>cop·</strong></span> 
     </span>
    </p>

    <p class='ocr_par' dir='ltr' id='par_1_8' title="bbox 159 4148 1317 4341">
     <span class='ocr_line' id='line_1_47' title="bbox 195 4148 764 4214; baseline 0.005 -19"><span class='ocrx_word' id='word_1_395' title='bbox 195 4148 225 4195; x_wconf 79' lang='lat'><strong>1⁵</strong></span> <span class='ocrx_word' id='word_1_396' title='bbox 240 4151 308 4196; x_wconf 78' lang='lat' dir='ltr'><strong>Inter</strong></span> <span class='ocrx_word' id='word_1_397' title='bbox 323 4149 377 4196; x_wconf 70' lang='lat' dir='ltr'><strong>tina</strong></span> <span class='ocrx_word' id='word_1_398' title='bbox 392 4151 480 4214; x_wconf 72' lang='lat' dir='ltr'><strong>castro]</strong></span> <span class='ocrx_word' id='word_1_399' title='bbox 497 4151 577 4212; x_wconf 84' lang='lat' dir='ltr'><strong>Vulgo</strong></span> <span class='ocrx_word' id='word_1_400' title='bbox 593 4153 673 4198; x_wconf 79' lang='lat' dir='ltr'><strong>intra.-</strong></span> <span class='ocrx_word' id='word_1_401' title='bbox 706 4157 764 4198; x_wconf 77' lang='lat' dir='ltr'><strong>tam.</strong></span> 
     </span>
     <span class='ocr_line' id='line_1_48' title="bbox 159 4213 1317 4280; baseline 0.01 -21"><span class='ocrx_word' id='word_1_402' title='bbox 159 4215 365 4272; x_wconf 79' lang='lat' dir='ltr'><strong>quoumsndnm</strong></span> <span class='ocrx_word' id='word_1_403' title='bbox 385 4215 555 4275; x_wconf 81' lang='lat' dir='ltr'><strong>corrigendum</strong></span> <span class='ocrx_word' id='word_1_404' title='bbox 578 4217 674 4262; x_wconf 87' lang='lat' dir='ltr'><strong>monuit</strong></span> <span class='ocrx_word' id='word_1_405' title='bbox 740 4215 770 4263; x_wconf 77' lang='lat' dir='ltr'><strong>lt</strong></span> <span class='ocrx_word' id='word_1_406' title='bbox 782 4213 928 4280; x_wconf 65' lang='lat' dir='ltr'><strong>&#39;ssagnlcl</strong></span> <span class='ocrx_word' id='word_1_407' title='bbox 955 4216 1013 4268; x_wconf 73' lang='lat' dir='ltr'><strong>vid.</strong></span> <span class='ocrx_word' id='word_1_408' title='bbox 1041 4225 1092 4268; x_wconf 84' lang='lat' dir='ltr'><strong>not.</strong></span> <span class='ocrx_word' id='word_1_409' title='bbox 1119 4219 1159 4270; x_wconf 80' lang='grc'><strong>35.</strong></span> <span class='ocrx_word' id='word_1_410' title='bbox 1186 4223 1218 4270; x_wconf 79' lang='lat' dir='ltr'><strong>ad</strong></span> <span class='ocrx_word' id='word_1_411' title='bbox 1315 4219 1317 4226; x_wconf 84' lang='lat'>&#39;</span> 
     </span>
     <span class='ocr_line' id='line_1_49' title="bbox 159 4277 819 4341; baseline 0.011 -17"><span class='ocrx_word' id='word_1_412' title='bbox 159 4277 297 4325; x_wconf 80' lang='lat' dir='ltr'><strong>Gmnovitrs</strong></span> <span class='ocrx_word' id='word_1_413' title='bbox 312 4291 344 4326; x_wconf 83' lang='lat' dir='ltr'><strong>ex</strong></span> <span class='ocrx_word' id='word_1_414' title='bbox 360 4278 452 4340; x_wconf 76' lang='lat' dir='ltr'><strong>aliquot</strong></span> <span class='ocrx_word' id='word_1_415' title='bbox 470 4280 575 4340; x_wconf 84' lang='lat' dir='ltr'><strong>scriptis,</strong></span> <span class='ocrx_word' id='word_1_416' title='bbox 586 4281 674 4341; x_wconf 88' lang='lat' dir='ltr'><strong>quibus</strong></span> <span class='ocrx_word' id='word_1_417' title='bbox 706 4279 782 4328; x_wconf 85' lang='lat' dir='ltr'><strong>XXI.</strong></span> <span class='ocrx_word' id='word_1_418' title='bbox 795 4281 819 4331; x_wconf 81' lang='lat' dir='ltr'><strong>l.</strong></span> 
     </span>
    </p>
   </div>
   <div class='ocr_carea' id='block_1_5' title="bbox 204 4361 787 4408">
    <p class='ocr_par' dir='ltr' id='par_1_9' title="bbox 204 4361 787 4408">
     <span class='ocr_line' id='line_1_50' title="bbox 204 4361 787 4408; baseline 0.01 -6"><span class='ocrx_word' id='word_1_419' title='bbox 204 4361 276 4406; x_wconf 82' lang='lat' dir='ltr'><strong>VOL·</strong></span> <span class='ocrx_word' id='word_1_420' title='bbox 292 4361 333 4407; x_wconf 88' lang='lat'><strong>11.</strong></span> <span class='ocrx_word' id='word_1_421' title='bbox 765 4364 787 4408; x_wconf 82' lang='lat' dir='ltr'>B</span> 
     </span>
    </p>
   </div>
   <div class='ocr_carea' id='block_1_6' title="bbox 0 0 1576 4972">
    <p class='ocr_par' dir='ltr' id='par_1_10' title="bbox 0 0 1576 4972">
     <span class='ocr_line' id='line_1_51' title="bbox 0 0 1576 4972; baseline 0 0"><span class='ocrx_word' id='word_1_422' title='bbox 0 0 1576 4972; x_wconf 95' lang='lat' dir='ltr'><strong> </strong></span> 
     </span>
    </p>
   </div>
  </div>
 </body>
</html>
