3140 4972
346 223 402 292 tos
644 241 648 252 ·
735 213 847 276 ΤῙΤΙ
878 211 1021 310 L'lVll

266 405 321 456 aar.
347 396 404 462 aet,
418 375 484 450 ⁶sb
499 378 663 449 Hannone
686 379 766 446 nihil
791 381 870 447 certi
894 379 1064 446 ablatumt
1110 381 1180 448 Nec
1202 381 1287 448 enim
1309 381 1408 471 diripi
1449 373 1453 376 ’

268 473 323 521 ²1⁵·
347 471 496 537 volebant
519 467 658 534 nobilem
683 479 778 556 atque
802 468 986 554 opulentam
1012 469 1141 534 urbemz
1171 479 1204 534 et
1225 471 1408 556 sperabant,

348 579 447 646 quum
466 555 612 624 Bruttius
630 555 839 642 obpugnaret,
857 555 977 621 Poenos
991 577 1049 621 nec
1063 557 1210 641 probare,
1226 579 1285 622 nec
1293 559 1408 644 juvare

349 667 417 710 earu
429 643 699 732 obpugnationem
715 641 890 728 adpareret,
902 665 941 706 eo
951 643 1104 708 maturius
1119 642 1157 707 ad
1173 665 1206 708 se
1216 643 1406 712 defecturos.

187 745 337 800 crotonas.
351 732 493 796 Crotone
505 751 564 816 nec
577 729 743 793 consilium
766 749 865 794 unum
887 729 972 792 inter
990 729 1172 816 populares,
1187 750 1247 796 nec
1259 731 1409 798 voluutas

187 827 244 892 ’Ψ
252 811 427 883 (lwetot.
455 838 537 881 uuus
551 815 636 880 velut
659 814 788 879 morbus
813 816 966 880 invaserat
992 837 1101 883 omnes
1126 815 1228 882 ltaliae
1252 818 1406 898 civitates,

188 881 235 928 ⁶¹⁹⁸
348 902 527 989 utlplebes
552 902 593 967 ab
617 901 822 986 optimatibus
843 902 1078 967 dissentirent⁰r
1102 919 1226 969 senatus
1250 901 1407 972 Romanis

348 991 475 1068 faveret,
490 988 581 1075 plebs
595 988 635 1053 ad
653 987 771 1053 Poenos
794 1009 859 1053 rem
882 987 1031 1054 traheret.
1074 989 1155 1054 Earn
1176 990 1406 1058 dissensionem

348 1079 382 1142 in
395 1077 474 1142 urbe
488 1075 619 1164 perfuga
631 1074 762 1140 nunciat
778 1073 928 1152 Bruttiis3
952 1075 1208 1141 Aristomachum
1229 1099 1297 1144 esse
1317 1079 1408 1164 prin·

348 1165 450 1250 eipem
473 1162 585 1249 plebia,
608 1161 835 1248 tradendoeque
863 1175 1023 1228 auctorem
1052 1163 1156 1228 urbis:
1179 1163 1233 1228 ⁸et
1258 1165 1292 1229 in
1318 1177 1408 1232 vasta

348 1251 428 1316 urbe
442 1250 567 1336 lateque
580 1247 749 1312 ⁹omnibus
767 1247 903 1350 disjectis
921 1248 1078 1314 moenibus
1093 1271 1180 1314 raras
1193 1263 1225 1314 et
1239 1251 1411 1318 stationes‘

348 1337 570 1421 custodiasque
583 1344 787 1400 senatorum¹
800 1357 876 1400 esse.
899 1357 1098 1422 quacumque
1111 1335 1291 1402 custodiant
1305 1338 1410 1424 plebis

186 405 217 457 U.
228 407 255 458 C.

134 507 139 510 -
184 475 218 524 A.
228 473 256 521 e.

47 1455 87 1478 -·
187 1441 324 1502 armaspi.
348 1423 505 1502 homines3
529 1444 567 1487 ea
598 1432 706 1510 patere
730 1420 866 1487 aditum.
919 1423 1059 1487 Auctore
1087 1443 1124 1487 sc
1151 1422 1233 1490 duce
1260 1423 1407 1514 perhrga,

187 1513 253 1584 Ψ·
267 1507 342 1556 arur·
351 1509 469 1576 Bruttii
483 1528 603 1573 corona
616 1508 786 1573 cinxerunt
800 1509 927 1573 urbem:
951 1509 1134 1595 acceptique
1155 1533 1174 1574 a
1218 1509 1288 1575 lebe
1301 1512 1408 1598 primo

187 1578 334 1686 wlff&
348 1598 459 1681 inpetu
472 1595 594 1660 ²⁰locos
613 1615 733 1672 ornnes,
749 1608 866 1679 praeter
887 1614 1002 1674 arcam,
1018 1609 1141 1681 cepere
1215 1617 1299 1662 reem
1321 1599 1407 1682 opti·

347 1695 447 1749 mutes
461 1682 622 1760 tenebant,
638 1694 817 1766 preparato
826 1683 894 1767 jam
915 1694 988 1746 ante
1009 1681 1050 1748 sd
1067 1685 1160 1748 talem
1176 1704 1284 1748 casum
1299 1683 1408 1768 perfu-

381 1793 413 1836 o.
458 1769 581 1834 Eodem
598 1767 836 1837 Aristomachus
849 1767 1004 1853 perfugit3
1028 1781 1187 1855 tamquam
1205 1769 1323 1848 Ptenis,
1339 1791 1407 1836 non

346 1792 494 1933 bruttiis,
509 1868 619 1920 auctor
633 1853 721 1918 urbis
734 1853 899 1919 tradendae
911 1853 1029 1919 fuisset.
1053 1853 1056 1860 ’

322 2018 324 2028 y
392 1943 458 2009 llI.
482 1942 570 2008 Urba
586 1941 687 2006 Croto
708 1961 837 2006 murum
859 1943 892 2004 in
915 1942 1048 2006 circuitu
1063 1954 1222 2026 patentem
1236 1941 1408 2010 duodecim

346 2029 447 2094 millia
468 2049 618 2115 passuum
641 2026 763 2104 hahuit,
786 2041 860 2092 ante
883 2026 999 2115 Pyrrhi
1021 2030 1052 2091 in
1077 2029 1201 2094 ltaliam
1224 2029 1408 2095 adventum.

346 2129 419 2202 post
433 2117 611 2188 vastitatem
626 2136 666 2178 eo
680 2114 764 2178 bello
783 2113 896 2179 factam
918 2115 972 2193 rix
993 2135 1067 2200 pars
1089 2115 1221 2180 dimidia
1241 2114 1408 2190 habitaba-

348 2215 418 2270 tur:
440 2203 569 2280 flumen,
586 2202 669 2287 quod
692 2199 798 2264 medio
818 2201 939 2288 oppido
957 2201 1209 2278 duxeraaextra
1230 2201 1409 2288 frequentia

347 2292 438 2357 tectis
460 2291 528 2355 loca
550 2287 801 2374 praeterfluebat:
824 2287 849 2326 ¹¹
858 2300 890 2352 et
908 2309 966 2353 arx
988 2285 1100 2373 procul
1123 2288 1259 2375 iisque
1283 2287 1408 2355 habita-

348 2377 474 2462 bantur.
520 2375 622 2440 1²Seu
637 2374 736 2439 millia
754 2373 863 2440 aberat
873 2377 914 2439 ab
924 2373 1004 2440 urbe
1017 2373 1140 2439 nobili¹¹
1154 2375 1307 2461 templum
1324 2376 1409 2462 (ipso

185 2463 292 2514 tarnis
347 2465 428 2530 urbe
441 2473 510 2528 erat
521 2461 528 2498 ²
541 2461 692 2540 nobilius)
711 2460 853 2526 Laciniae
866 2461 888 2526 J
890 2461 1012 2542 ononis,
1027 2477 1168 2526 sanctum
1184 2461 1331 2526 omnibus
1346 2463 1409 2527 cir·

183 2529 313 2657 {effiffn
347 2573 385 2614 ca
405 2548 541 2636 populis.
586 2551 692 2612 Lucus
717 2543 775 2629 ibi,
799 2547 956 2635 frequenti
977 2548 1056 2613 silva
1080 2563 1112 2612 et
1133 2545 1273 2636 proceris
1294 2548 1410 2614 abietis

378 2675 501 2751 elatarum
513 2699 589 2752 Gron·
690 2699 844 2749 ‘dormitm
855 2702 915 2751 Eud.
1003 2695 1015 2734 f
1023 2703 1128 2766 portitor
1138 2701 1327 2750 summeurae.
1337 2699 1410 2750 Creu.

345 2769 359 2810 t
375 2768 432 2815 add.
443 2765 553 2829 repletis
563 2765 636 2812 Gron.
647 2766 718 2812 Crev-
816 2762 829 2802 h
845 2767 918 2814 oolde
929 2767 998 2816 Eat.
1094 2758 1163 2812 leros
1173 2765 1219 2812 del
1232 2765 1300 2812 Eaed.

379 2915 450 2968 oAt
465 2917 583 2964 Hoarrone
598 2917 661 2964 otta
677 2917 736 2965 certe*
749 2917 862 2982 ablatum]
894 2919 950 2966 urbe
967 2920 1076 2980 lucoque,
1090 2915 1195 2964 maram
1209 2913 1311 2976 dbjectr's
1325 2915 1408 2961 masi·

346 2984 437 3031 Bruttii
450 2983 546 3030 nullum
559 2988 653 3029 cenum
668 2995 811 3043 responsum
822 2985 865 3033 ab·
895 2985 944 3040 bas,
961 2998 1030 3034 raras
1045 2984 1155 3032 stationes
1170 2980 1330 3042 sororesque
1338 2993 1408 3026 rena·

346 3051 470 3099 etulerunt
486 3049 517 3095 ab
533 3047 663 3096 Hannone.
693 3047 863 3096 Cic-adPlau-
895 3052 970 3096 torum
982 3065 1036 3098 aare.

346 3127 414 3172 cum,
425 3113 441 3158 1.
454 3111 527 3159 XVI.
539 3112 570 3158 ad
581 3113 634 3158 Att.
646 3113 748 3160 Adimoe
762 3113 793 3160 ad
811 3113 861 3160 Coe·
925 3114 941 3161 9
959 3113 1071 3161 Onobara
1079 3111 1177 3174 disjectis
1188 3107 1309 3174 manibus]
1320 3107 1405 3162 Quum

254 3217 256 3222 ,
345 3191 432 3232 sarem,
453 3177 521 3222 verba
533 3177 638 3239 ficimus
652 3190 699 3238 pro
715 3178 861 3231 Buthrotiis,
893 3181 958 3226 muri
969 3179 994 3226 in
1006 3180 1101 3225 diversa
1112 3179 1157 3222 hac
1167 3177 1223 3221 illoc
1232 3175 1334 3221 abirent.

346 3243 535 3290 liberalissimum
568 3241 684 3289 mortum
715 3242 860 3292 abstulimus.
926 3244 957 3290 10
973 3244 1045 3292 hane
1066 3238 1155 3303 omnus]
1179 3239 1266 3299 Scripti
1287 3238 1408 3287 amittunt

347 3307 472 3354 Hactenus
484 3307 600 3353 edebatur
608 3307 714 3353 allatum.
743 3308 790 3354 Sed
801 3308 861 3354 illud
893 3307 958 3354 locor.
976 3309 1045 3354 Unus
1057 3321 1070 3354 e
1080 3307 1149 3352 codd.
1163 3303 1322 3352 Gronouianis
1334 3302 1409 3350 habet

344 3375 461 3432 alterum,
482 3371 547 3432 quod
566 3372 645 3432 magis
667 3373 791 3432 proprium
814 3379 860 3428 est,
892 3374 980 3431 murth,
998 3373 1062 3434 quod
1073 3369 1281 3430 expeditissimum
1293 3374 1344 3415 est:
1362 3369 1407 3414 ali-

341 3433 438 3505 jamdiu
448 3451 463 3484 a
474 3435 572 3495 sigonio
581 3441 753 3492 monstratum,
763 3437 861 3484 firmant
892 3449 923 3482 us
932 3451 1030 3492 munem,
1046 3435 1088 3484 ubi
1102 3435 1236 3496 intelligere
1252 3431 1408 3481 liceturbeor.

344 3503 394 3548 duo
404 3503 504 3562 optimae
516 3506 580 3546 notre
592 3503 694 3556 codices,
705 3499 859 3556 Puteanaeua
893 3499 974 3562 Eligat
983 3503 1067 3556 lector,
1078 3505 1162 3549 utrum
1173 3497 1251 3548 malit.

345 3574 370 3615 et
382 3574 443 3614 teste
458 3568 512 3614 Jac.
530 3565 662 3626 Gronovio,
678 3566 860 3626 cantabrigien·
925 3565 953 3612 11
964 3565 1020 3612 'Et
1037 3579 1081 3612 aru
1094 3565 1177 3626 proceri
1195 3563 1227 3612 tte
1243 3575 1294 3626 pua
1312 3560 1405 3609 nauu-

344 3632 386 3680 sls.
891 3627 987 3695 maiar]
1005 3630 1037 3676 Et
1054 3645 1097 3676 arx
1112 3629 1194 3690 procul
1209 3635 1261 3674 erat
1272 3627 1357 3676 dissita
1373 3629 1406 3674 ab
1420 3621 1426 3634 “

378 3697 393 3745 'l
410 3696 491 3744 Pleber
500 3725 521 3743 ..
532 3693 709 3756 Αἰακίδεω]
723 3693 860 3756 sicmagna
890 3695 920 3740 iis
930 3696 989 3743 locis
998 3705 1053 3756 quse·
1064 3695 1241 3744 habitabantur.

344 3761 488 3822 scriptorum
507 3773 611 3806 manus:
629 3757 716 3805 melius
735 3773 818 3822 quam,
831 3765 860 3806 ut
924 3759 954 3808 ta
971 3759 1018 3807 Seu
1034 3759 1203 3806 maturuerat
1218 3757 1246 3806 ab
1262 3757 1317 3803 arbe
1332 3756 1406 3804 nobile

344 3827 426 3886 vulgo,
439 3825 581 3873 dissentiret.
891 3824 1014 3890 templum]
1032 3825 1126 3878 Strabo,
1141 3824 1157 3870 l.
1166 3823 1213 3870 Vl.
1231 3837 1254 3884 p.
1265 3821 1320 3870 262.
1336 3821 1405 3870 haci-

267 3926 270 3931 .
376 3890 445 3936 sm
461 3893 488 3937 ἐκ
505 3887 638 3936 uortaarbe
654 3887 744 3948 lateque
754 3887 859 3936 morbus
891 3890 936 3942 nia
955 3889 1059 3936 Junonis
1079 3889 1199 3947 templum
1218 3888 1307 3934 distare
1322 3888 1356 3932 ait
1374 3887 1406 3932 ab

343 3953 447 4018 dispectis
455 3954 570 4002 manibus
579 3953 858 4012 purtituestatr'oocrcar.
891 3955 994 4001 Crotone
1010 3960 1108 4002 centum
1123 3953 1299 4014 qulnquaginta
1309 3951 1406 4009 stadiis,

344 4019 606 4081 todiorqurrenatorum
617 4033 644 4064 ac
652 4018 725 4079 plebis
735 4013 792 4080 esre]
810 4019 858 4066 Hic
890 4019 936 4066 hoc
954 4026 1000 4078 est,
1012 4017 1178 4065 novemdecim
1197 4029 1270 4078 prope
1287 4015 1406 4062 millibus.

342 4085 545 4196 &tilithi
558 4082 857 4212 titttbhtthih‘·
890 4081 1409 4211 ildillp‘i'lildulnlllrlloelli

322 4217 386 4274 'que
407 4227 455 4259 non
478 4214 581 4276 lateque:
606 4225 650 4272 pro
666 4214 781 4274 partitm,
802 4215 857 4261 Put.
889 4213 1080 4267 conciliabimus,
1101 4217 1129 4258 ut
1149 4213 1292 4258 Strabonem
1312 4209 1407 4259 mariu-

337 4281 444 4338 paraeet‚
471 4277 513 4324 alii
535 4281 653 4340 parasset,
681 4280 720 4324 vel
744 4291 856 4338 parasse:
890 4279 1032 4332 mumiter,
1052 4277 1116 4338 quod
1137 4274 1308 4326 circumvectio
1327 4273 1408 4321 reddit

342 4354 428 4389 omnes
446 4344 560 4406 ignorant
579 4355 606 4388 ac
622 4341 704 4402 putta
724 4341 858 4390 Probabilis
887 4344 1001 4402 longius3
1022 4339 1121 4388 Livium
1138 4345 1250 4388 terrestre
1268 4339 1409 4402 designem

342 4413 379 4454 est
390 4407 507 4458 Gronovii
526 4405 678 4471 conjecturat
698 4407 732 4454 Et
750 4407 776 4454 in
792 4411 858 4453 uasto
889 4407 1018 4456 dicamus?
1036 4407 1199 4454 Gronovius.
1223 4455 1226 4461 Α
