3136 4970
461 175 554 237 LlB.
575 175 724 242 xxvul.
754 175 859 235 CAP.
883 175 977 234 XLV.
1185 179 1241 252 191

175 341 302 430 rpeQ.
320 341 460 424 Eulviec,
475 339 1398 428 micoimlqaeteretoenoortuw,‚pnotohvitu.c.nu

175 453 204 494 a
215 429 356 508 consule,
365 427 518 512 utpalem
533 427 691 495 i'n'senatu
706 427 837 506 diceret,
841 431 1074 512 permitteretne
1084 429 1284 510 Paeones
1296 427 1326 474 ⁰·
1334 427 1391 478 ²⁰⁵

173 525 217 580 at
236 519 276 580 de
289 517 463 600 prouinciis
483 517 704 580 decernerent?
727 525 919 601 securosque
932 537 968 579 eo
982 526 1066 593 erret,
1082 518 1164 600 prrod
1173 537 1247 580 vceu-

176 605 319 681 soicsent,
332 605 428 666 cuod
435 603 582 685 populum
593 603 739 666 lotmur?
772 601 884 677 Quum
895 602 1007 686 Scipio
1019 600 1246 688 respondissem,

182 711 227 771 ee,
241 689 331 775 quod
345 711 364 754 e
378 687 541 773 republica
555 699 646 766 esset,
660 686 836 766 facturum
859 703 927 753 tum
944 687 1086 767 Fulvius,
1103 689 1178 752 Non
1192 712 1248 776 ego

182 779 321 861 ignom,
348 778 425 861 quid
447 795 645 859 responsumr
654 775 838 860 formetque
866 798 951 852 mser,
976 778 1113 860 questuri,
1135 778 1249 860 qro'prpe
1304 837 1309 842 ,

154 903 158 908 ·
181 885 273 949 quum
287 862 390 946 ³8prce
402 863 544 948 teferos,
560 871 681 926 tentore
701 865 810 946 magis,
825 883 914 948 quom
929 865 1080 927 mandere
1098 873 1247 941 rmomrr,

98 961 105 980 ¹
182 961 223 1028 et,
239 952 276 1014 ni
288 951 482 1033 prouinciam
505 949 575 1025 tibi,
596 969 685 1032 quom
711 951 852 1026 columis,
868 951 1018 1032 eeteroplo
1043 953 1249 1032 decmncmur,

174 1046 328 1121 paratum
350 1038 540 1122 rogationem
561 1035 684 1101 iubeor.
727 1036 840 1120 Itaque
853 1058 874 1098 a
889 1036 981 1113 robis,
997 1035 1117 1100 tribuni
1136 1036 1248 1117 prlebis,
1280 1043 1283 1050 '

176 1125 311 1207 portato,
327 1122 441 1208 inquit,
456 1132 491 1186 ot
511 1123 691 1188 sententiam
710 1123 788 1186 milri
809 1123 878 1187 ideo
900 1143 960 1186 roa
981 1125 1106 1200 dicenti,
1121 1121 1248 1206 ³⁹quod,

182 1213 242 1274 etsi
270 1212 305 1274 in
333 1231 427 1274 rreum
455 1211 636 1273 seutentiam
662 1209 845 1286 discedatur,
869 1229 931 1272 non
959 1211 1001 1273 sit
1029 1220 1129 1274 ratum
1160 1209 1249 1273 teot-

181 1307 269 1362 tnrrra
289 1298 401 1373 corruel,
417 1297 537 1360 auritio
558 1297 636 1360 sitis.
681 1294 760 1358 Inde
782 1295 945 1360 altercatio
959 1309 1040 1372 orta,
1056 1299 1156 1382 quum
1171 1317 1249 1360 eon-

181 1382 232 1447 sul
243 1394 384 1468 negaret,
402 1400 528 1468 aequum
551 1403 617 1445 esse
642 1381 785 1446 tribunos
801 1382 1007 1460 intercedere,
1024 1381 1050 1420 ⁴⁰
1060 1405 1125 1470 quo
1140 1383 1247 1447 minus

182 1491 244 1534 suo
258 1469 392 1557 quisque
405 1468 476 1532 loco
491 1479 617 1534 senator
638 1480 767 1552 rogatus
789 1469 976 1534 sententiam
999 1469 1127 1534 diceret
1173 1469 1249 1533 Tri·

183 1557 263 1620 buni
285 1557 333 1620 ita
355 1555 575 1631 decreverunt,
590 1555 627 1620 st
649 1557 753 1620 consul
776 1558 898 1620 senatui
922 1559 960 1619 de
979 1557 1154 1639 provinciis
1172 1579 1248 1640 per-

13 1673 19 1697 r
119 1657 124 1664 “
182 1645 291 1721 mittr't,
307 1642 332 1682 ⁴¹
340 1643 421 1707 storr'
436 1664 480 1719 eo,
495 1644 575 1726 qood
587 1650 710 1706 renatus
723 1644 882 1720 conmorit,
892 1645 1016 1726 placen·
1041 1664 1097 1707 nec
1110 1645 1148 1707 de
1162 1666 1200 1706 eo
1214 1666 1249 1708 re

182 1731 263 1793 t'errr'
276 1731 475 1813 adpopuluor
491 1731 666 1810 potiemur.-
688 1729 718 1800 a·
731 1749 793 1792 non
808 1731 974 1812 premittit,
990 1727 1079 1812 ⁴'qur‘
1098 1731 1137 1792 de
1155 1753 1193 1794 eo
1214 1752 1249 1794 re

181 1818 363 1880 sententiam
378 1815 530 1880 recusabit
543 1817 655 1896 dicere,
670 1817 790 1879 auxilio
804 1819 925 1880 erimus.
971 1814 1095 1879 Consul
1110 1815 1193 1880 diem
1206 1815 1248 1880 ad

181 1901 440 1989 cpnloquendum
462 1923 536 1966 cum
558 1901 680 1985 collega
695 1902 795 1986 petiit.
841 1902 976 1966 Postero
991 1901 1043 1964 die
1057 1903 1247 1988 permissum

179 1993 304 2054 senatui
319 2001 376 2054 est.
421 1987 599 2053 Provinciae
613 1988 658 2066 ita
669 1989 822 2054 decretae:
845 1987 936 2052 alteri
951 1988 1077 2052 consuli
1094 1988 1203 2053 Sicilia
1216 2002 1280 2060 ets.
1291 2013 1319 2060 e.
1330 2011 1360 2058 de
1445 2029 1448 2034 ·

182 2075 317 2162 triginta
339 2087 491 2160 rostratae,
513 2075 626 2151 naves,
643 2095 722 2160 quas
745 2075 781 2138 C.
800 2074 950 2138 Servilius
978 2075 1140 2160 superiore
1163 2077 1395 2140 ,nnopmvtncuc

181 2161 361 2226 habuisset:
383 2161 644 2248 permissumque,
660 2172 697 2225 ut
721 2161 754 2224 in
773 2161 925 2239 Africum,
942 2161 968 2225 si
991 2161 1024 2224 id
1047 2161 1249 2246 erepublica
1391 2149 1397 2168 ⁸

165 2289 168 2296 x
184 2272 252 2314 esse
273 2261 424 2326 censeret,
440 2249 604 2334 trajiceret.
634 2246 724 2312 alteri
740 2247 859 2313 Bruttii
874 2261 906 2312 et
919 2247 1038 2322 bellum
1061 2269 1135 2312 cum
1154 2249 1248 2312 Han-

183 2335 303 2414 nibale,
327 2357 399 2400 curn
426 2357 465 2398 eo
487 2335 636 2410 exercitu,
660 2333 788 2420 ⁴⁸quem
813 2334 853 2400 L.
869 2335 1029 2413 Veturius,
1050 2347 1105 2398 aut
1118 2334 1161 2410 Q.
1178 2336 1250 2398 Cae·

182 2422 287 2488 cilius.
309 2421 343 2486 lri
370 2434 401 2485 et
423 2421 613 2485 sortirentur
637 2421 721 2486 inter
751 2443 794 2499 se,
820 2433 1089 2507 compararentve,
1120 2438 1190 2486 uter
1215 2423 1249 2486 in

185 2509 322 2574 Bruttiis
356 2507 478 2574 duabus
506 2501 693 2594 legionibus,
722 2530 801 2592 quus
830 2508 940 2572 consul
969 2507 1156 2596 reliquisset,
1182 2531 1248 2574 rem

183 2607 326 2684 gereret:
364 2594 596 2680 imperiumque
631 2595 665 2657 in
702 2615 821 2658 annum
859 2611 1099 2683 prorogaretur,
1128 2597 1182 2660 cui
1212 2619 1250 2661 ea

169 2681 348 2768 ,provincia
371 2681 534 2746 evenisset.
560 2693 591 2744 et
615 2680 736 2760 ceteris,
760 2693 880 2767 praeter
909 2683 1055 2748 consules
1081 2696 1250 2768 praetores·

183 2762 259 2856 que,
272 2769 328 2868 qui
351 2768 539 2832 exercitibus
562 2766 795 2855 provinciisque
818 2767 984 2854 praefuturi
1009 2785 1109 2848 erant,
1136 2792 1250 2855 proro-

206 2868 258 2920 ata
282 2857 424 2941 turperia.
469 2853 512 2930 Q.
531 2853 662 2936 Caecilio
687 2869 770 2919 sorte
791 2857 906 2936 evenit,
922 2868 957 2919 ut
972 2879 1044 2926 cum
1068 2857 1249 2921 consulein

181 2879 320 3006 iiruttiis
335 2941 483 3006 adversus
500 2939 715 3006 Hannibalem
729 2941 845 3012 bellum
860 2955 993 3030 gereret.
1031 2941 1117 3008 Ludi
1133 2944 1250 3010 deinde

185 3027 343 3113 Scipionis
358 3051 474 3176 magna
487 3027 664 3113 frequentia
678 3041 710 3092 et
730 3025 835 3094 favore
861 3029 1071 3118 spectantium
1088 3031 1250 3096 celebrati.

184 3115 309 3202 Legati,
327 3115 412 3200 Delp
437 3137 473 3178 os
495 3113 535 3178 ad
558 3113 678 3177 donum
702 3137 740 3178 ex
763 3115 873 3200 praeda
889 3115 1103 3181 Hasdrubalis
1117 3131 1250 3204 portan-

182 3201 259 3266 dum
278 3201 374 3279 missi,
393 3200 441 3266 M.
460 3201 655 3286 Pomponius
665 3200 780 3265 Matho
796 3215 827 3266 et
842 3201 884 3278 Q.
901 3203 1021 3281 Catius,
1038 3203 1180 3269 tulerunt
1195 3227 1249 3268 co-

216 3337 249 3387 38
266 3333 623 3399 Proetcserortentaremogto]
639 3337 696 3383 Put.
729 3336 829 3396 dixisse,
849 3351 923 3398 quam
952 3345 1084 3397 senatores,
1112 3339 1138 3385 id
1162 3353 1249 3388 verum

182 3402 277 3450 auctior
288 3408 339 3448 est:
358 3405 470 3462 temptare
481 3403 600 3462 remugit.
619 3413 621 3420 ’
730 3403 829 3461 quidem
852 3410 897 3450 est.
931 3405 977 3450 Sed
1000 3417 1049 3449 non
1067 3403 1107 3450 hic
1124 3405 1192 3452 locus
1212 3411 1249 3452 est

215 3465 247 3514 39
266 3465 331 3520 Quod
349 3463 404 3530 otri]
432 3465 500 3512 Editi
523 3474 579 3512 ante
604 3467 697 3514 Grono-
730 3467 813 3513 subtili
824 3468 860 3513 illi
871 3469 1013 3516 discrimini.

182 3530 331 3592 vium,quod
338 3531 374 3576 ri.-
392 3531 484 3592 scripti,
496 3530 554 3591 qood
564 3536 604 3578 ert.
637 3533 698 3579 Inde
763 3530 1250 3598 41urarteoqoooaoaruoeenmera}
1284 3559 1290 3571 x

181 3593 223 3641 ille
240 3597 319 3642 effecit
337 3595 397 3655 quod
414 3598 459 3642 etri
467 3613 475 3641 .·
491 3601 565 3642 recte.
598 3596 651 3644 Etsi
663 3611 698 3644 re·
731 3597 780 3643 llic
789 3598 898 3658 plerique
909 3600 993 3658 scripti
1004 3600 1097 3645 addunt
1106 3599 1183 3662 ferri,
1195 3601 1249 3660 qui·

181 3659 255 3706 natus
278 3655 356 3721 major
375 3673 431 3719 pars
449 3673 530 3706 meum
553 3662 698 3708 sententiam
730 3663 788 3708 dam
798 3664 870 3726 steri.-
888 3665 952 3709 male
966 3671 1105 3724 utrumque.
1138 3665 1250 3726 Etrepe·

137 3729 141 3734 '
182 3731 305 3834 selquatur.
338 3723 396 3771 Vid.
416 3731 465 3770 not.
485 3723 524 3770 28.
542 3725 602 3772 adl.
614 3725 662 3776 111.
675 3741 697 3774 c·
731 3727 805 3836 {lictum
825 3728 920 3773 videtur
938 3741 968 3773 ex
985 3741 1055 3775 versu
1076 3730 1195 3792 sequenti,
1208 3743 1251 3778 nec

183 3790 223 3836 b.
557 3801 561 3810 “
768 3805 831 3838 oure
852 3793 910 3840 orti.

216 3852 248 3900 lo
267 3851 395 3908 Quomiuur
413 3867 455 3900 ruo
472 3853 623 3914 qrrbqueloco
634 3869 697 3902 moo-
764 3855 796 3904 42
815 3791 901 3912 oilae
919 3871 945 3902 eo
962 3871 987 3903 re
1007 3859 1142 3906 sententium
1159 3873 1249 3906 remoro-

182 3917 231 3981 tor]
250 3917 337 3982 Scripti
356 3933 441 3966 omnes
461 3925 485 3963 et
501 3917 657 3972 Gronoviani,
674 3928 698 3967 et
731 3922 764 3966 itt
775 3917 860 3982 dicere]
878 3921 934 3968 rut.
946 3929 970 3968 et
982 3922 1050 3972 Vict.
1065 3926 1168 3980 codices,
1185 3939 1251 3972 roco·

184 3985 270 4038 nostri,
288 3985 384 4030 abolent
401 3985 515 4030 ultimam
527 3995 621 4029 vocem.
653 3984 698 4030 Illa
731 3988 801 4032 ravit.
836 3985 917 4032 Scribe
926 3988 1046 4032 retorserit.

183 4053 266 4094 tamen
284 4061 332 4093 non
351 4051 451 4096 omnino
467 4047 561 4094 inutilis
572 4053 616 4092 est.
651 4045 700 4092 Ex·
764 4048 797 4095 le
815 4046 887 4103 Quem
907 4051 936 4096 L.
954 4051 1071 4108 Veturius,
1090 4059 1131 4101 out
1150 4056 1180 4112 Q.
1197 4055 1250 4101 Coe·

182 4113 267 4174 primit
283 4114 349 4160 enirn
369 4127 476 4168 causum,
489 4126 532 4157 cur
547 4113 699 4157 debeantro·
733 4113 811 4176 cilius]
838 4113 928 4173 Supple
946 4127 977 4162 ex
996 4120 1188 4174 praecedentibus
1207 4120 1250 4165 lto·
1296 4133 1300 4137 ·

182 4178 233 4236 gari
251 4179 396 4224 sententiam
419 4180 505 4224 dicere.
545 4175 611 4222 Num
633 4178 698 4236 quod
730 4177 830 4223 buirset:
848 4177 894 4223 nisi
905 4180 976 4224 malis
985 4181 1030 4226 hoc
1042 4184 1142 4230 verbum
1155 4186 1180 4229 in
1192 4198 1249 4231 con-

182 4243 319 4288 Gronovius
341 4247 525 4302 argumentatur
541 4242 566 4286 in
586 4247 697 4286 senatum
731 4247 826 4286 textum
845 4243 982 4300 admittere,
1000 4254 1097 4293 auctore
1115 4249 1191 4310 llegio
1208 4261 1248 4294 cu·

181 4307 276 4354 venisse
295 4308 385 4366 plures,
402 4309 531 4368 pluresque
552 4305 698 4352 sententiam
731 4305 792 4353 dice.
1112 4309 1115 4315 '
1171 4337 1174 4344 »
