3140 4972
311 149 371 227 aaa
701 129 814 200 rint
842 111 978 200 urvri
1029 163 1031 174 ·

125 389 128 398 Ι
152 323 289 374 [tam.
312 302 505 391 trepidatum
528 316 592 406 estr
611 307 751 405 pec-aut
772 302 871 380 locus,
890 316 1092 404 auttempus
1115 301 1220 404 ullum
1237 323 1370 404 vacuum

153 389 288 440 *⁰3¹2
313 417 334 457 a
356 403 442 457 metu
463 413 501 456 ac
522 390 732 456 sollicitudine
755 401 824 456 erat
844 389 1012 456 Romanu:
1035 389 1268 492 compulsisque
1288 403 1373 455 rutra

314 477 443 556 anssaro,
458 476 585 542 ademto
606 497 712 542 rerum
726 476 869 542 omnium
890 497 959 554 usu,
975 496 1074 562 quum
1094 497 1195 562 prope
1212 494 1300 562 Justa
1314 475 1372 542 olr-
1441 499 1443 506 ‘

314 564 396 630 sidio
416 581 506 641 esset,
521 561 722 649 futuramque
743 561 890 626 artiorem
908 583 978 628 eam
998 562 1175 647 adpareret,
1191 564 1217 627 si
1235 585 1268 630 re
1282 562 1375 628 Indi-

315 651 399 729 bilis,
413 671 507 738 quem
521 671 597 715 cum
617 661 738 734 septem
761 647 899 712 millibus
918 659 949 713 et
971 648 1374 738 quingentisslressetano-

315 759 386 802 rum
409 736 579 802 adventare
599 733 683 800 fama
704 745 781 809 erat,
799 733 906 798 Poenis
928 736 1142 821 conjunxisset
1149 757 1158 811 3
1180 735 1247 800 dux
1262 748 1375 800 mutus

92 845 94 868 ¹
152 843 180 891 Ρ.
189 842 308 906 &ponis
315 836 347 888 et
367 821 670 908 providensScipio,
686 820 785 886 victus
804 819 1048 898 necessitatibus,
1064 821 1266 902 temerarium
1289 821 1374 906 capit

81 913 111 992 ᾗ
153 915 257 956 m·-
316 908 495 986 consilium,
520 920 556 973 ut
580 919 672 972 nocte
697 904 826 971 Indibili
850 905 973 970 obviam
1002 905 1077 970 irett
1105 920 1148 984 et,
1172 929 1376 994 quocumque

229 973 506 1060 m'l'obcurrisset
527 993 610 1071 loco,
631 992 783 1078 proelium
805 1007 992 1058 consereret.
1039 993 1164 1058 Relicto
1185 993 1283 1078 igitur
1306 1001 1374 1058 md·

316 1080 390 1148 dico
411 1081 561 1168 proesidio
585 1080 617 1143 in
644 1079 763 1155 castris,
785 1079 1018 1228 praepositorpue
1041 1079 1081 1143 Τ.
1099 1079 1234 1144 Fonteio
1258 1079 1374 1167 legato,

316 1167 421 1236 madia
443 1179 535 1231 nocte
558 1163 725 1251 profectus,
747 1185 820 1228 cum
843 1164 944 1228 obviis
988 1163 1109 1230 ostibus
1130 1187 1242 1230 manus
1265 1188 1376 1232 conse

316 1255 392 1319 ruit.
414 1251 590 1354 “Agmina
605 1251 715 1336 magis,
730 1271 823 1337 quam
839 1249 931 1331 acies,
946 1250 1148 1339 pugnabant:
1171 1251 1314 1336 superior
1328 1266 1376 1318 ta-

316 1362 400 1416 men,
421 1350 457 1402 ut
483 1359 514 1401 rn
538 1335 745 1402 tumultuaria
767 1357 886 1424 pugna,
902 1337 1063 1403 Romanus
1083 1349 1160 1404 erat.
1183 1350 1322 1404 ceteram
1343 1349 1376 1405 et

317 1425 436 1512 equites
458 1421 609 1507 Numidae
630 1427 769 1571 repente,
785 1444 864 1508 quos
885 1421 1029 1487 fefellisse
1051 1447 1084 1488 se
1098 1423 1166 1488 dux
1187 1437 1274 1490 ratus
1295 1439 1375 1504 erat,

317 1512 358 1577 ab
372 1511 523 1579 lateribus
538 1509 655 1573 circum
672 1508 729 1585 asi,
745 1529 896 1595 magnum
911 1521 1063 1574 terrorem
1078 1509 1223 1575 intulere.
1254 1510 1281 1556 ⁸⁷
1290 1511 1376 1575 Con·
1427 1517 1429 1522 '

317 1608 419 1662 tracto
443 1595 598 1661 adversm·
619 1594 776 1660 Numidas
801 1594 970 1659 certamine
993 1617 1086 1673 novo,
1112 1597 1223 1662 tertius
1249 1597 1377 1683 insuper

267 1747 273 1756 ,
317 1682 446 1748 advenit
467 1682 577 1758 hostis,
592 1680 689 1746 duces
704 1680 799 1746 Poeni
823 1680 961 1748 adsecuti
976 1681 1017 1746 ab
1039 1697 1130 1770 tergo
1147 1683 1214 1770 jam
1231 1686 1390 1768 pugnam*

317 1781 383 1834 tes:
405 1789 581 1854 ancepsque
603 1767 750 1852 proelium
775 1766 938 1834 Romanos
959 1768 1216 1847 circumsteterat,
1239 1770 1378 1835 incertos

223 1885 225 1892 ·
316 1855 350 1918 in
378 1877 472 1941 quern
498 1854 694 1940 potissimum
721 1853 854 1930 hostem,
881 1875 1014 1938 quamve
1038 1853 1071 1918 in
1097 1867 1218 1940 partem
1245 1854 1377 1922 confer'ti

316 1942 514 2026 eruptionem
538 1939 685 2006 facerent.
731 1940 893 2027 Pugnanti
917 1939 1120 2028 hortantique
1141 1941 1323 2028 imperatori
1345 1955 1378 2008 et

316 2026 473 2092 obferenti
492 2049 536 2107 se,
552 2027 606 2090 ubi
625 2026 781 2112 plurimus
800 2025 889 2090 labor
908 2040 985 2102 erat,
1002 2026 1083 2090 latus
1102 2026 1247 2092 dextrum
1267 2027 1378 2094 lancea

317 2114 488 2201 trajicitur:
511 2117 693 2210 cuneusque
706 2112 734 2176 is
752 2110 904 2190 hostiurn,
919 2115 977 2200 qui.
996 2113 1029 2176 in
1047 2113 1205 2179 confertos
1219 2114 1377 2188 circada·

156 2212 184 2260 r.
196 2209 276 2274 sapio
316 2223 385 2266 cem
407 2201 550 2285 inpetunt
569 2198 695 2276 fecerat,
712 2209 747 2262 ut
767 2199 946 2264 exanimem
972 2197 1129 2264 labentem
1148 2223 1189 2265 ex
1208 2221 1292 2287 equo
1310 2202 1378 2266 sa·

155 2279 293 2390 ‘effitffl
316 2288 444 2373 pionem
460 2285 550 2363 vidit,
565 2287 682 2350 alacres
703 2283 819 2370 gaudio
837 2303 909 2348 cum
933 2284 1072 2350 clamore
1092 2306 1150 2371 per
1164 2298 1262 2352 totam
1278 2288 1378 2353 aciem

154 2418 237 2456 m„
315 2374 502 2438 nunciantes
533 2372 729 2451 discurrunt,
756 2371 979 2456 imperatorem
1014 2372 1195 2438 Rauranum
1219 2373 1378 2439 cecidisse.

319 2459 405 2524 Hre'c
425 2470 596 2546 pervagata
620 2458 736 2542 passim
758 2479 832 2534 vox,
851 2468 887 2521 ut
907 2471 939 2523 et
961 2457 1065 2524 hostes
1087 2458 1174 2524 haud
1196 2459 1294 2526 dubie
1316 2481 1378 2545 pro

317 2545 498 2622 victoribus,
519 2557 551 2608 et
574 2545 711 2607 Romani
736 2564 795 2627 pro
815 2542 906 2606 victis
928 2556 1041 2622 essent,
1061 2542 1143 2610 fecit.
1189 2545 1281 2632 Fuga
1301 2568 1378 2612 con·

316 2627 420 2694 festim
443 2652 483 2694 ex
502 2629 579 2708 acie,
594 2629 677 2694 duce
697 2628 823 2709 amisso,
839 2629 907 2694 fieri
928 2633 1033 2715 coepta
1046 2643 1102 2696 est.
1123 2641 1263 2697 ceterum
1285 2643 1321 2697 ut
1336 2632 1379 2698 ad

317 2715 547 2800 erumpendum
571 2715 654 2778 inter
680 2714 837 2780 Numidas
862 2714 1011 2780 ”levium
1036 2715 1075 2782 ue
1102 2739 1264 2784 armorum
1293 2717 1379 2784 alia'·
1444 2725 1447 2733 '

244 2862 247 2867 .
317 2801 435 2866 auxilia
449 2795 570 2867 ailraird
591 2800 725 2866 difficilis
745 2809 896 2866 res⁰erat
903 2824 912 2878 3
936 2803 1018 2867 itae
1063 2825 1139 2890 gere
1152 2816 1274 2870 tantum
1290 2805 1378 2892 equi-

317 2901 396 2964 tum,
423 2889 681 2975 aequantiumque
708 2909 805 3036 epuos
833 2887 1260 2973 velocitatepeditumrix
1288 2905 1377 2976 pote·

317 2987 410 3040 rant:
434 2976 568 3061 caesique
590 2995 692 3060 prope
713 2995 819 3058 pures
834 2973 867 3038 in
889 2972 973 3063 fuga,
990 2994 1085 3062 quam
1101 2978 1135 3040 in
1157 2989 1378 3065 pugnasset.

318 3082 377 3124 nec
402 3060 604 3145 superfuisset
626 3059 803 3146 quisquam,
826 3059 860 3124 ni
883 3062 1040 3146 praecipiti
1060 3063 1128 3148 jam
1150 3063 1190 3140 ad
1214 3085 1378 3149 vesperum

319 3146 369 3212 die
383 3168 450 3210 nox
465 3146 690 3212 irrterrenisset.
1370 3194 1373 3202 .

360 3231 509 3297 XXXV.
533 3231 632 3297 Haud
658 3232 795 3320 segniter
823 3231 898 3297 inde
923 3232 1020 3298 duces
1047 3234 1140 3299 Poeni
1163 3233 1292 3302 fortuna
1318 3236 1377 3315 usi,

317 3318 481 3384 confestim
507 3343 525 3384 e
554 3318 677 3403 proelio,
704 3319 758 3382 vix
782 3318 957 3384 necessaria
981 3321 1086 3406 quiete
1111 3321 1185 3386 (lata
1214 3322 1376 3400 militibus,

261 3441 263 3448 ·
316 3405 359 3470 ad
382 3405 616 3471 Hasdrubalem
641 3403 834 3470 Hamilcaris
856 3405 986 3470 citatum
1010 3428 1124 3494 agmen
1151 3410 1289 3494 rapiunt,
1315 3429 1379 3474 non

317 3492 416 3557 dubia
429 3514 495 3578 spe,
508 3493 641 3579 ⁹0quum
660 3491 763 3575 juncti
783 3505 895 3568 essent,
911 3490 1062 3557 debellari
1084 3515 1186 3578 posse.
1231 3495 1308 3571 Quo
1323 3495 1379 3560 ubi

154 1036 225 1088 llum·

575 3643 702 3692 auara.
715 3643 790 3693 crea
839 3615 847 3626 ’
920 3645 1036 3692 orara
1049 3646 1119 3694 orer.

348 3787 513 3850 walamiro
523 3792 609 3852 meu,
618 3802 689 3851 quous
699 3791 759 3836 acr‘cr
767 3802 831 3850 pag-
864 3803 949 3840 vocam
967 3805 1014 3852 rer,
1028 3805 1084 3853 quas
1099 3800 1123 3839 et
1142 3795 1174 3843 ab
1191 3795 1291 3854 oprimis
1308 3793 1380 3844 MSS»

316 3852 412 3914 ulad]
430 3851 726 3903 macarianam.
738 3853 780 3901 tr.
863 3856 940 3910 abest,
959 3864 985 3903 et
1005 3859 1106 3906 mnino
1127 3859 1168 3906 lric
1188 3871 1337 3920 supsmaous
1355 3866 1382 3906 ct

346 3915 543 3981 avenarum]
571 3917 637 3980 Lege
663 3921 686 3964 cf
709 3921 831 3966 contracto.
863 3918 986 3980 inelegans
996 3928 1057 3968 erat.

316 3979 650 4042 amrmemus.
895 3983 928 4030 90
945 3983 1024 4039 Quam
1034 3987 1117 4048 juncti
1133 3987 1217 4052 meat]
1237 3989 1303 4037 Ante
1318 3989 1382 4035 Gro-
1432 4047 1435 4050 Ι

345 4042 379 4092 88
395 4043 538 4106 [uiamque
555 4049 673 4094 amorem
693 4047 741 4095 utta
760 4050 832 4094 mis
864 4048 964 4094 narium
986 4049 1190 4105 dirimebant
1213 4067 1284 4113 quam
1304 4055 1382 4114 capiar

312 4108 361 4171 lla]
377 4109 472 4157 Vocem
486 4109 665 4159 diremissem
680 4113 832 4160 coronario
863 4114 1043 4174 conjunctum.
1097 4115 1145 4163 Sed
1180 4129 1265 4165 omncs
1283 4118 1381 4178 empti

314 4173 420 4222 aduena
431 4174 489 4222 Pur.
498 4181 524 4220 er
534 4174 601 4223 vict.
611 4170 713 4222 cadim
863 4176 982 4222 ornarunt
993 4176 1020 4226 et
1029 4179 1120 4240 copton
1136 4173 1223 4242 optant
1234 4193 1292 4229 vers
1306 4181 1381 4230 aiam

346 4235 470 4288 sarraca
486 4237 589 4300 dffldlir
606 4241 667 4304 crat]
691 4241 781 4300 supple
800 4253 831 4292 tx
863 4243 1039 4302 quameodern
1055 4243 1261 4293 tartarorum.
1295 4247 1381 4306 ltaque

313 4303 515 4366 pacedenrsnus,
538 4302 612 4367 supa.
661 4303 832 4366 Erparxtnrm
863 4319 894 4352 ex
923 4307 1093 4370 majurum
1123 4308 1163 4358 ille
1196 4311 1276 4358 effect
1307 4322 1382 4372 quam
