3140 4972
334 133 411 222 ers
604 141 606 145 ·
726 143 1006 212 rrrrsrvrr
1103 149 1107 157 ’

167 337 204 387 υ.
215 336 244 388 c.
255 331 310 386 tto
334 311 437 396 ”Se‘s
452 316 575 384 etiamsi
591 317 627 382 t‘n
640 314 709 381 acie
722 309 876 394 obcurrot,
887 311 1400 398 derisumaetoepuattcae·

169 404 204 472 d
215 403 243 454 ⁰·
253 403 310 452 ¹¹²·
335 406 375 471 de
388 406 528 470 deutrum
542 403 644 469 violet.
666 419 899 490 conversusque
912 401 1032 468 abibat.
1076 401 1248 468 Enimvero
1264 404 1401 470 ferocius

334 503 406 556 tum
432 491 616 576 Campanus
641 487 808 576 increpare
829 487 997 554 mollitiem
1021 488 1254 592 ignaviamque,
1277 502 1310 556 et
1330 489 1401 556 ¹lse

336 575 437 666 digna
457 579 577 664 probra
598 575 632 640 in
652 576 812 642 insontem
832 574 950 664 jacere,
964 577 1144 662 dorpttulerr
1163 576 1277 642 toran
1291 575 1402 664 adpel-

335 664 415 742 lans,
426 663 676 748 simulantemproe
683 675 827 748 parcere,
836 665 887 727 cui
896 663 976 728 sciat
979 683 1090 746 parem
1100 684 1133 730 ra
1141 683 1203 727 non
1214 685 1286 730 erse.
1299 666 1330 730 si
1337 685 1401 748 pm

335 771 403 816 rura
411 751 548 836 publicis
556 749 732 836 flaucatus
753 751 854 833 neptis
873 750 1006 814 ἀέκητι
1026 749 1118 816 simul
1130 759 1161 814 et
1175 751 1308 833 priuata
1318 749 1401 837 jura

336 857 400 902 erse
406 845 508 922 putet,
523 837 660 902 Badium
677 836 864 919 Campanum
883 836 922 902 T.
937 834 1085 914 Qtsiuctio
1097 837 1402 922 Crispinodiomauo

338 917 476 1010 ¹⁵pulum
485 923 509 1000 ⁴,
525 921 832 988 adhaeredatum
844 921 1048 999 audientibus,
1064 919 1091 962 ¹⁶
1099 924 1283 988 renunciare
1295 924 1401 1009 hospi·

337 1011 422 1076 tium.
471 1009 563 1076 Nihil
575 1009 637 1074 siti
652 1031 717 1072 crau
731 1029 766 1074 eo
779 1009 991 1087 consociatum,
1012 1009 1094 1074 ordii
1104 1009 1298 1093 soedcrctum
1319 1011 1403 1078 tom·

338 1117 404 1162 marr
430 1098 524 1174 toste,
550 1095 635 1180 cujus
657 1097 799 1178 patriam
826 1117 865 1162 oc
886 1105 1017 1179 peneus
1036 1095 1178 1179 publicos
1199 1099 1311 1180 prr'om

337 1183 544 1272 obpugnatus
575 1182 713 1248 omissa,
756 1183 793 1247 Si
826 1183 878 1247 uir
911 1191 996 1268 essct,
1031 1184 1276 1268 congrederetur.
1367 1184 1402 1250 iu

338 1281 541 1336 cunctantem
563 1266 747 1352 Crispinum
767 1268 936 1354 perpulere
964 1267 1124 1347 turmales,
1148 1289 1189 1334 ue
1210 1270 1331 1356 inpune
1350 1271 1401 1336 in-

338 1356 456 1423 sultare
472 1355 673 1441 Campanum
694 1361 866 1440 pateretur.
885 1355 992 1443 itaque
1012 1366 1137 1421 tantum
1152 1369 1304 1434 moratos,
1320 1356 1401 1422 dum

337 1445 545 1531 imperatores
567 1439 755 1530 consuleret,
779 1442 1039 1528 permitterentne
1060 1441 1120 1507 sibi
1142 1457 1234 1508 extra
1254 1443 1400 1508 ordinem

338 1530 373 1594 in
405 1539 629 1616 provocantem
656 1529 778 1592 hostem
812 1549 965 1618 pugnare,
1033 1529 1145 1594 rorissu
1169 1550 1280 1595 eorum
1309 1551 1400 1596 arma

338 1615 431 1703 cepit,
458 1634 639 1704 equumque
658 1614 851 1694 conscendit,
875 1627 907 1680 et
933 1614 962 1680 B
1005 1617 1081 1693 ium,
1105 1615 1235 1680 nomine
1259 1615 1398 1701 compel-

174 1717 302 1781 singulare
338 1702 417 1781 lans,
440 1701 481 1768 ad
503 1721 644 1789 pugnam
671 1702 823 1768 evocavit.
868 1701 967 1766 Nulla
989 1723 1079 1768 mora
1093 1725 1113 1768 a
1129 1701 1295 1790 Campano
1316 1701 1401 1770 iacta

174 1797 258 1895 torum
271 1797 321 1837 Μ·
337 1801 393 1856 est
411 1788 535 1854 infestis
556 1788 646 1876 equis
667 1803 896 1855 concurrerunt
904 1797 926 1853 ⁶.
970 1789 1137 1876 Crispinus
1157 1811 1254 1876 supra
1274 1787 1400 1856 scutum

184 1861 266 1896 ''¹¹⁰¹''
337 1875 683 1942 sinistrumhumerum
705 1875 809 1941 Badio
830 1874 920 1941 haste
934 1873 1101 1954 transfixit,
1116 1897 1275 1963 superque
1290 1876 1400 1964 delap-

211 1955 214 1968 '
336 1983 408 2029 sum
427 1985 501 2030 cum
515 1961 647 2028 vulnere
666 1983 708 2027 ex
722 1984 805 2049 equo
819 1960 956 2040 desiluit,
973 1977 1009 2028 ut
1021 1961 1119 2048 pedes
1128 1962 1312 2048 jacentumi
1321 1983 1400 2030 con.

336 2049 455 2116 liceret.
512 2049 643 2126 Badius,
673 2049 859 2136 priusquam
887 2048 1132 2134 obprimeretur,
1159 2069 1273 2135 parma
1305 2061 1401 2138 atque

336 2157 421 2226 equo
444 2135 566 2223 relicto,
582 2135 624 2201 etl
639 2157 714 2200 suos
734 2134 868 2223 aufugit.
914 2135 1091 2221 Crispinus,
1106 2156 1234 2222 equum,
1247 2157 1401 2224 >armaque

335 2236 441 2311 eapte,
457 2235 489 2290 et
503 2237 666 2290 cruentam
681 2221 846 2307 cuspidem
860 2221 993 2306 insignis
1014 2222 1122 2309 spoliis
1135 2235 1308 2303 ostentans,
1324 2243 1398 2288 cum

338 2333 454 2401 magna
475 2309 571 2376 laude
591 2321 624 2374 et
644 2308 857 2395 gratulatione
878 2307 1028 2387 militum,
1044 2307 1085 2374 ad
1106 2307 1253 2374 consules
1275 2321 1322 2376 est
1343 2308 1399 2376 tle·

337 2397 462 2475 ductus,
477 2395 687 2483 laudatusque
703 2395 748 2460 ibi
763 2395 940 2482 magnifice,
956 2407 988 2460 et
1002 2395 1094 2460 donis
1107 2394 1256 2461 donatus.

173 2505 240 2558 coes
255 2521 318 2572 pag.
382 2473 484 2550 XIX.
508 2480 674 2548 Hannibal
690 2503 731 2547 ex
744 2503 823 2570 agro
839 2480 1065 2548 Beneventano
1078 2495 1181 2548 castra
1193 2482 1235 2548 ad
1252 2483 1398 2570 Capuam

174 2581 303 2622 mnsam
337 2591 438 2657 quum
463 2569 622 2647 movisset,
653 2569 747 2634 tertio
778 2581 855 2656 post
886 2567 950 2646 dle,
978 2588 1073 2655 quam
1102 2569 1198 2646 venit,
1226 2571 1337 2656 copias
1364 2573 1399 2636 io

175 2639 323 2693 *unm*
337 2657 437 2722 acient
457 2655 586 2720 eduxit:
608 2653 854 2742 haudquaquam
876 2654 1004 2731 dubius,
1025 2655 1115 2742 quod
1135 2655 1321 2742 Campanis,
1342 2657 1417 2722 alr-.

335 2758 426 2810 sente
437 2765 486 2824 se,
497 2762 616 2828 paucos
638 2756 712 2806 ente
733 2741 801 2806 dies
815 2741 954 2808 mcunda
968 2741 1076 2807 fuisset
1091 2763 1211 2846 pugna,
1223 2743 1300 2829 quin
1315 2743 1400 2810 mul·

335 2843 371 2895 to
396 2829 500 2897 miuus
523 2851 557 2894 se
578 2849 734 2916 suumque
753 2828 849 2896 toties
871 2831 1023 2895 rictorem
1049 2844 1225 2895 exercuum
1246 2830 1401 2897 sustinere

338 2915 478 2982 Romani
491 2927 631 3002 possent.
655 2914 817 2994 Ceterum,
837 2929 1044 3004 postquamp
1111 2916 1160 2980 ari
1174 2928 1317 3001 coepturn
1340 2928 1398 2995 est,

336 3003 478 3087 equiturn
493 3002 634 3068 maxime
653 3001 795 3084 incursu,
815 3024 913 3090 quum
929 3000 1045 3089 jaculis
1058 3023 1079 3066 o
1102 3015 1257 3081 rueretur,
1271 3001 1400 3068 labora·

335 3087 392 3155 bat
416 3088 563 3154 Romana
583 3089 682 3154 acies:
706 3088 809 3154 donec
828 3089 956 3176 signum
977 3087 1137 3174 equitibus
1158 3089 1349 3168 detumeat,
1363 3102 1402 3157 ut

335 3177 370 3241 in
394 3174 517 3240 hostem
544 3175 747 3240 admitterent
766 3197 876 3264 equor.
902 3175 949 3242 ita
968 3189 1115 3261 equestre
1139 3176 1288 3261 proelium
1313 3189 1399 3256 erst3

335 3283 436 3366 quum
450 3261 564 3349 procul
578 3261 661 3328 visus
676 3262 926 3349 Sempronianus
940 3262 1110 3345 exercitus,
1129 3263 1181 3331 cui
1197 3263 1260 3328 Cn.
1276 3263 1402 3330 Corne-

326 3349 551 3438 'lrusquaestor
565 3360 712 3433 praeerat,
727 3348 856 3436 utrique
892 3349 954 3413 arti
974 3369 1088 3434 parem
1110 3360 1229 3415 metum
1249 3348 1401 3435 prebuit,

328 3458 377 3502 ue
390 3436 495 3503 hostes
516 3435 592 3500 novi
606 3434 822 3500 adventarent.
898 3434 965 3499 elut
985 3457 1026 3498 ex
1046 3438 1224 3522 composito
1238 3437 1402 3522 utrimque

335 3523 463 3612 signum
487 3523 629 3608 receptui
649 3521 779 3587 dotum:
801 3521 987 3607 reductique
1005 3521 1165 3588 in‘castra
1183 3543 1285 3608 prope
1304 3545 1400 3612 aequo

367 3639 737 3692 ‘SelScolaonucreu
846 3637 1127 3690 dmumatunltac
1236 3645 1402 3693 ‘maccrrcre

336 3707 407 3756 uer.
489 3697 752 3771 waaoenemuee

369 3823 401 3872 18
416 3823 449 3872 Se
463 3822 492 3870 oi
507 3836 542 3879 eo,
553 3823 691 3872 diarrrrlrin
707 3823 757 3870 acr‘r
772 3835 851 3868 occur·
883 3835 965 3883 supra,
975 3821 1157 3886 polampopuio.
1184 3821 1279 3872 Temen
1290 3825 1402 3874 hocloco

335 3892 385 3946 rut,
397 3885 578 3951 dcdiomurum]
596 3888 627 3935 In
646 3887 760 3948 plurimis
777 3886 852 3945 scrip·
883 3887 983 3948 pluriml
1001 3888 1095 3948 scripti,
1114 3900 1193 3949 oeque
1211 3889 1317 3950 optimu,
1328 3891 1404 3938 omit·

335 3953 367 4000 nr
385 3964 434 4002 nou
451 3953 633 4013 conspiciuntur
649 3949 681 4001 el
695 3951 771 4016 uico:
788 3964 851 4011 quse,
884 3957 940 4000 tuot
952 3964 1036 4000 rocem
1046 3952 1158 3999 mlier.

335 4023 364 4064 ut
381 4017 484 4064 minime
501 4017 588 4064 vitiant
603 4017 749 4074 emtionem,
763 4013 790 4062 ‘si
807 4017 851 4062 ud·
917 4014 1121 4064 ld'Bcnunriare
1144 4015 1283 4081 nospitium]
1311 4017 1401 4068 Decla-

335 4083 396 4140 sint,
407 4081 571 4130 instaurare
587 4087 691 4142 possum
703 4082 852 4130 descensus
883 4092 936 4127 rare
947 4081 1044 4128 nullum
1058 4077 1113 4142 jum
1128 4094 1181 4130 esse
1199 4083 1351 4143 hospitium
1367 4084 1402 4130 lr-

354 4145 360 4158 '
440 4145 446 4158 '
866 4145 1231 4208 «ritumfacereetrescinderc
1242 4143 1402 4210 nospitiijur.

173 2716 245 2764 equo
260 2701 328 2751 Mar·

173 2775 205 2814 le·

369 4158 552 4272 wdg'rum
565 4209 664 4276 probro]
688 4211 777 4258 Probra
796 4209 851 4270 qui-
882 4201 977 4258 liodem
994 4211 1068 4256 modo
1079 4218 1104 4258 et
1114 4225 1187 4260 sensu
1203 4212 1294 4260 dicitur
1311 4226 1400 4262 mua·

335 4277 381 4328 nur
391 4276 443 4336 ipse
453 4277 543 4337 dignus
554 4281 613 4323 erut.
881 4274 952 4328 ciam,
977 4275 1116 4337 amictuum,
1147 4277 1286 4326 renunciare
1315 4279 1400 4338 amiel·

369 4336 850 4404 ltPatomomnttaqstcl.v1.c.lt
882 4338 948 4386 runs
1244 4377 1247 4380 .
