<?xml version="1.0" encoding="UTF-8"?>
<!DOCTYPE html PUBLIC "-//W3C//DTD XHTML 1.0 Transitional//EN"
    "http://www.w3.org/TR/xhtml1/DTD/xhtml1-transitional.dtd">
<html xmlns="http://www.w3.org/1999/xhtml" xml:lang="en" lang="en">
 <head>
  <title>
</title>
<meta http-equiv="Content-Type" content="text/html;charset=utf-8" />
  <meta name='ocr-system' content='tesseract 3.04.00' />
  <meta name='ocr-capabilities' content='ocr_page ocr_carea ocr_par ocr_line ocrx_word'/>
</head>
<body>
  <div class='ocr_page' id='page_1' title='image "./tliviipatavinih00crevgoog/tliviipatavinih00crevgoog_0112.png"; bbox 0 0 3036 4972; ppageno 0'>
   <div class='ocr_carea' id='block_1_1' title="bbox 386 180 1177 256">
    <p class='ocr_par' dir='ltr' id='par_1_1' title="bbox 386 180 1177 256">
     <span class='ocr_line' id='line_1_1' title="bbox 386 180 1177 256; baseline 0.005 -4"><span class='ocrx_word' id='word_1_1' title='bbox 386 189 436 252; x_wconf 90' lang='lat' dir='ltr'><strong>LI</strong></span> <span class='ocrx_word' id='word_1_2' title='bbox 448 189 479 250; x_wconf 84' lang='lat' dir='ltr'><strong>B.</strong></span> <span class='ocrx_word' id='word_1_3' title='bbox 499 185 603 250; x_wconf 80' lang='lat' dir='ltr'><strong>xxm.</strong></span> <span class='ocrx_word' id='word_1_4' title='bbox 628 187 736 252; x_wconf 80' lang='lat' dir='ltr'>CAP.</span> <span class='ocrx_word' id='word_1_5' title='bbox 752 180 871 254; x_wconf 75' lang='lat' dir='ltr'><strong>xxxt.</strong></span> <span class='ocrx_word' id='word_1_6' title='bbox 1106 197 1177 256; x_wconf 49' lang='lat' dir='ltr'><strong>lod*</strong></span> 
     </span>
    </p>
   </div>
   <div class='ocr_carea' id='block_1_2' title="bbox 95 353 1404 3634">
    <p class='ocr_par' dir='ltr' id='par_1_2' title="bbox 95 353 1326 2082">
     <span class='ocr_line' id='line_1_2' title="bbox 139 353 1313 446; baseline 0.002 -24"><span class='ocrx_word' id='word_1_7' title='bbox 139 353 263 422; x_wconf 87' lang='lat' dir='ltr'>XXX.</span> <span class='ocrx_word' id='word_1_8' title='bbox 287 353 390 446; x_wconf 78' lang='lat' dir='ltr'><strong>Signo</strong></span> <span class='ocrx_word' id='word_1_9' title='bbox 404 353 490 433; x_wconf 82' lang='lat' dir='ltr'><strong>dato,</strong></span> <span class='ocrx_word' id='word_1_10' title='bbox 506 353 722 424; x_wconf 74' lang='lat' dir='ltr'><strong>conclamatur</strong></span> <span class='ocrx_word' id='word_1_11' title='bbox 743 355 880 436; x_wconf 70' lang='lat' dir='ltr'><strong>inde,‘ut</strong></span> <span class='ocrx_word' id='word_1_12' title='bbox 894 353 1096 442; x_wconf 72' lang='lat' dir='ltr'><strong>conliguntur</strong></span> <span class='ocrx_word' id='word_1_13' title='bbox 1109 377 1164 424; x_wconf 82' lang='lat' dir='ltr'><strong>ve·</strong></span> <span class='ocrx_word' id='word_1_14' title='bbox 1173 375 1202 424; x_wconf 89' lang='lat' dir='ltr'><strong>n.</strong></span> <span class='ocrx_word' id='word_1_15' title='bbox 1216 377 1243 424; x_wconf 91' lang='lat' dir='ltr'><strong>o.</strong></span> <span class='ocrx_word' id='word_1_16' title='bbox 1253 374 1313 424; x_wconf 73' lang='lat' dir='ltr'><strong>tes:</strong></span> 
     </span>
     <span class='ocr_line' id='line_1_3' title="bbox 99 441 1326 529; baseline 0 -23"><span class='ocrx_word' id='word_1_17' title='bbox 99 463 149 506; x_wconf 77' lang='lat' dir='ltr'><strong>sse</strong></span> <span class='ocrx_word' id='word_1_18' title='bbox 171 441 314 528; x_wconf 86' lang='lat' dir='ltr'><strong>profecti</strong></span> <span class='ocrx_word' id='word_1_19' title='bbox 327 456 360 507; x_wconf 91' lang='lat' dir='ltr'><strong>et</strong></span> <span class='ocrx_word' id='word_1_20' title='bbox 374 441 502 529; x_wconf 80' lang='lat' dir='ltr'><strong>sgmine</strong></span> <span class='ocrx_word' id='word_1_21' title='bbox 515 442 697 507; x_wconf 70' lang='lat' dir='ltr'><strong>incedentes</strong></span> <span class='ocrx_word' id='word_1_22' title='bbox 711 441 752 507; x_wconf 82' lang='lat' dir='ltr'><strong>sd</strong></span> <span class='ocrx_word' id='word_1_23' title='bbox 768 442 929 509; x_wconf 72' lang='lat' dir='ltr'><strong>dictatoris</strong></span> <span class='ocrx_word' id='word_1_24' title='bbox 944 455 1050 508; x_wconf 84' lang='lat' dir='ltr'><strong>castre</strong></span> <span class='ocrx_word' id='word_1_25' title='bbox 1063 443 1096 506; x_wconf 92' lang='lat' dir='ltr'><strong>in</strong></span> <span class='ocrx_word' id='word_1_26' title='bbox 1108 441 1164 507; x_wconf 84' lang='lat' dir='ltr'><strong>sd-</strong></span> <span class='ocrx_word' id='word_1_27' title='bbox 1173 443 1203 488; x_wconf 70' lang='grc' dir='ltr'><strong>Α·</strong></span> <span class='ocrx_word' id='word_1_28' title='bbox 1213 441 1241 488; x_wconf 75' lang='lat'><strong>0·</strong></span> <span class='ocrx_word' id='word_1_29' title='bbox 1251 441 1326 488; x_wconf 55' lang='grc' dir='ltr'><strong>Ἠν</strong></span> 
     </span>
     <span class='ocr_line' id='line_1_4' title="bbox 99 506 1326 617; baseline 0.002 -26"><span class='ocrx_word' id='word_1_30' title='bbox 99 531 307 594; x_wconf 78' lang='lat' dir='ltr'><strong>mirationem</strong></span> <span class='ocrx_word' id='word_1_31' title='bbox 328 541 361 593; x_wconf 90' lang='lat' dir='ltr'><strong>et</strong></span> <span class='ocrx_word' id='word_1_32' title='bbox 375 529 489 612; x_wconf 91' lang='lat' dir='ltr'><strong>ipsum,</strong></span> <span class='ocrx_word' id='word_1_33' title='bbox 504 541 536 592; x_wconf 89' lang='lat' dir='ltr'><strong>et</strong></span> <span class='ocrx_word' id='word_1_34' title='bbox 549 549 669 605; x_wconf 89' lang='lat' dir='ltr'><strong>omnes,</strong></span> <span class='ocrx_word' id='word_1_35' title='bbox 692 529 748 617; x_wconf 91' lang='lat' dir='ltr'><strong>qui</strong></span> <span class='ocrx_word' id='word_1_36' title='bbox 770 529 855 594; x_wconf 85' lang='lat' dir='ltr'><strong>circs</strong></span> <span class='ocrx_word' id='word_1_37' title='bbox 879 543 980 609; x_wconf 87' lang='lat' dir='ltr'><strong>erant,</strong></span> <span class='ocrx_word' id='word_1_38' title='bbox 1000 506 1326 617; x_wconf 43' lang='lat' dir='ltr'><strong>converte-{Quum</strong></span> 
     </span>
     <span class='ocr_line' id='line_1_5' title="bbox 98 615 1262 705; baseline -0.002 -25"><span class='ocrx_word' id='word_1_39' title='bbox 98 625 185 681; x_wconf 89' lang='lat' dir='ltr'><strong>runt.</strong></span> <span class='ocrx_word' id='word_1_40' title='bbox 233 615 280 680; x_wconf 91' lang='lat' dir='ltr'><strong>Ut</strong></span> <span class='ocrx_word' id='word_1_41' title='bbox 300 615 472 680; x_wconf 80' lang='lat' dir='ltr'><strong>constitute</strong></span> <span class='ocrx_word' id='word_1_42' title='bbox 496 626 570 678; x_wconf 84' lang='lat' dir='ltr'><strong>sunt</strong></span> <span class='ocrx_word' id='word_1_43' title='bbox 594 625 669 679; x_wconf 84' lang='lat' dir='ltr'><strong>ante</strong></span> <span class='ocrx_word' id='word_1_44' title='bbox 689 616 828 682; x_wconf 77' lang='lat' dir='ltr'><strong>tribunal</strong></span> <span class='ocrx_word' id='word_1_45' title='bbox 854 616 955 705; x_wconf 83' lang='lat' dir='ltr'><strong>signs,</strong></span> <span class='ocrx_word' id='word_1_46' title='bbox 981 629 1262 703; x_wconf 71' lang='lat' dir='ltr'><strong>progressnsjungte</strong></span> 
     </span>
     <span class='ocr_line' id='line_1_6' title="bbox 96 699 1164 788; baseline 0 -23"><span class='ocrx_word' id='word_1_47' title='bbox 96 715 172 766; x_wconf 81' lang='lat' dir='ltr'><strong>ente</strong></span> <span class='ocrx_word' id='word_1_48' title='bbox 193 701 277 766; x_wconf 84' lang='lat' dir='ltr'><strong>alios</strong></span> <span class='ocrx_word' id='word_1_49' title='bbox 303 723 354 765; x_wconf 86' lang='lat' dir='ltr'><strong>ms</strong></span> <span class='ocrx_word' id='word_1_50' title='bbox 378 702 452 766; x_wconf 83' lang='lat' dir='ltr'><strong>ister</strong></span> <span class='ocrx_word' id='word_1_51' title='bbox 473 702 628 788; x_wconf 87' lang='lat' dir='ltr'><strong>equitum,</strong></span> <span class='ocrx_word' id='word_1_52' title='bbox 640 721 738 788; x_wconf 91' lang='lat' dir='ltr'><strong>quum</strong></span> <span class='ocrx_word' id='word_1_53' title='bbox 755 713 879 786; x_wconf 85' lang='lat' dir='ltr'><strong>patrem</strong></span> <span class='ocrx_word' id='word_1_54' title='bbox 902 703 1035 768; x_wconf 78' lang='lat' dir='ltr'><strong>Fabium</strong></span> <span class='ocrx_word' id='word_1_55' title='bbox 1056 699 1164 788; x_wconf 83' lang='lat' dir='ltr'><strong>adpel-</strong></span> 
     </span>
     <span class='ocr_line' id='line_1_7' title="bbox 96 785 1166 876; baseline 0.004 -26"><span class='ocrx_word' id='word_1_56' title='bbox 96 787 202 864; x_wconf 85' lang='lat' dir='ltr'><strong>lesset,</strong></span> <span class='ocrx_word' id='word_1_57' title='bbox 219 788 341 852; x_wconf 89' lang='lat' dir='ltr'><strong>circum</strong></span> <span class='ocrx_word' id='word_1_58' title='bbox 380 809 494 874; x_wconf 82' lang='lat' dir='ltr'><strong>sosque</strong></span> <span class='ocrx_word' id='word_1_59' title='bbox 515 787 649 852; x_wconf 87' lang='lat' dir='ltr'><strong>militnm</strong></span> <span class='ocrx_word' id='word_1_60' title='bbox 672 785 739 874; x_wconf 87' lang='lat' dir='ltr'><strong>ejus</strong></span> <span class='ocrx_word' id='word_1_61' title='bbox 758 799 861 853; x_wconf 85' lang='lat' dir='ltr'><strong>toturn</strong></span> <span class='ocrx_word' id='word_1_62' title='bbox 881 811 996 876; x_wconf 81' lang='lat' dir='ltr'><strong>agmen</strong></span> <span class='ocrx_word' id='word_1_63' title='bbox 1012 798 1166 872; x_wconf 65' lang='lat' dir='ltr'><strong>pedones</strong></span> 
     </span>
     <span class='ocr_line' id='line_1_8' title="bbox 96 873 1165 960; baseline 0 -22"><span class='ocrx_word' id='word_1_64' title='bbox 96 874 343 951; x_wconf 84' lang='lat' dir='ltr'><strong>eonsalutnsset,</strong></span> <span class='ocrx_word' id='word_1_65' title='bbox 363 873 558 950; x_wconf 79' lang='lat' dir='ltr'><strong>Parentibus,</strong></span> <span class='ocrx_word' id='word_1_66' title='bbox 581 873 695 959; x_wconf 90' lang='lat' dir='ltr'><strong>inquit,</strong></span> <span class='ocrx_word' id='word_1_67' title='bbox 719 876 803 952; x_wconf 85' lang='lat' dir='ltr'><strong>meir,</strong></span> <span class='ocrx_word' id='word_1_68' title='bbox 826 877 970 954; x_wconf 82' lang='lat' dir='ltr'><strong>dictator,</strong></span> <span class='ocrx_word' id='word_1_69' title='bbox 994 875 1114 960; x_wconf 82' lang='lat' dir='ltr'><strong>(quibus</strong></span> <span class='ocrx_word' id='word_1_70' title='bbox 1134 883 1165 939; x_wconf 85' lang='lat' dir='ltr'><strong>te</strong></span> 
     </span>
     <span class='ocr_line' id='line_1_9' title="bbox 96 960 1163 1046; baseline 0 -22"><span class='ocrx_word' id='word_1_71' title='bbox 96 964 187 1024; x_wconf 84' lang='lat' dir='ltr'><strong>modo</strong></span> <span class='ocrx_word' id='word_1_72' title='bbox 201 963 336 1038; x_wconf 80' lang='lat' dir='ltr'><strong>nomine,</strong></span> <span class='ocrx_word' id='word_1_73' title='bbox 353 960 521 1046; x_wconf 79' lang='lat' dir='ltr'><strong>quosondo</strong></span> <span class='ocrx_word' id='word_1_74' title='bbox 529 982 661 1043; x_wconf 84' lang='lat' dir='ltr'><strong>possum,</strong></span> <span class='ocrx_word' id='word_1_75' title='bbox 671 964 804 1046; x_wconf 81' lang='lat' dir='ltr'><strong>cequoni)</strong></span> <span class='ocrx_word' id='word_1_76' title='bbox 822 964 916 1026; x_wconf 84' lang='lat' dir='ltr'><strong>uitam</strong></span> <span class='ocrx_word' id='word_1_77' title='bbox 925 972 1042 1026; x_wconf 82' lang='lat' dir='ltr'><strong>tanturn</strong></span> <span class='ocrx_word' id='word_1_78' title='bbox 1052 961 1163 1025; x_wconf 83' lang='lat' dir='ltr'><strong>debeo.-</strong></span> 
     </span>
     <span class='ocr_line' id='line_1_10' title="bbox 95 1047 1165 1131; baseline -0.001 -21"><span class='ocrx_word' id='word_1_79' title='bbox 95 1048 155 1110; x_wconf 78' lang='lat' dir='ltr'><strong>titi</strong></span> <span class='ocrx_word' id='word_1_80' title='bbox 169 1067 265 1130; x_wconf 74' lang='lat' dir='ltr'><strong>qaum</strong></span> <span class='ocrx_word' id='word_1_81' title='bbox 275 1049 375 1110; x_wconf 81' lang='lat' dir='ltr'><strong>‘meam</strong></span> <span class='ocrx_word' id='word_1_82' title='bbox 388 1047 524 1123; x_wconf 71' lang='lat' dir='ltr'><strong>wiceton,</strong></span> <span class='ocrx_word' id='word_1_83' title='bbox 540 1055 602 1110; x_wconf 85' lang='lat' dir='ltr'><strong>turn</strong></span> <span class='ocrx_word' id='word_1_84' title='bbox 616 1049 747 1111; x_wconf 84' lang='lat' dir='ltr'><strong>omniurn</strong></span> <span class='ocrx_word' id='word_1_85' title='bbox 768 1049 884 1112; x_wconf 77' lang='lat' dir='ltr'><strong>dorum.</strong></span> <span class='ocrx_word' id='word_1_86' title='bbox 928 1049 1038 1131; x_wconf 81' lang='lat' dir='ltr'><strong>ltaque</strong></span> <span class='ocrx_word' id='word_1_87' title='bbox 1049 1047 1165 1129; x_wconf 86' lang='lat' dir='ltr'><strong>plebei-</strong></span> 
     </span>
     <span class='ocr_line' id='line_1_11' title="bbox 95 1134 1169 1217; baseline -0.002 -21"><span class='ocrx_word' id='word_1_88' title='bbox 95 1135 217 1208; x_wconf 60' lang='lat' dir='ltr'><strong>scsbnn,</strong></span> <span class='ocrx_word' id='word_1_89' title='bbox 233 1153 294 1216; x_wconf 86' lang='lat' dir='ltr'><strong>qno</strong></span> <span class='ocrx_word' id='word_1_90' title='bbox 314 1141 456 1196; x_wconf 74' lang='lat' dir='ltr'><strong>umatus</strong></span> <span class='ocrx_word' id='word_1_91' title='bbox 469 1135 576 1217; x_wconf 84' lang='lat' dir='ltr'><strong>magis,</strong></span> <span class='ocrx_word' id='word_1_92' title='bbox 589 1153 679 1216; x_wconf 84' lang='lat' dir='ltr'><strong>quarn</strong></span> <span class='ocrx_word' id='word_1_93' title='bbox 692 1134 858 1198; x_wconf 78' lang='lat' dir='ltr'><strong>honorante</strong></span> <span class='ocrx_word' id='word_1_94' title='bbox 878 1155 951 1210; x_wconf 84' lang='lat' dir='ltr'><strong>sum,</strong></span> <span class='ocrx_word' id='word_1_95' title='bbox 968 1135 1090 1216; x_wconf 84' lang='lat' dir='ltr'><strong>primus</strong></span> <span class='ocrx_word' id='word_1_96' title='bbox 1106 1153 1169 1202; x_wconf 84' lang='lat' dir='ltr'><strong>an·¹</strong></span> 
     </span>
     <span class='ocr_line' id='line_1_12' title="bbox 96 1217 1165 1303; baseline 0.002 -21"><span class='ocrx_word' id='word_1_97' title='bbox 96 1220 184 1303; x_wconf 87' lang='lat' dir='ltr'><strong>tiquo</strong></span> <span class='ocrx_word' id='word_1_98' title='bbox 206 1217 403 1303; x_wconf 75' lang='lat' dir='ltr'><strong>abrogoqner</strong></span> <span class='ocrx_word' id='word_1_99' title='bbox 426 1227 465 1294; x_wconf 89' lang='lat' dir='ltr'><strong>et,</strong></span> <span class='ocrx_word' id='word_1_100' title='bbox 481 1220 563 1303; x_wconf 87' lang='lat' dir='ltr'><strong>quod</strong></span> <span class='ocrx_word' id='word_1_101' title='bbox 586 1219 646 1282; x_wconf 83' lang='lat' dir='ltr'><strong>tibi</strong></span> <span class='ocrx_word' id='word_1_102' title='bbox 670 1220 812 1303; x_wconf 78' lang='lat' dir='ltr'><strong>mihique,</strong></span> <span class='ocrx_word' id='word_1_103' title='bbox 828 1221 910 1303; x_wconf 84' lang='lat' dir='ltr'><strong>quod</strong></span> <span class='ocrx_word' id='word_1_104' title='bbox 927 1219 1165 1302; x_wconf 63' lang='lat' dir='ltr'><strong>exercitibusque</strong></span> 
     </span>
     <span class='ocr_line' id='line_1_13' title="bbox 98 1306 1164 1389; baseline 0.001 -20"><span class='ocrx_word' id='word_1_105' title='bbox 98 1306 145 1370; x_wconf 81' lang='lat' dir='ltr'><strong>tris</strong></span> <span class='ocrx_word' id='word_1_106' title='bbox 158 1307 236 1382; x_wconf 81' lang='lat' dir='ltr'><strong>tuis,</strong></span> <span class='ocrx_word' id='word_1_107' title='bbox 253 1313 374 1371; x_wconf 74' lang='lat' dir='ltr'><strong>severo</strong></span> <span class='ocrx_word' id='word_1_108' title='bbox 387 1325 425 1368; x_wconf 82' lang='lat' dir='ltr'><strong>ar</strong></span> <span class='ocrx_word' id='word_1_109' title='bbox 437 1306 653 1382; x_wconf 82' lang='lat' dir='ltr'><strong>conseruatori,</strong></span> <span class='ocrx_word' id='word_1_110' title='bbox 668 1306 710 1369; x_wconf 86' lang='lat' dir='ltr'><strong>sit</strong></span> <span class='ocrx_word' id='word_1_111' title='bbox 710 1306 809 1388; x_wconf 79' lang='lat' dir='ltr'><strong>felir,</strong></span> <span class='ocrx_word' id='word_1_112' title='bbox 820 1306 874 1370; x_wconf 86' lang='lat' dir='ltr'><strong>snb</strong></span> <span class='ocrx_word' id='word_1_113' title='bbox 886 1306 1045 1389; x_wconf 80' lang='lat' dir='ltr'><strong>inperium</strong></span> <span class='ocrx_word' id='word_1_114' title='bbox 1059 1307 1164 1388; x_wconf 85' lang='lat' dir='ltr'><strong>nuspi-</strong></span> 
     </span>
     <span class='ocr_line' id='line_1_14' title="bbox 99 1389 1162 1476; baseline 0.001 -21"><span class='ocrx_word' id='word_1_115' title='bbox 99 1393 237 1476; x_wconf 81' lang='lat' dir='ltr'><strong>oiranue</strong></span> <span class='ocrx_word' id='word_1_116' title='bbox 250 1400 335 1454; x_wconf 83' lang='lat' dir='ltr'><strong>turnn</strong></span> <span class='ocrx_word' id='word_1_117' title='bbox 348 1392 449 1466; x_wconf 83' lang='lat' dir='ltr'><strong>redeo,</strong></span> <span class='ocrx_word' id='word_1_118' title='bbox 465 1399 496 1454; x_wconf 91' lang='lat' dir='ltr'><strong>et</strong></span> <span class='ocrx_word' id='word_1_119' title='bbox 515 1389 612 1475; x_wconf 78' lang='lat' dir='ltr'><strong>signo</strong></span> <span class='ocrx_word' id='word_1_120' title='bbox 626 1391 691 1455; x_wconf 82' lang='lat' dir='ltr'><strong>iraer</strong></span> <span class='ocrx_word' id='word_1_121' title='bbox 711 1391 900 1476; x_wconf 85' lang='lat' dir='ltr'><strong>legionesque</strong></span> <span class='ocrx_word' id='word_1_122' title='bbox 918 1392 1056 1456; x_wconf 84' lang='lat' dir='ltr'><strong>restituo.</strong></span> <span class='ocrx_word' id='word_1_123' title='bbox 1103 1391 1162 1468; x_wconf 72' lang='lat' dir='ltr'><strong>tta,</strong></span> 
     </span>
     <span class='ocr_line' id='line_1_15' title="bbox 100 1474 1164 1562; baseline 0.002 -22"><span class='ocrx_word' id='word_1_124' title='bbox 100 1497 209 1561; x_wconf 70' lang='lat' dir='ltr'><strong>queso,</strong></span> <span class='ocrx_word' id='word_1_125' title='bbox 228 1479 376 1560; x_wconf 74' lang='lat' dir='ltr'><strong>plorante</strong></span> <span class='ocrx_word' id='word_1_126' title='bbox 388 1474 469 1540; x_wconf 80' lang='lat' dir='ltr'><strong>⁵⁸rne</strong></span> <span class='ocrx_word' id='word_1_127' title='bbox 489 1478 695 1560; x_wconf 78' lang='lat' dir='ltr'><strong>magisterirnn</strong></span> <span class='ocrx_word' id='word_1_128' title='bbox 717 1479 859 1562; x_wconf 85' lang='lat' dir='ltr'><strong>equitnm,</strong></span> <span class='ocrx_word' id='word_1_129' title='bbox 874 1479 929 1542; x_wconf 79' lang='lat' dir='ltr'><strong>Iros</strong></span> <span class='ocrx_word' id='word_1_130' title='bbox 949 1480 1073 1543; x_wconf 80' lang='lat' dir='ltr'><strong>ordines</strong></span> <span class='ocrx_word' id='word_1_131' title='bbox 1096 1497 1164 1542; x_wconf 85' lang='lat' dir='ltr'><strong>suos</strong></span> 
     </span>
     <span class='ocr_line' id='line_1_16' title="bbox 99 1561 1162 1664; baseline 0.001 -39"><span class='ocrx_word' id='word_1_132' title='bbox 99 1585 244 1648; x_wconf 79' lang='lat' dir='ltr'><strong>qroernque</strong></span> <span class='ocrx_word' id='word_1_133' title='bbox 257 1561 487 1645; x_wconf 78' lang='lat' dir='ltr'><strong>tenerejubeos.</strong></span> <span class='ocrx_word' id='word_1_134' title='bbox 509 1561 596 1626; x_wconf 89' lang='lat' dir='ltr'><strong>Tum</strong></span> <span class='ocrx_word' id='word_1_135' title='bbox 611 1561 735 1627; x_wconf 82' lang='lat' dir='ltr'><strong>dextrae</strong></span> <span class='ocrx_word' id='word_1_136' title='bbox 749 1563 959 1664; x_wconf 80' lang='lat' dir='ltr'><strong>interjunctae‚</strong></span> <span class='ocrx_word' id='word_1_137' title='bbox 976 1563 1162 1664; x_wconf 72' lang='lat' dir='ltr'><strong>militesque,</strong></span> 
     </span>
     <span class='ocr_line' id='line_1_17' title="bbox 99 1647 1163 1736; baseline 0 -22"><span class='ocrx_word' id='word_1_138' title='bbox 99 1649 255 1714; x_wconf 84' lang='lat' dir='ltr'><strong>concione</strong></span> <span class='ocrx_word' id='word_1_139' title='bbox 270 1647 408 1726; x_wconf 85' lang='lat' dir='ltr'><strong>dimissa,</strong></span> <span class='ocrx_word' id='word_1_140' title='bbox 425 1670 444 1713; x_wconf 86' lang='lat' dir='ltr'><strong>a</strong></span> <span class='ocrx_word' id='word_1_141' title='bbox 463 1648 546 1713; x_wconf 90' lang='lat' dir='ltr'><strong>notis</strong></span> <span class='ocrx_word' id='word_1_142' title='bbox 563 1648 742 1736; x_wconf 78' lang='lat' dir='ltr'><strong>ignotisque</strong></span> <span class='ocrx_word' id='word_1_143' title='bbox 762 1649 899 1736; x_wconf 71' lang='lat' dir='ltr'><strong>benigne</strong></span> <span class='ocrx_word' id='word_1_144' title='bbox 913 1663 1009 1736; x_wconf 83' lang='lat' dir='ltr'><strong>etque</strong></span> <span class='ocrx_word' id='word_1_145' title='bbox 1022 1648 1163 1733; x_wconf 71' lang='lat' dir='ltr'><strong>hospita·</strong></span> 
     </span>
     <span class='ocr_line' id='line_1_18' title="bbox 100 1733 1164 1822; baseline 0.001 -24"><span class='ocrx_word' id='word_1_146' title='bbox 100 1735 173 1800; x_wconf 87' lang='lat' dir='ltr'><strong>liter</strong></span> <span class='ocrx_word' id='word_1_147' title='bbox 189 1735 333 1800; x_wconf 81' lang='lat' dir='ltr'><strong>inritati:</strong></span> <span class='ocrx_word' id='word_1_148' title='bbox 356 1734 510 1822; x_wconf 71' lang='lat' dir='ltr'><strong>lutusque</strong></span> <span class='ocrx_word' id='word_1_149' title='bbox 523 1733 601 1812; x_wconf 89' lang='lat' dir='ltr'><strong>dies,</strong></span> <span class='ocrx_word' id='word_1_150' title='bbox 617 1755 657 1799; x_wconf 82' lang='lat' dir='ltr'><strong>ex</strong></span> <span class='ocrx_word' id='word_1_151' title='bbox 671 1735 842 1800; x_wconf 85' lang='lat' dir='ltr'><strong>admodum</strong></span> <span class='ocrx_word' id='word_1_152' title='bbox 857 1735 940 1800; x_wconf 86' lang='lat' dir='ltr'><strong>tristi</strong></span> <span class='ocrx_word' id='word_1_153' title='bbox 961 1735 1070 1822; x_wconf 85' lang='lat' dir='ltr'><strong>paullo</strong></span> <span class='ocrx_word' id='word_1_154' title='bbox 1090 1747 1164 1800; x_wconf 83' lang='lat' dir='ltr'><strong>onte</strong></span> 
     </span>
     <span class='ocr_line' id='line_1_19' title="bbox 104 1819 1164 1924; baseline 0.002 -40"><span class='ocrx_word' id='word_1_155' title='bbox 104 1843 143 1884; x_wconf 85' lang='lat' dir='ltr'><strong>se</strong></span> <span class='ocrx_word' id='word_1_156' title='bbox 155 1841 255 1906; x_wconf 85' lang='lat' dir='ltr'><strong>prope</strong></span> <span class='ocrx_word' id='word_1_157' title='bbox 268 1821 466 1922; x_wconf 69' lang='lat' dir='ltr'><strong>exsecrabili,</strong></span> <span class='ocrx_word' id='word_1_158' title='bbox 481 1819 591 1922; x_wconf 58' lang='lat' dir='ltr'><strong>factus:</strong></span> <span class='ocrx_word' id='word_1_159' title='bbox 618 1821 758 1924; x_wconf 40' lang='lat' dir='ltr'><strong>&#39;Roman</strong></span> <span class='ocrx_word' id='word_1_160' title='bbox 773 1834 809 1887; x_wconf 91' lang='lat' dir='ltr'><strong>ut</strong></span> <span class='ocrx_word' id='word_1_161' title='bbox 820 1833 866 1886; x_wconf 83' lang='lat' dir='ltr'><strong>est</strong></span> <span class='ocrx_word' id='word_1_162' title='bbox 879 1820 999 1908; x_wconf 81' lang='lat' dir='ltr'><strong>perlata</strong></span> <span class='ocrx_word' id='word_1_163' title='bbox 1013 1821 1097 1886; x_wconf 86' lang='lat' dir='ltr'><strong>farne</strong></span> <span class='ocrx_word' id='word_1_164' title='bbox 1115 1821 1164 1886; x_wconf 86' lang='lat' dir='ltr'><strong>rei</strong></span> 
     </span>
     <span class='ocr_line' id='line_1_20' title="bbox 100 1907 1162 2082; baseline -0.001 -24"><span class='ocrx_word' id='word_1_165' title='bbox 100 1907 1014 2082; x_wconf 56' lang='lat' dir='ltr'><strong>titt,ittlttfttdztztttttfflttnit&#39;tt</strong></span> <span class='ocrx_word' id='word_1_166' title='bbox 1026 1907 1162 2080; x_wconf 59' lang='lat' dir='ltr'><strong>itti!</strong></span> 
     </span>
    </p>

    <p class='ocr_par' dir='ltr' id='par_1_3' title="bbox 123 2074 1162 2166">
     <span class='ocr_line' id='line_1_21' title="bbox 123 2074 1162 2166; baseline 0.001 -22"><span class='ocrx_word' id='word_1_167' title='bbox 123 2103 160 2144; x_wconf 87' lang='lat' dir='ltr'><strong>ue</strong></span> <span class='ocrx_word' id='word_1_168' title='bbox 177 2079 364 2144; x_wconf 82' lang='lat' dir='ltr'><strong>Maximum</strong></span> <span class='ocrx_word' id='word_1_169' title='bbox 384 2078 530 2144; x_wconf 84' lang='lat' dir='ltr'><strong>laudibus</strong></span> <span class='ocrx_word' id='word_1_170' title='bbox 544 2079 583 2143; x_wconf 81' lang='lat' dir='ltr'><strong>od</strong></span> <span class='ocrx_word' id='word_1_171' title='bbox 598 2078 712 2144; x_wconf 84' lang='lat' dir='ltr'><strong>coelum</strong></span> <span class='ocrx_word' id='word_1_172' title='bbox 732 2077 823 2144; x_wconf 85' lang='lat' dir='ltr'><strong>ferre.</strong></span> <span class='ocrx_word' id='word_1_173' title='bbox 869 2074 934 2143; x_wconf 84' lang='lat' dir='ltr'><strong>Per</strong></span> <span class='ocrx_word' id='word_1_174' title='bbox 955 2079 1057 2166; x_wconf 82' lang='lat' dir='ltr'><strong>glorie</strong></span> <span class='ocrx_word' id='word_1_175' title='bbox 1076 2080 1162 2165; x_wconf 89' lang='lat' dir='ltr'><strong>apud</strong></span> 
     </span>
    </p>

    <p class='ocr_par' dir='ltr' id='par_1_4' title="bbox 102 2164 1292 2769">
     <span class='ocr_line' id='line_1_22' title="bbox 141 2164 1162 2251; baseline -0.002 -19"><span class='ocrx_word' id='word_1_176' title='bbox 141 2166 324 2232; x_wconf 83' lang='lat' dir='ltr'><strong>annibalem</strong></span> <span class='ocrx_word' id='word_1_177' title='bbox 339 2165 506 2251; x_wconf 81' lang='lat' dir='ltr'><strong>hostesque</strong></span> <span class='ocrx_word' id='word_1_178' title='bbox 523 2165 640 2229; x_wconf 87' lang='lat' dir='ltr'><strong>Poenos</strong></span> <span class='ocrx_word' id='word_1_179' title='bbox 654 2179 739 2230; x_wconf 81' lang='lat' dir='ltr'><strong>eret:</strong></span> <span class='ocrx_word' id='word_1_180' title='bbox 762 2187 799 2230; x_wconf 85' lang='lat' dir='ltr'><strong>nc</strong></span> <span class='ocrx_word' id='word_1_181' title='bbox 810 2176 878 2230; x_wconf 90' lang='lat' dir='ltr'><strong>tum</strong></span> <span class='ocrx_word' id='word_1_182' title='bbox 894 2164 1022 2230; x_wconf 89' lang='lat' dir='ltr'><strong>demum</strong></span> <span class='ocrx_word' id='word_1_183' title='bbox 1034 2167 1162 2246; x_wconf 88' lang='lat' dir='ltr'><strong>sentire,</strong></span> 
     </span>
     <span class='ocr_line' id='line_1_23' title="bbox 102 2250 1292 2338; baseline -0.002 -20"><span class='ocrx_word' id='word_1_184' title='bbox 102 2275 172 2318; x_wconf 87' lang='lat' dir='ltr'><strong>cum</strong></span> <span class='ocrx_word' id='word_1_185' title='bbox 197 2252 355 2318; x_wconf 75' lang='lat' dir='ltr'><strong>Romanis</strong></span> <span class='ocrx_word' id='word_1_186' title='bbox 376 2265 471 2338; x_wconf 82' lang='lat' dir='ltr'><strong>etque</strong></span> <span class='ocrx_word' id='word_1_187' title='bbox 494 2251 526 2314; x_wconf 93' lang='lat' dir='ltr'><strong>in</strong></span> <span class='ocrx_word' id='word_1_188' title='bbox 550 2250 645 2316; x_wconf 83' lang='lat' dir='ltr'><strong>Italis</strong></span> <span class='ocrx_word' id='word_1_189' title='bbox 667 2251 782 2317; x_wconf 91' lang='lat' dir='ltr'><strong>bellum</strong></span> <span class='ocrx_word' id='word_1_190' title='bbox 805 2273 880 2316; x_wconf 83' lang='lat' dir='ltr'><strong>esse.</strong></span> <span class='ocrx_word' id='word_1_191' title='bbox 926 2251 1008 2316; x_wconf 86' lang='lat' dir='ltr'><strong>Nam</strong></span> <span class='ocrx_word' id='word_1_192' title='bbox 1031 2251 1162 2316; x_wconf 90' lang='lat' dir='ltr'><strong>biennio</strong></span> <span class='ocrx_word' id='word_1_193' title='bbox 1287 2319 1292 2332; x_wconf 68' lang='grc'><em>,</em></span> 
     </span>
     <span class='ocr_line' id='line_1_24' title="bbox 103 2337 1161 2423; baseline -0.003 -20"><span class='ocrx_word' id='word_1_194' title='bbox 103 2353 175 2405; x_wconf 83' lang='lat' dir='ltr'><strong>ante</strong></span> <span class='ocrx_word' id='word_1_195' title='bbox 198 2339 282 2404; x_wconf 83' lang='lat' dir='ltr'><strong>adeo</strong></span> <span class='ocrx_word' id='word_1_196' title='bbox 306 2354 337 2402; x_wconf 86' lang='lat' dir='ltr'><strong>et</strong></span> <span class='ocrx_word' id='word_1_197' title='bbox 363 2338 459 2403; x_wconf 86' lang='lat' dir='ltr'><strong>duces</strong></span> <span class='ocrx_word' id='word_1_198' title='bbox 477 2339 639 2402; x_wconf 82' lang='lat' dir='ltr'><strong>Romanos</strong></span> <span class='ocrx_word' id='word_1_199' title='bbox 659 2350 692 2403; x_wconf 87' lang='lat' dir='ltr'><strong>et</strong></span> <span class='ocrx_word' id='word_1_200' title='bbox 715 2337 830 2402; x_wconf 86' lang='lat' dir='ltr'><strong>milites</strong></span> <span class='ocrx_word' id='word_1_201' title='bbox 849 2348 1041 2423; x_wconf 84' lang='lat' dir='ltr'><strong>spreverant,</strong></span> <span class='ocrx_word' id='word_1_202' title='bbox 1057 2339 1161 2401; x_wconf 80' lang='lat' dir='ltr'><strong>utrix</strong></span> 
     </span>
     <span class='ocr_line' id='line_1_25' title="bbox 102 2423 1198 2512; baseline -0.004 -22"><span class='ocrx_word' id='word_1_203' title='bbox 102 2447 170 2490; x_wconf 88' lang='lat' dir='ltr'><strong>cum</strong></span> <span class='ocrx_word' id='word_1_204' title='bbox 193 2425 307 2492; x_wconf 84' lang='lat' dir='ltr'><strong>eudem</strong></span> <span class='ocrx_word' id='word_1_205' title='bbox 332 2439 427 2512; x_wconf 86' lang='lat' dir='ltr'><strong>gente</strong></span> <span class='ocrx_word' id='word_1_206' title='bbox 448 2423 564 2490; x_wconf 89' lang='lat' dir='ltr'><strong>bellum</strong></span> <span class='ocrx_word' id='word_1_207' title='bbox 590 2445 658 2490; x_wconf 89' lang='lat' dir='ltr'><strong>esse</strong></span> <span class='ocrx_word' id='word_1_208' title='bbox 681 2423 855 2501; x_wconf 85' lang='lat' dir='ltr'><strong>crederent,</strong></span> <span class='ocrx_word' id='word_1_209' title='bbox 878 2425 967 2512; x_wconf 90' lang='lat' dir='ltr'><strong>cujus</strong></span> <span class='ocrx_word' id='word_1_210' title='bbox 986 2423 1161 2490; x_wconf 87' lang='lat' dir='ltr'><strong>terribilem</strong></span> <span class='ocrx_word' id='word_1_211' title='bbox 1195 2423 1198 2431; x_wconf 53' lang='lat'><strong>⁴</strong></span> 
     </span>
     <span class='ocr_line' id='line_1_26' title="bbox 103 2509 1162 2597; baseline -0.004 -19"><span class='ocrx_word' id='word_1_212' title='bbox 103 2535 166 2578; x_wconf 86' lang='lat' dir='ltr'><strong>eam</strong></span> <span class='ocrx_word' id='word_1_213' title='bbox 194 2513 313 2576; x_wconf 80' lang='lat' dir='ltr'><strong>famem</strong></span> <span class='ocrx_word' id='word_1_214' title='bbox 340 2533 359 2575; x_wconf 81' lang='lat' dir='ltr'><strong>a</strong></span> <span class='ocrx_word' id='word_1_215' title='bbox 381 2511 524 2596; x_wconf 87' lang='lat' dir='ltr'><strong>patribus</strong></span> <span class='ocrx_word' id='word_1_216' title='bbox 548 2511 749 2594; x_wconf 77' lang='lat' dir='ltr'><strong>accepissent.</strong></span> <span class='ocrx_word' id='word_1_217' title='bbox 795 2509 1011 2578; x_wconf 81' lang='lat' dir='ltr'><strong>Hannibalem</strong></span> <span class='ocrx_word' id='word_1_218' title='bbox 1035 2533 1162 2597; x_wconf 91' lang='lat' dir='ltr'><strong>quoque</strong></span> 
     </span>
     <span class='ocr_line' id='line_1_27' title="bbox 102 2595 1162 2682; baseline -0.003 -18"><span class='ocrx_word' id='word_1_219' title='bbox 102 2621 137 2664; x_wconf 83' lang='lat' dir='ltr'><strong>ex</strong></span> <span class='ocrx_word' id='word_1_220' title='bbox 150 2601 221 2664; x_wconf 83' lang='lat' dir='ltr'><strong>scie</strong></span> <span class='ocrx_word' id='word_1_221' title='bbox 243 2597 427 2662; x_wconf 85' lang='lat' dir='ltr'><strong>redeuntem</strong></span> <span class='ocrx_word' id='word_1_222' title='bbox 449 2597 565 2662; x_wconf 85' lang='lat' dir='ltr'><strong>dixisse</strong></span> <span class='ocrx_word' id='word_1_223' title='bbox 590 2595 706 2673; x_wconf 84' lang='lat' dir='ltr'><strong>ferunt,</strong></span> <span class='ocrx_word' id='word_1_224' title='bbox 730 2598 851 2661; x_wconf 86' lang='lat' dir='ltr'><strong>tandem</strong></span> <span class='ocrx_word' id='word_1_225' title='bbox 875 2619 940 2661; x_wconf 87' lang='lat' dir='ltr'><strong>earn</strong></span> <span class='ocrx_word' id='word_1_226' title='bbox 962 2597 1162 2682; x_wconf 68' lang='lat' dir='ltr'><strong>nubemque:</strong></span> 
     </span>
     <span class='ocr_line' id='line_1_28' title="bbox 103 2683 1160 2769; baseline -0.002 -19"><span class='ocrx_word' id='word_1_227' title='bbox 103 2688 202 2750; x_wconf 85' lang='lat' dir='ltr'><strong>sedere</strong></span> <span class='ocrx_word' id='word_1_228' title='bbox 213 2686 249 2748; x_wconf 89' lang='lat' dir='ltr'><strong>in</strong></span> <span class='ocrx_word' id='word_1_229' title='bbox 253 2683 345 2769; x_wconf 85' lang='lat' dir='ltr'><strong>jugis</strong></span> <span class='ocrx_word' id='word_1_230' title='bbox 354 2685 498 2758; x_wconf 80' lang='lat' dir='ltr'><strong>montium</strong></span> <span class='ocrx_word' id='word_1_231' title='bbox 511 2685 604 2748; x_wconf 83' lang='lat' dir='ltr'><strong>solito</strong></span> <span class='ocrx_word' id='word_1_232' title='bbox 614 2685 666 2759; x_wconf 86' lang='lat' dir='ltr'><strong>sit,</strong></span> <span class='ocrx_word' id='word_1_233' title='bbox 677 2705 741 2747; x_wconf 76' lang='lat' dir='ltr'><strong>nen</strong></span> <span class='ocrx_word' id='word_1_234' title='bbox 750 2685 889 2766; x_wconf 75' lang='lat' dir='ltr'><strong>procelle</strong></span> <span class='ocrx_word' id='word_1_235' title='bbox 899 2685 1160 2755; x_wconf 80' lang='lat' dir='ltr'><strong>inbremdedirse.</strong></span> 
     </span>
    </p>

    <p class='ocr_par' dir='ltr' id='par_1_5' title="bbox 102 2767 1404 3634">
     <span class='ocr_line' id='line_1_29' title="bbox 142 2767 1285 2856; baseline -0.001 -21"><span class='ocrx_word' id='word_1_236' title='bbox 142 2769 284 2836; x_wconf 90' lang='lat' dir='ltr'>XXXI.</span> <span class='ocrx_word' id='word_1_237' title='bbox 307 2769 397 2834; x_wconf 91' lang='lat' dir='ltr'><strong>Dum</strong></span> <span class='ocrx_word' id='word_1_238' title='bbox 413 2769 481 2834; x_wconf 82' lang='lat' dir='ltr'><strong>haeo</strong></span> <span class='ocrx_word' id='word_1_239' title='bbox 492 2781 647 2855; x_wconf 82' lang='lat' dir='ltr'><strong>geruntur</strong></span> <span class='ocrx_word' id='word_1_240' title='bbox 655 2769 688 2833; x_wconf 91' lang='lat' dir='ltr'><strong>in</strong></span> <span class='ocrx_word' id='word_1_241' title='bbox 701 2767 803 2845; x_wconf 87' lang='lat' dir='ltr'><strong>Italia,</strong></span> <span class='ocrx_word' id='word_1_242' title='bbox 815 2769 877 2856; x_wconf 79' lang='lat' dir='ltr'><strong>Cn.</strong></span> <span class='ocrx_word' id='word_1_243' title='bbox 892 2769 1042 2834; x_wconf 87' lang='lat' dir='ltr'><strong>Servilius</strong></span> <span class='ocrx_word' id='word_1_244' title='bbox 1052 2771 1160 2836; x_wconf 89' lang='lat' dir='ltr'><strong>Gemi·</strong></span> <span class='ocrx_word' id='word_1_245' title='bbox 1170 2785 1285 2834; x_wconf 72' lang='lat' dir='ltr'><strong>Servatus</strong></span> 
     </span>
     <span class='ocr_line' id='line_1_30' title="bbox 103 2853 1404 2938; baseline 0 -16"><span class='ocrx_word' id='word_1_246' title='bbox 103 2877 157 2922; x_wconf 88' lang='lat' dir='ltr'><strong>nus</strong></span> <span class='ocrx_word' id='word_1_247' title='bbox 169 2857 284 2922; x_wconf 89' lang='lat' dir='ltr'><strong>consul</strong></span> <span class='ocrx_word' id='word_1_248' title='bbox 298 2855 406 2922; x_wconf 74' lang='lat' dir='ltr'><strong>⁶⁵curn</strong></span> <span class='ocrx_word' id='word_1_249' title='bbox 420 2854 518 2921; x_wconf 77' lang='lat' dir='ltr'><strong>classe</strong></span> <span class='ocrx_word' id='word_1_250' title='bbox 536 2869 667 2921; x_wconf 65' lang='lat' dir='ltr'><strong>,centum</strong></span> <span class='ocrx_word' id='word_1_251' title='bbox 681 2855 794 2938; x_wconf 81' lang='lat' dir='ltr'><strong>viginti</strong></span> <span class='ocrx_word' id='word_1_252' title='bbox 815 2855 953 2933; x_wconf 77' lang='lat' dir='ltr'><strong>norirrm,</strong></span> <span class='ocrx_word' id='word_1_253' title='bbox 969 2857 1160 2932; x_wconf 80' lang='lat' dir='ltr'><strong>circumvec·</strong></span> <span class='ocrx_word' id='word_1_254' title='bbox 1170 2853 1298 2930; x_wconf 72' lang='lat' dir='ltr'><strong>⁰⁰⁸·m⁸,¹⁰</strong></span> <span class='ocrx_word' id='word_1_255' title='bbox 1400 2891 1404 2898; x_wconf 93' lang='lat'>·</span> 
     </span>
     <span class='ocr_line' id='line_1_31' title="bbox 105 2917 1320 3030; baseline 0.002 -24"><span class='ocrx_word' id='word_1_256' title='bbox 105 2956 149 3008; x_wconf 90' lang='lat' dir='ltr'><strong>tus</strong></span> <span class='ocrx_word' id='word_1_257' title='bbox 161 2942 321 3010; x_wconf 82' lang='lat' dir='ltr'><strong>Sardiniae</strong></span> <span class='ocrx_word' id='word_1_258' title='bbox 334 2957 366 3006; x_wconf 89' lang='lat' dir='ltr'><strong>et</strong></span> <span class='ocrx_word' id='word_1_259' title='bbox 382 2942 523 3006; x_wconf 82' lang='lat' dir='ltr'><strong>Coraioae</strong></span> <span class='ocrx_word' id='word_1_260' title='bbox 537 2963 638 3018; x_wconf 80' lang='lat' dir='ltr'><strong>orum,</strong></span> <span class='ocrx_word' id='word_1_261' title='bbox 654 2953 685 3006; x_wconf 89' lang='lat' dir='ltr'><strong>et</strong></span> <span class='ocrx_word' id='word_1_262' title='bbox 699 2939 863 3005; x_wconf 85' lang='lat' dir='ltr'><strong>obsidibus</strong></span> <span class='ocrx_word' id='word_1_263' title='bbox 878 2943 1036 3028; x_wconf 89' lang='lat' dir='ltr'><strong>utrimque</strong></span> <span class='ocrx_word' id='word_1_264' title='bbox 1050 2963 1158 3030; x_wconf 87' lang='lat' dir='ltr'><strong>accep·</strong></span> <span class='ocrx_word' id='word_1_265' title='bbox 1168 2917 1320 3028; x_wconf 47' lang='lat' dir='ltr'><strong>mun</strong></span> 
     </span>
     <span class='ocr_line' id='line_1_32' title="bbox 105 3027 1158 3114; baseline 0.003 -21"><span class='ocrx_word' id='word_1_266' title='bbox 105 3031 149 3108; x_wconf 87' lang='lat' dir='ltr'><strong>tis,</strong></span> <span class='ocrx_word' id='word_1_267' title='bbox 171 3031 206 3093; x_wconf 90' lang='lat' dir='ltr'><strong>in</strong></span> <span class='ocrx_word' id='word_1_268' title='bbox 231 3027 371 3094; x_wconf 72' lang='lat' dir='ltr'><strong>Africam</strong></span> <span class='ocrx_word' id='word_1_269' title='bbox 394 3027 581 3092; x_wconf 81' lang='lat' dir='ltr'><strong>transmisit:</strong></span> <span class='ocrx_word' id='word_1_270' title='bbox 611 3038 652 3103; x_wconf 86' lang='lat' dir='ltr'><strong>et,</strong></span> <span class='ocrx_word' id='word_1_271' title='bbox 675 3027 859 3114; x_wconf 87' lang='lat' dir='ltr'><strong>priusquam</strong></span> <span class='ocrx_word' id='word_1_272' title='bbox 885 3029 918 3092; x_wconf 90' lang='lat' dir='ltr'><strong>in</strong></span> <span class='ocrx_word' id='word_1_273' title='bbox 944 3029 1158 3096; x_wconf 89' lang='lat' dir='ltr'><strong>continentem</strong></span> 
     </span>
     <span class='ocr_line' id='line_1_33' title="bbox 104 3112 1263 3202; baseline -0.002 -24"><span class='ocrx_word' id='word_1_274' title='bbox 104 3114 319 3180; x_wconf 79' lang='lat' dir='ltr'><strong>exscensiones</strong></span> <span class='ocrx_word' id='word_1_275' title='bbox 343 3114 471 3192; x_wconf 84' lang='lat' dir='ltr'><strong>feceret,</strong></span> <span class='ocrx_word' id='word_1_276' title='bbox 498 3112 650 3202; x_wconf 75' lang='lat' dir='ltr'><strong>Menige&#39;</strong></span> <span class='ocrx_word' id='word_1_277' title='bbox 669 3112 771 3178; x_wconf 87' lang='lat' dir='ltr'><strong>insula</strong></span> <span class='ocrx_word' id='word_1_278' title='bbox 793 3125 924 3194; x_wconf 78' lang='lat' dir='ltr'><strong>vastata,</strong></span> <span class='ocrx_word' id='word_1_279' title='bbox 951 3127 983 3180; x_wconf 89' lang='lat' dir='ltr'><strong>et</strong></span> <span class='ocrx_word' id='word_1_280' title='bbox 1005 3116 1046 3181; x_wconf 87' lang='lat' dir='ltr'><strong>nb</strong></span> <span class='ocrx_word' id='word_1_281' title='bbox 1070 3117 1159 3182; x_wconf 90' lang='lat' dir='ltr'><strong>inco-</strong></span> <span class='ocrx_word' id='word_1_282' title='bbox 1260 3169 1263 3176; x_wconf 29' lang='lat'><strong>⁴</strong></span> 
     </span>
     <span class='ocr_line' id='line_1_34' title="bbox 103 3199 1160 3290; baseline 0.003 -24"><span class='ocrx_word' id='word_1_283' title='bbox 103 3200 240 3268; x_wconf 85' lang='lat' dir='ltr'><strong>lentibus</strong></span> <span class='ocrx_word' id='word_1_284' title='bbox 257 3199 436 3278; x_wconf 80' lang='lat' dir='ltr'><strong>Octobrem,</strong></span> <span class='ocrx_word' id='word_1_285' title='bbox 452 3222 493 3265; x_wconf 88' lang='lat' dir='ltr'><strong>ne</strong></span> <span class='ocrx_word' id='word_1_286' title='bbox 514 3211 546 3265; x_wconf 93' lang='lat' dir='ltr'><strong>et</strong></span> <span class='ocrx_word' id='word_1_287' title='bbox 567 3200 710 3285; x_wconf 87' lang='lat' dir='ltr'><strong>ipsorum</strong></span> <span class='ocrx_word' id='word_1_288' title='bbox 736 3215 881 3266; x_wconf 85' lang='lat' dir='ltr'><strong>ureretur</strong></span> <span class='ocrx_word' id='word_1_289' title='bbox 905 3200 1160 3290; x_wconf 85' lang='lat' dir='ltr'><strong>diripereturque</strong></span> 
     </span>
     <span class='ocr_line' id='line_1_35' title="bbox 103 3285 1159 3388; baseline 0.003 -36"><span class='ocrx_word' id='word_1_290' title='bbox 103 3310 183 3378; x_wconf 81' lang='lat' dir='ltr'><strong>ager,</strong></span> <span class='ocrx_word' id='word_1_291' title='bbox 198 3286 347 3352; x_wconf 69' lang='lat' dir='ltr'><strong>“decem</strong></span> <span class='ocrx_word' id='word_1_292' title='bbox 361 3285 485 3352; x_wconf 87' lang='lat' dir='ltr'><strong>talentis</strong></span> <span class='ocrx_word' id='word_1_293' title='bbox 500 3286 624 3388; x_wconf 73' lang='lat' dir='ltr'><strong>argenti</strong></span> <span class='ocrx_word' id='word_1_294' title='bbox 645 3286 792 3372; x_wconf 86' lang='lat' dir='ltr'><strong>sooeptia,</strong></span> <span class='ocrx_word' id='word_1_295' title='bbox 808 3287 848 3351; x_wconf 86' lang='lat' dir='ltr'><strong>ad</strong></span> <span class='ocrx_word' id='word_1_296' title='bbox 861 3286 956 3352; x_wconf 83' lang='lat' dir='ltr'><strong>litore</strong></span> <span class='ocrx_word' id='word_1_297' title='bbox 969 3286 1087 3353; x_wconf 82' lang='lat' dir='ltr'><strong>Afficae</strong></span> <span class='ocrx_word' id='word_1_298' title='bbox 1106 3313 1159 3355; x_wconf 88' lang='lat' dir='ltr'><strong>ac·</strong></span> 
     </span>
     <span class='ocr_line' id='line_1_36' title="bbox 103 3371 1158 3462; baseline -0.002 -22"><span class='ocrx_word' id='word_1_299' title='bbox 103 3375 202 3452; x_wconf 86' lang='lat' dir='ltr'><strong>cessit,</strong></span> <span class='ocrx_word' id='word_1_300' title='bbox 230 3373 401 3460; x_wconf 84' lang='lat' dir='ltr'><strong>copiasque</strong></span> <span class='ocrx_word' id='word_1_301' title='bbox 423 3386 578 3457; x_wconf 85' lang='lat' dir='ltr'><strong>exposmt.</strong></span> <span class='ocrx_word' id='word_1_302' title='bbox 623 3371 706 3437; x_wconf 91' lang='lat' dir='ltr'><strong>Inde</strong></span> <span class='ocrx_word' id='word_1_303' title='bbox 733 3373 774 3438; x_wconf 87' lang='lat' dir='ltr'><strong>sd</strong></span> <span class='ocrx_word' id='word_1_304' title='bbox 799 3371 1019 3460; x_wconf 86' lang='lat' dir='ltr'><strong>populandum</strong></span> <span class='ocrx_word' id='word_1_305' title='bbox 1045 3397 1158 3462; x_wconf 77' lang='lat' dir='ltr'><strong>agrum</strong></span> 
     </span>
     <span class='ocr_line' id='line_1_37' title="bbox 102 3457 1159 3610; baseline -0.002 -85"><span class='ocrx_word' id='word_1_306' title='bbox 102 3461 186 3528; x_wconf 85' lang='lat' dir='ltr'><strong>ducti</strong></span> <span class='ocrx_word' id='word_1_307' title='bbox 201 3458 330 3536; x_wconf 88' lang='lat' dir='ltr'><strong>milites,</strong></span> <span class='ocrx_word' id='word_1_308' title='bbox 345 3457 534 3610; x_wconf 58' lang='lat' dir='ltr'><strong>”mlfflue</strong></span> <span class='ocrx_word' id='word_1_309' title='bbox 547 3459 622 3524; x_wconf 87' lang='lat' dir='ltr'><strong>socii</strong></span> <span class='ocrx_word' id='word_1_310' title='bbox 640 3460 737 3544; x_wconf 85' lang='lat' dir='ltr'><strong>juxte</strong></span> <span class='ocrx_word' id='word_1_311' title='bbox 750 3459 850 3538; x_wconf 87' lang='lat' dir='ltr'><strong>effusi,</strong></span> <span class='ocrx_word' id='word_1_312' title='bbox 866 3482 904 3524; x_wconf 85' lang='lat' dir='ltr'><strong>ac</strong></span> <span class='ocrx_word' id='word_1_313' title='bbox 922 3460 948 3524; x_wconf 87' lang='lat' dir='ltr'><strong>si</strong></span> <span class='ocrx_word' id='word_1_314' title='bbox 961 3459 1072 3524; x_wconf 88' lang='lat' dir='ltr'><strong>insulis</strong></span> <span class='ocrx_word' id='word_1_315' title='bbox 1093 3459 1159 3525; x_wconf 90' lang='lat' dir='ltr'><strong>oul-</strong></span> 
     </span>
     <span class='ocr_line' id='line_1_38' title="bbox 102 3545 1162 3634; baseline 0.002 -20"><span class='ocrx_word' id='word_1_316' title='bbox 102 3561 204 3614; x_wconf 89' lang='lat' dir='ltr'><strong>torum</strong></span> <span class='ocrx_word' id='word_1_317' title='bbox 219 3545 386 3634; x_wconf 82' lang='lat' dir='ltr'><strong>egentibus</strong></span> <span class='ocrx_word' id='word_1_318' title='bbox 399 3567 439 3630; x_wconf 91' lang='lat' dir='ltr'><strong>pr</strong></span> <span class='ocrx_word' id='word_1_319' title='bbox 490 3557 630 3611; x_wconf 85' lang='lat' dir='ltr'><strong>urentur.</strong></span> <span class='ocrx_word' id='word_1_320' title='bbox 651 3545 758 3634; x_wconf 87' lang='lat' dir='ltr'><strong>itsque</strong></span> <span class='ocrx_word' id='word_1_321' title='bbox 768 3545 801 3610; x_wconf 90' lang='lat' dir='ltr'><strong>in</strong></span> <span class='ocrx_word' id='word_1_322' title='bbox 813 3545 940 3611; x_wconf 84' lang='lat' dir='ltr'><strong>insidias</strong></span> <span class='ocrx_word' id='word_1_323' title='bbox 951 3558 1069 3611; x_wconf 86' lang='lat' dir='ltr'><strong>temere</strong></span> <span class='ocrx_word' id='word_1_324' title='bbox 1079 3545 1162 3616; x_wconf 88' lang='lat' dir='ltr'><strong>inla·.</strong></span> 
     </span>
    </p>
   </div>
   <div class='ocr_carea' id='block_1_3' title="bbox 327 3681 933 3745">
    <p class='ocr_par' dir='ltr' id='par_1_6' title="bbox 327 3681 933 3745">
     <span class='ocr_line' id='line_1_39' title="bbox 327 3681 933 3745; baseline 0.007 -17"><span class='ocrx_word' id='word_1_325' title='bbox 327 3681 498 3743; x_wconf 69' lang='lat' dir='ltr'><strong>tvulthron.</strong></span> <span class='ocrx_word' id='word_1_326' title='bbox 629 3681 767 3745; x_wconf 66' lang='lat' dir='ltr'><strong>‘Meninge</strong></span> <span class='ocrx_word' id='word_1_327' title='bbox 776 3683 852 3732; x_wconf 79' lang='lat' dir='ltr'><strong>Gron.</strong></span> <span class='ocrx_word' id='word_1_328' title='bbox 863 3683 933 3732; x_wconf 77' lang='lat' dir='ltr'><strong>Cret.</strong></span> 
     </span>
    </p>
   </div>
   <div class='ocr_carea' id='block_1_4' title="bbox 99 3831 1161 4090">
    <p class='ocr_par' dir='ltr' id='par_1_7' title="bbox 99 3831 1161 4090">
     <span class='ocr_line' id='line_1_40' title="bbox 131 3831 709 3894; baseline -0.002 -12"><span class='ocrx_word' id='word_1_329' title='bbox 131 3833 163 3882; x_wconf 73' lang='grc'><strong>58</strong></span> <span class='ocrx_word' id='word_1_330' title='bbox 177 3831 227 3879; x_wconf 80' lang='lat' dir='ltr'><strong>Me</strong></span> <span class='ocrx_word' id='word_1_331' title='bbox 254 3831 418 3894; x_wconf 74' lang='lat' dir='ltr'><strong>magisterium</strong></span> <span class='ocrx_word' id='word_1_332' title='bbox 439 3832 552 3892; x_wconf 64' lang='lat' dir='ltr'><strong>mtrem,</strong></span> <span class='ocrx_word' id='word_1_333' title='bbox 572 3831 614 3880; x_wconf 81' lang='lat' dir='ltr'><strong>isos</strong></span> <span class='ocrx_word' id='word_1_334' title='bbox 645 3846 709 3881; x_wconf 88' lang='lat' dir='ltr'><strong>mus.</strong></span> 
     </span>
     <span class='ocr_line' id='line_1_41' title="bbox 100 3893 1160 3962; baseline 0.007 -20"><span class='ocrx_word' id='word_1_335' title='bbox 100 3900 187 3946; x_wconf 73' lang='lat' dir='ltr'><strong>erasm</strong></span> <span class='ocrx_word' id='word_1_336' title='bbox 214 3909 268 3943; x_wconf 77' lang='lat' dir='ltr'><strong>seer</strong></span> <span class='ocrx_word' id='word_1_337' title='bbox 292 3908 402 3958; x_wconf 77' lang='lat' dir='ltr'><strong>quemque</strong></span> <span class='ocrx_word' id='word_1_338' title='bbox 427 3893 513 3958; x_wconf 75' lang='lat' dir='ltr'><strong>terrm]</strong></span> <span class='ocrx_word' id='word_1_339' title='bbox 542 3897 614 3944; x_wconf 81' lang='lat' dir='ltr'><strong>Hane</strong></span> <span class='ocrx_word' id='word_1_340' title='bbox 677 3897 711 3946; x_wconf 77' lang='lat'><strong>65</strong></span> <span class='ocrx_word' id='word_1_341' title='bbox 730 3897 792 3945; x_wconf 77' lang='lat' dir='ltr'><strong>uum</strong></span> <span class='ocrx_word' id='word_1_342' title='bbox 812 3897 881 3946; x_wconf 79' lang='lat' dir='ltr'><strong>darre</strong></span> <span class='ocrx_word' id='word_1_343' title='bbox 903 3901 993 3946; x_wconf 72' lang='lat' dir='ltr'><strong>netum</strong></span> <span class='ocrx_word' id='word_1_344' title='bbox 1013 3899 1102 3962; x_wconf 76' lang='lat' dir='ltr'><strong>rtgtntt</strong></span> <span class='ocrx_word' id='word_1_345' title='bbox 1117 3917 1160 3950; x_wconf 84' lang='lat' dir='ltr'><strong>nn·</strong></span> 
     </span>
     <span class='ocr_line' id='line_1_42' title="bbox 99 3959 1161 4026; baseline 0.006 -17"><span class='ocrx_word' id='word_1_346' title='bbox 99 3963 227 4010; x_wconf 80' lang='lat' dir='ltr'><strong>lectionem</strong></span> <span class='ocrx_word' id='word_1_347' title='bbox 241 3961 357 4007; x_wconf 75' lang='lat' dir='ltr'><strong>formavit</strong></span> <span class='ocrx_word' id='word_1_348' title='bbox 368 3959 617 4024; x_wconf 79' lang='lat' dir='ltr'><strong>Gronoviussserip·</strong></span> <span class='ocrx_word' id='word_1_349' title='bbox 645 3960 723 4025; x_wconf 74' lang='lat' dir='ltr'><strong>mum]</strong></span> <span class='ocrx_word' id='word_1_350' title='bbox 747 3961 849 4009; x_wconf 78' lang='lat' dir='ltr'><strong>Addidit</strong></span> <span class='ocrx_word' id='word_1_351' title='bbox 864 3976 994 4010; x_wconf 89' lang='lat' dir='ltr'><strong>numerum</strong></span> <span class='ocrx_word' id='word_1_352' title='bbox 1013 3964 1112 4026; x_wconf 83' lang='lat' dir='ltr'><strong>Lipsius</strong></span> <span class='ocrx_word' id='word_1_353' title='bbox 1129 3981 1161 4015; x_wconf 85' lang='lat' dir='ltr'><strong>ex</strong></span> 
     </span>
     <span class='ocr_line' id='line_1_43' title="bbox 102 4023 1160 4090; baseline 0.006 -17"><span class='ocrx_word' id='word_1_354' title='bbox 102 4028 130 4073; x_wconf 87' lang='lat' dir='ltr'><strong>tis</strong></span> <span class='ocrx_word' id='word_1_355' title='bbox 157 4023 265 4090; x_wconf 77' lang='lat' dir='ltr'><strong>adjutus</strong></span> <span class='ocrx_word' id='word_1_356' title='bbox 298 4024 393 4075; x_wconf 66' lang='lat' dir='ltr'><strong>Amce:</strong></span> <span class='ocrx_word' id='word_1_357' title='bbox 415 4039 452 4072; x_wconf 76' lang='lat' dir='ltr'><strong>mc</strong></span> <span class='ocrx_word' id='word_1_358' title='bbox 472 4025 614 4086; x_wconf 66' lang='lat' dir='ltr'><strong>magunum</strong></span> <span class='ocrx_word' id='word_1_359' title='bbox 646 4025 755 4087; x_wconf 82' lang='lat' dir='ltr'><strong>Polybio.</strong></span> <span class='ocrx_word' id='word_1_360' title='bbox 788 4025 869 4082; x_wconf 88' lang='lat' dir='ltr'><strong>Idem,</strong></span> <span class='ocrx_word' id='word_1_361' title='bbox 894 4029 979 4075; x_wconf 87' lang='lat' dir='ltr'><strong>eodem</strong></span> <span class='ocrx_word' id='word_1_362' title='bbox 1001 4037 1107 4087; x_wconf 69' lang='lat' dir='ltr'><strong>audone,</strong></span> <span class='ocrx_word' id='word_1_363' title='bbox 1134 4032 1160 4078; x_wconf 90' lang='lat' dir='ltr'><strong>in</strong></span> 
     </span>
    </p>
   </div>
   <div class='ocr_carea' id='block_1_5' title="bbox 102 4088 1160 4407">
    <p class='ocr_par' dir='ltr' id='par_1_8' title="bbox 102 4088 1160 4154">
     <span class='ocr_line' id='line_1_44' title="bbox 102 4088 1160 4154; baseline 0.005 -17"><span class='ocrx_word' id='word_1_364' title='bbox 102 4093 211 4154; x_wconf 82' lang='lat' dir='ltr'><strong>eqsttuns,</strong></span> <span class='ocrx_word' id='word_1_365' title='bbox 233 4089 275 4136; x_wconf 73' lang='lat' dir='ltr'><strong>nos</strong></span> <span class='ocrx_word' id='word_1_366' title='bbox 295 4088 415 4136; x_wconf 72' lang='lat' dir='ltr'><strong>ordinttm</strong></span> <span class='ocrx_word' id='word_1_367' title='bbox 436 4089 486 4136; x_wconf 80' lang='lat' dir='ltr'><strong>suis</strong></span> <span class='ocrx_word' id='word_1_368' title='bbox 506 4101 615 4151; x_wconf 73' lang='lat' dir='ltr'><strong>quemque</strong></span> <span class='ocrx_word' id='word_1_369' title='bbox 646 4091 676 4137; x_wconf 86' lang='lat' dir='ltr'><strong>ils</strong></span> <span class='ocrx_word' id='word_1_370' title='bbox 697 4105 753 4152; x_wconf 78' lang='lat' dir='ltr'><strong>quse</strong></span> <span class='ocrx_word' id='word_1_371' title='bbox 772 4099 917 4151; x_wconf 84' lang='lat' dir='ltr'><strong>sequuntur,</strong></span> <span class='ocrx_word' id='word_1_372' title='bbox 938 4095 1076 4141; x_wconf 86' lang='lat' dir='ltr'><strong>emendavit</strong></span> <span class='ocrx_word' id='word_1_373' title='bbox 1098 4097 1160 4143; x_wconf 84' lang='lat' dir='ltr'><strong>ineo·</strong></span> 
     </span>
    </p>

    <p class='ocr_par' dir='ltr' id='par_1_9' title="bbox 103 4153 1160 4281">
     <span class='ocr_line' id='line_1_45' title="bbox 103 4153 1160 4218; baseline 0.013 -25"><span class='ocrx_word' id='word_1_374' title='bbox 103 4157 177 4203; x_wconf 63' lang='lat' dir='ltr'><strong>tm&#39;.</strong></span> <span class='ocrx_word' id='word_1_375' title='bbox 646 4153 872 4202; x_wconf 63' lang='lat' dir='ltr'><strong>monacensem</strong></span> <span class='ocrx_word' id='word_1_376' title='bbox 886 4171 931 4218; x_wconf 91' lang='lat' dir='ltr'><strong>pro</strong></span> <span class='ocrx_word' id='word_1_377' title='bbox 942 4157 1088 4206; x_wconf 77' lang='lat' dir='ltr'><strong>incolentibus</strong></span> <span class='ocrx_word' id='word_1_378' title='bbox 1098 4162 1160 4207; x_wconf 79' lang='lat' dir='ltr'><strong>sirco</strong></span> 
     </span>
     <span class='ocr_line' id='line_1_46' title="bbox 131 4217 704 4281; baseline 0 -14"><span class='ocrx_word' id='word_1_379' title='bbox 131 4219 163 4267; x_wconf 78' lang='grc'><strong>54</strong></span> <span class='ocrx_word' id='word_1_380' title='bbox 180 4219 257 4275; x_wconf 73' lang='lat' dir='ltr'><strong>Quane</strong></span> <span class='ocrx_word' id='word_1_381' title='bbox 282 4218 355 4280; x_wconf 73' lang='lat' dir='ltr'><strong>vulgu</strong></span> <span class='ocrx_word' id='word_1_382' title='bbox 370 4217 498 4281; x_wconf 62' lang='lat' dir='ltr'><strong>militurn]</strong></span> <span class='ocrx_word' id='word_1_383' title='bbox 522 4217 616 4266; x_wconf 88' lang='lat' dir='ltr'><strong>Grono·</strong></span> <span class='ocrx_word' id='word_1_384' title='bbox 646 4231 704 4267; x_wconf 82' lang='lat' dir='ltr'><strong>sont.</strong></span> 
     </span>
    </p>

    <p class='ocr_par' dir='ltr' id='par_1_10' title="bbox 104 4283 1160 4352">
     <span class='ocr_line' id='line_1_47' title="bbox 104 4283 1160 4352; baseline 0.009 -26"><span class='ocrx_word' id='word_1_385' title='bbox 104 4285 153 4330; x_wconf 77' lang='lat' dir='ltr'><strong>vius</strong></span> <span class='ocrx_word' id='word_1_386' title='bbox 163 4285 250 4332; x_wconf 80' lang='lat' dir='ltr'><strong>nmluit</strong></span> <span class='ocrx_word' id='word_1_387' title='bbox 261 4283 339 4345; x_wconf 61' lang='lat' dir='ltr'><strong>vent,</strong></span> <span class='ocrx_word' id='word_1_388' title='bbox 352 4283 418 4330; x_wconf 84' lang='lat' dir='ltr'><strong>nulls</strong></span> <span class='ocrx_word' id='word_1_389' title='bbox 429 4283 488 4328; x_wconf 85' lang='lat' dir='ltr'><strong>satis</strong></span> <span class='ocrx_word' id='word_1_390' title='bbox 499 4283 615 4342; x_wconf 76' lang='lat' dir='ltr'><strong>probabili</strong></span> <span class='ocrx_word' id='word_1_391' title='bbox 678 4283 710 4331; x_wconf 79' lang='lat'><strong>56</strong></span> <span class='ocrx_word' id='word_1_392' title='bbox 726 4283 813 4330; x_wconf 76' lang='lat' dir='ltr'><strong>Decem</strong></span> <span class='ocrx_word' id='word_1_393' title='bbox 831 4287 925 4348; x_wconf 75' lang='lat' dir='ltr'><strong>argenti</strong></span> <span class='ocrx_word' id='word_1_394' title='bbox 940 4285 1043 4352; x_wconf 61' lang='lat' dir='ltr'><strong>uentis]</strong></span> <span class='ocrx_word' id='word_1_395' title='bbox 1068 4287 1160 4338; x_wconf 82' lang='lat' dir='ltr'><strong>Marcis</strong></span> 
     </span>
    </p>

    <p class='ocr_par' dir='ltr' id='par_1_11' title="bbox 105 4344 1020 4407">
     <span class='ocr_line' id='line_1_48' title="bbox 105 4344 1020 4407; baseline 0.003 -14"><span class='ocrx_word' id='word_1_396' title='bbox 105 4348 132 4394; x_wconf 89' lang='lat' dir='ltr'><strong>dc</strong></span> <span class='ocrx_word' id='word_1_397' title='bbox 154 4361 232 4397; x_wconf 77' lang='lat' dir='ltr'><strong>causa.</strong></span> <span class='ocrx_word' id='word_1_398' title='bbox 266 4347 321 4396; x_wconf 82' lang='lat' dir='ltr'><strong>Nos</strong></span> <span class='ocrx_word' id='word_1_399' title='bbox 342 4347 472 4407; x_wconf 80' lang='lat' dir='ltr'><strong>ann’quum</strong></span> <span class='ocrx_word' id='word_1_400' title='bbox 495 4347 615 4395; x_wconf 71' lang='lat' dir='ltr'><strong>meoneti-</strong></span> <span class='ocrx_word' id='word_1_401' title='bbox 646 4349 793 4396; x_wconf 82' lang='lat' dir='ltr'><strong>nostratibus</strong></span> <span class='ocrx_word' id='word_1_402' title='bbox 803 4347 858 4397; x_wconf 78' lang='lat' dir='ltr'><strong>ost.</strong></span> <span class='ocrx_word' id='word_1_403' title='bbox 870 4344 982 4397; x_wconf 64' lang='lat' dir='ltr'><strong>unciislt</strong></span> <span class='ocrx_word' id='word_1_404' title='bbox 1017 4379 1020 4388; x_wconf 88' lang='lat'>.</span> 
     </span>
    </p>
   </div>
   <div class='ocr_carea' id='block_1_6' title="bbox 0 0 1523 4972">
    <p class='ocr_par' dir='ltr' id='par_1_12' title="bbox 0 0 1523 4972">
     <span class='ocr_line' id='line_1_49' title="bbox 0 0 1523 4972; baseline 0 0"><span class='ocrx_word' id='word_1_405' title='bbox 0 0 1523 4972; x_wconf 95' lang='lat' dir='ltr'><strong> </strong></span> 
     </span>
    </p>
   </div>
  </div>
 </body>
</html>
