3060 4960
320 145 381 207 524
669 181 673 190 .
713 139 989 208 Tl'rl-Ltvn

157 333 226 380 uc
237 331 293 382 aaa
318 311 439 397 nuptiis
453 309 651 377 statuendum
668 310 750 398 (jam
765 309 850 376 euim
865 323 898 376 et
918 309 1037 396 nubilis
1055 321 1123 378 erat
1136 312 1241 403 virgo)
1255 311 1379 400 proiec-

156 399 188 448 Α
198 399 225 445 ⁰·
237 397 294 448 ²⁰⁴·
317 410 369 464 tus
385 397 584 476 Hasdrubal,
598 411 635 462 ut
649 413 814 463 accensum
837 397 1011 484 cupiditate
1025 401 1071 484 (et
1087 412 1249 466 ructante
1266 423 1378 465 omnes

319 485 472 550 Numidae
496 485 648 550 barbaros
669 483 759 550 effusi
783 484 816 548 in
842 485 1015 565 Veneram)
1031 485 1137 568 sensit,
1157 485 1310 572 virginem
1336 486 1379 552 ab

319 565 519 660 Karthagine
546 571 682 649 arcessit,
711 581 910 658 maturatque
938 571 1084 656 nuptiast
1116 585 1149 638 et
1171 573 1254 638 inter
1281 572 1377 638 aliam

316 659 571 744 gratulationem,
586 671 623 723 ut
643 656 806 743 publicum
822 679 950 744 quoque
964 657 1067 724 ioedus
1088 659 1213 746 privato
1227 657 1379 748 adjicere-

317 757 381 824 tur,
410 744 544 809 societas
572 745 655 809 iuter
682 743 839 830 populum
869 743 1167 832 Karthaginiensem
1198 767 1379 836 regemque,

317 831 394 895 data
415 830 501 895 ultro
519 832 663 918 citroque
685 831 758 912 fide,
776 829 902 895 eosdem
922 832 1043 897 amicos
1062 832 1206 898 inimicos
1230 855 1270 898 ue
1286 831 1379 897 habi·

317 931 415 996 turos,
425 918 637 1004 jurejurando
650 915 846 982 adfirmatur.
883 916 1033 983 Ceterum
1048 855 1243 998 Hasdrubii,
1255 939 1380 984 memor

316 1016 435 1068 etcum
452 1003 601 1090 Scipione
621 1003 710 1068 initia
727 1005 796 1106 regi
816 1001 984 1086 societatis,
1006 1015 1038 1070 et
1051 1027 1146 1094 quam
1161 1027 1241 1071 vana
1260 1018 1291 1071 et
1306 1027 1379 1070 mu·

317 1090 426 1156 tabilia
448 1089 657 1156 barbarorum
675 1091 802 1178 ingenia
823 1104 935 1170 essent,
951 1091 1078 1170 veritus,
1100 1113 1153 1171 ne,
1171 1094 1197 1157 si
1218 1093 1379 1178 trajiceret

316 1178 350 1240 in
366 1176 507 1243 Africam
525 1178 644 1264 Scipio,
655 1198 789 1263 parvum
800 1177 962 1242 vinculum
973 1199 1020 1242 eae
1033 1179 1157 1264 nuptiae
1170 1194 1286 1256 essent,
1298 1179 1378 1244 dum

316 1285 484 1350 accensum
505 1264 625 1328 recenti
646 1285 754 1328 amore
769 1262 941 1328 Numidam
958 1264 1064 1344 habet,
1080 1264 1236 1366 perpellit,
1251 1264 1379 1330 blandi-

154 1361 297 1437 snpiania·
315 1351 367 1414 tiis
382 1371 510 1438 quoque
522 1349 639 1435 puellae
661 1349 821 1427 adhibitis,
838 1362 873 1416 ut
893 1350 1013 1437 legatos
1034 1351 1069 1416 in
1085 1352 1224 1417 Siciliam
1247 1353 1289 1417 ad
1306 1352 1377 1418 Sci-

154 1425 287 1539 Μῑῑζῗί
315 1437 444 1523 pionem
458 1436 573 1514 mittat,
588 1457 646 1522 per
660 1456 739 1524 quos
755 1449 882 1502 moneat
896 1457 978 1516 eum,
995 1437 1046 1502 Ne
1054 1440 1214 1522 prioribus
1226 1440 1289 1504 auis
1297 1461 1377 1523 pro-

152 1503 230 1538 anun
254 1505 268 1537 ³
314 1525 522 1609 missisfretus
536 1526 571 1587 in
582 1523 723 1608 africam
738 1522 888 1607 trajiciat.
923 1525 963 1590 Se
976 1534 1007 1588 et
1016 1527 1135 1609 nuptiis
1147 1527 1224 1590 cinis
1237 1525 1379 1590 Kartha-

310 1611 563 1695 giniensis,filiae
576 1610 798 1687 Hasdrubalis,
813 1631 898 1698 quem
912 1611 1026 1675 uiderit
1039 1614 1126 1696 apud
1137 1634 1169 1676 se
1182 1613 1217 1676 in
1231 1612 1376 1694 bospitio,

314 1707 345 1761 et
418 1698 478 1760 lico
492 1697 584 1760 etiam
593 1697 719 1782 foedne
739 1718 804 1759 nens
817 1699 935 1780 populo
948 1698 1210 1784 Karthaginiensi
1222 1697 1375 1784 junctius.

309 1783 340 1824 ²⁰
372 1783 483 1866 piare
490 1784 636 1867 primurn,
651 1792 686 1847 nt
702 1784 813 1866 procul
825 1783 865 1846 ab
882 1781 1008 1868 Africa,
1022 1786 1101 1850 sinat
1114 1783 1213 1850 adbuc
1220 1787 1374 1870 fecerim,

313 1871 421 1934 belluni
435 1867 573 1934 Remtaru
581 1891 646 1934 cum
655 1869 969 1954 Karthaginiensibus
977 1880 1101 1958 gerant,
1113 1893 1153 1936 ne
1161 1871 1224 1936 sibi
1234 1872 1378 1936 interesse

292 2029 295 2046 Ι
313 1957 529 2022 certaminibus
543 1977 654 2034 eonem,
670 1976 816 2040 annaque
828 1965 885 2020 aut
897 1956 971 2035 bac,
983 1965 1038 2022 aiat
1051 1959 1119 2037 illo,
1135 1957 1314 2022 abnuentem
1328 1959 1378 2022 al-

312 2054 409 2107 teram
424 2044 605 2120 societaten,
620 2044 706 2130 sequti
726 2060 841 2107 maesse
861 2043 913 2109 sit.
959 2043 996 2107 Si
1015 2065 1077 2108 non
1090 2044 1244 2109 abstineat
1258 2044 1376 2130 Africa

312 2131 427 2214 Scipio,
449 2140 480 2194 et
495 2131 691 2215 Karthagini
711 2131 874 2194 euerritunt
896 2131 1066 2211 admovea,
1091 2131 1152 2195 sibi
1175 2133 1376 2199 necessarium

300 2218 388 2302 seire,
405 2227 435 2281 et
442 2237 506 2300 pro
519 2227 606 2281 terra
620 2215 744 2304 Astica,
760 2218 794 2280 in
809 2237 870 2300 qua
884 2225 914 2280 et
927 2217 993 2300 ipse
1005 2219 1048 2282 sit
1082 2219 1189 2294 enitar,
1201 2227 1232 2282 rt
1239 2239 1303 2301 pro
1310 2239 1375 2302 pa·

311 2305 377 2368 tria
390 2301 528 2389 confingis
541 2321 613 2380 sue,
624 2323 743 2388 proque
747 2311 885 2452 parcite
898 2323 935 2365 ac
944 2305 1057 2386 penati
1123 2305 1278 2368 dimicare.

331 2421 334 2428 ¹
355 2387 487 2454 XXIV.
512 2390 595 2454 Cum
609 2387 658 2454 bis
672 2409 746 2454 man
771 2388 830 2453 atis
851 2388 893 2452 ab
915 2409 989 2478 rege
1010 2389 1105 2477 legati
1128 2387 1168 2454 ad
1192 2390 1374 2476 Scipionem

312 2475 409 2552 missi,
424 2475 587 2562 Syracusis
598 2497 670 2540 eum
682 2482 907 2540 conuenerunt.
945 2475 1062 2562 Scipio,
1079 2497 1270 2564 quamquam
1284 2497 1374 2565 mag-

312 2583 357 2626 no
367 2575 530 2626 momento
544 2583 651 2627 rerum
662 2564 696 2626 in
708 2559 814 2626 Africa
827 2561 1037 2650 gerendarum
1049 2583 1227 2650 magnaque
1237 2585 1293 2650 spe
1303 2562 1374 2627 des·

314 2648 427 2714 titutus
447 2660 525 2725 erat,
552 2647 662 2734 legatis
683 2669 827 2734 propere,
848 2647 1030 2736 priusquam
1051 2669 1099 2712 res
1113 2649 1304 2738 vulgaretur,
1324 2670 1375 2714 re·

313 2735 418 2800 missis
431 2733 465 2799 iu
482 2732 634 2812 Africam,
651 2733 756 2799 literas
770 2734 825 2799 dat
843 2735 882 2798 ad
903 2755 1021 2824 regem,
1037 2735 1151 2822 quibus
1169 2737 1264 2801 etiam
1279 2760 1297 2802 a
1357 2759 1375 2800 e

313 2823 408 2888 etiam
424 2834 533 2887 monet
543 2841 626 2899 eum,
643 2821 774 2905 Nejara
787 2822 917 2906 hospitii
925 2843 1031 2896 secana
1041 2843 1172 2886 amcam
1180 2749 1376 2907 populobe-

313 2931 404 3010 mano
413 2910 503 2973 inite
511 2909 675 2984 saciaotis,
688 2907 820 2992 nmfits,
826 2909 932 2991 fiderit,
943 2909 1077 2985 deutrus,
1090 2910 1176 2974 Deos
1185 2919 1273 2974 testes
1283 2919 1378 3010 atquc

150 3030 297 3141 bittit
313 2993 1377 3168 tttltstttitttiftiti,iltliztffii„trist¹253

151 3157 301 3283 {ffiffi
314 3169 436 3254 satique
450 3167 603 3252 praetorio
625 3173 727 3248 erant)
745 3180 787 3245 et,
803 3168 829 3231 si
848 3165 1004 3246 sileretur,
1019 3167 1096 3252 quid
1116 3179 1258 3253 petentes
1271 3169 1377 3236 venis.

30 3287 34 3298 ·
153 3286 243 3349 scapi,
301 3268 394 3334 sent,
410 3253 586 3341 periculum
608 3267 685 3331 erat,
701 3275 741 3318 ne
754 3273 829 3318 vera
849 3273 888 3318 eo
907 3251 985 3339 ipso,
1001 3255 1086 3340 quod
1109 3253 1297 3333 celarentur,
1318 3276 1376 3320 aua

314 3354 429 3429 sponte
450 3342 551 3430 magis
576 3341 760 3422 emanarent
779 3339 805 3378 ²¹
813 3341 970 3426 timorque
993 3340 1026 3404 in
1049 3341 1240 3406 exercitum⁰
1256 3341 1377 3406 incide·

314 3443 374 3509 ret,
397 3451 438 3494 nc
459 3427 553 3493 simul
575 3449 650 3493 cum
672 3449 707 3492 re
729 3449 747 3490 e
768 3438 800 3491 et
816 3424 1134 3514 Karthaginiensibus
1152 3426 1233 3494 foret
1254 3427 1376 3494 bellan·

314 3516 403 3595 dum,
420 3515 534 3582 auertit
547 3538 567 3580 a
581 3536 656 3580 vero
674 3513 691 3578 f
716 3512 757 3578 sis
779 3507 1035 3598 praeoccupando
1055 3525 1175 3581 mentes
1193 3511 1375 3582 hominum.

316 3603 369 3682 Et,
384 3603 503 3670 vocatis
516 3601 558 3668 ad
573 3601 759 3668 concionem
774 3598 937 3678 militibus,
954 3600 1028 3664 Non
1048 3603 1133 3666 ultra
1147 3623 1209 3667 esse
1228 3611 1374 3666 cunctan-

575 3737 789 3786 tramaricam.
895 3739 1116 3788 .⁶eaem·taltae

347 3869 380 3916 20
397 3867 484 3928 Optare
495 3869 613 3932 mesni]
631 3869 767 3918 Modestius
783 3871 830 3916 hoc
862 3869 915 3918 Nos
932 3871 958 3918 id
973 3886 1121 3934 concoquere
1136 3885 1185 3920 non
1201 3872 1335 3933 muamus,
1350 3878 1375 3918 et

314 3935 408 3984 dictum
431 3933 535 3988 uidetur,
557 3949 643 3995 quem,
663 3942 692 3982 ut
713 3936 830 3982 hactmus
861 3935 1121 3986 editorumlectionen
1130 3938 1304 3986 reumrimus.
1333 3937 1375 3984 lte.

315 3999 440 4055 edebatur,
451 3997 549 4044 tauri.
578 3999 753 4060 Etnonpauci
762 3999 828 4057 libri,
861 4001 928 4047 euim
949 4016 1003 4062 quer
1029 4003 1141 4063 exempla
1161 4001 1256 4048 tuendae
1276 4001 1373 4062 scripte

314 4063 379 4109 inter
389 4075 451 4122 quos
461 4063 514 4108 Put
525 4063 551 4110 id
567 4065 658 4113 habent
669 4065 735 4126 quod
752 4064 829 4111 edidi·
860 4065 958 4112 lectioni
973 4067 1063 4128 allegat
1072 4067 1218 4125 Gronovius,
1229 4066 1324 4126 Religio
1341 4066 1375 4111 ei·

315 4139 378 4174 mue.
861 4131 956 4176 vitatem
974 4133 1075 4188 inam,
1088 4137 1114 4178 et
1129 4131 1266 4178 Pestilentia
1280 4132 1374 4178 iamim

348 4191 377 4238 21
400 4189 523 4250 Tianorum
549 4195 574 4240 a'n
597 4195 723 4242 annalium
744 4193 830 4244 iacim-
862 4199 901 4242 rat
915 4196 1015 4244 initam
1074 4195 1225 4258 'Poeinsqua
1238 4196 1265 4241 in
1284 4195 1314 4240 ita
1332 4191 1375 4254 efg-

315 4255 363 4318 ret]
389 4255 477 4316 Scripti
498 4258 523 4304 ia
543 4260 644 4306 exercitu
664 4260 785 4315 incederet,
807 4266 832 4306 et
864 4261 1013 4308 noscendum
1117 4273 1147 4310 ua
1166 4263 1267 4310 verbum
1283 4262 1376 4307 incent-

313 4321 445 4368 edmiaerat
468 4322 493 4369 iu
521 4329 663 4372 contextum
687 4325 832 4373 Gronovius.
864 4338 955 4383 rc,non
968 4325 1076 4375 uadem
