3036 4972
335 207 391 276 164
716 159 997 264 L1n1u1vrr

171 389 308 450 nomae.
332 371 433 439 etiam
452 371 582 447 civium,
604 374 643 435 e*
664 367 779 456 quibus
801 367 836 431 iri
861 365 974 434 Patres
996 365 1185 454 legerentur,
1200 369 1382 456 conquestus

173 468 205 516 Α·
214 467 242 514 θ
254 465 310 514 ²1⁶·
333 472 425 542 essm,
439 457 589 544 explendi
604 469 731 522 senatm
744 477 862 532 cauma,
879 466 910 518 et
924 453 1081 542 jungendi
1095 455 1194 520 artius
1209 454 1312 520 Latini
1327 478 1381 522 uo-

334 547 438 625 minis,
454 547 536 631 ⁶pro
549 565 665 632 magna
681 564 715 606 re
734 541 784 606 se'
798 541 928 606 suadere
949 540 1040 617 dixit,
1065 553 1101 604 ut
1122 563 1162 606 ex
1183 542 1310 628 singulis
1325 565 1382 628 po-

333 633 417 720 pulis
440 631 639 709 Lntinorum,
655 628 736 693 binis
758 627 964 708 senatoribus,
980 627 1005 691 si
1025 627 1137 692 Patres
1160 629 1293 693 Romani
1314 651 1381 694 cen·

335 720 482 794 scissent,
502 714 774 792 civitas'daretur,
790 725 885 802 atque
906 715 938 776 in
961 713 1202 778 demortuorum
1226 715 1328 780 locum
1349 716 1383 780 in

335 817 478 872 senatum
503 802 693 892 legerentur.
739 801 820 866 Fam
855 800 1043 865 sententiam
1079 800 1166 866 haud
1197 801 1382 888 aequioribus

335 891 458 968 animis,
484 912 579 977 quarn
608 890 749 976 ipsorum
774 886 937 974 quondam
969 886 1163 971 postulatum
1193 887 1384 966 Latinorum,

337 979 448 1046 Patres
464 977 649 1042 audierunt:
672 989 715 1053 et,
731 994 830 1062 quum
849 972 992 1038 fremitus
1006 972 1241 1062 indignantium
1257 989 1323 1041 toto
1335 997 1386 1040 cu·
1420 1041 1422 1048 ,

336 1067 384 1131 ria
397 1077 486 1142 esset,
502 1077 534 1129 et
542 1063 707 1150 -proeoipue
721 1059 888 1127 7Μειιίἰιιι
897 1070 926 1141 ““,
942 1083 1003 1126 esse
1012 1061 1106 1125 etiam
1121 1083 1202 1126 nuno
1213 1064 1320 1146 sarpis
1329 1061 1387 1146 mut

335 1155 444 1230 cimam,
459 1152 587 1228 diceret,
603 1150 665 1214 ἐκ
679 1171 740 1234 qno
755 1149 906 1232 quondum
925 1149 960 1210 in
976 1149 1133 1231 Capitolio
1146 1151 1250 1214 consid
1261 1151 1388 1213 minatus

335 1249 421 1316 esset,
437 1261 522 1324 quem
539 1238 687 1301 Latinam
703 1237 737 1300 in
750 1235 839 1298 orario
853 1235 987 1312 uidisset,
1003 1255 1067 1298 oms
1081 1257 1138 1300 areo
1147 1257 1242 1300 manu
1254 1257 1286 1301 ae
1299 1237 1389 1300 inter·

323 1327 499 1414 ficturum,
523 1322 568 1399 Q.
582 1321 699 1388 Fabius
715 1319 891 1401 Maximus,
906 1320 1079 1406 Numquam
1093 1324 1143 1385 rei
1156 1324 1251 1403 allieas
1263 1323 1388 1386 alienio-

335 1436 370 1477 ra
383 1423 518 1494 tempore
530 1410 708 1474 mentionem
715 1407 842 1494 foetam
853 1409 887 1471 in
896 1416 1014 1486 senatu,
1027 1407 1119 1485 dixit,
1135 1429 1228 1492 qnam
1239 1411 1319 1473 inter
1331 1417 1388 1472 tom

334 1517 490 1580 saspemos
502 1498 649 1561 sociorum
663 1497 781 1560 animm
796 1496 1000 1580 incertamque
1007 1496 1110 1578 fidam
1123 1497 1161 1559 id
1177 1505 1301 1574 tactura,
1316 1497 1392 1580 quod

336 1587 463 1666 insuper
474 1584 657 1648 sollicitaret
671 1603 730 1647 eos.
752 1603 819 1646 eam
832 1582 923 1646 unito
935 1581 1066 1646 homint'a
1080 1585 1277 1647 temerariam
1299 1603 1389 1647 oocern

334 1670 459 1736 silentio
471 1671 602 1733 omnium
613 1670 862 1754 castingamdmn
872 1689 950 1732 esse:
965 1675 1006 1748 et,
1020 1669 1050 1733 si
1063 1670 1139 1753 qnid
1151 1690 1293 1755 amquam
1308 1689 1390 1732 area·

334 1759 371 1821 ni
383 1758 519 1821 sanctine
532 1758 576 1820 ad
588 1757 736 1821 silendum
751 1756 785 1818 in
798 1754 1007 1838 curiafioem't,
1021 1755 1056 1818 id
1065 1755 1198 1820 omnium
1209 1757 1339 1820 monime
1351 1765 1391 1818 tc·

124 1903 129 1916 ,
332 1845 475 1930 geradom,
491 1844 690 1920 occidendam
706 1841 947 1916 obliviscendam,
964 1861 1028 1926 pro
1046 1843 1206 1906 condicto
1227 1842 1393 1907 habendum

174 1953 264 2002 nautas
274 1951 408 2002 amesse-
433 1929 479 1995 ita
503 1927 572 2015 ejus
597 1928 643 1993 rei
668 1931 819 2012 obpressa
847 1927 965 1990 mentio
993 1939 1049 1992 est.
1102 1927 1316 2006 Dictaturam,
1342 1925 1393 2014 qui

173 2026 213 2098 ¹³⁰
228 2021 450 2082 dietswrcensor
473 2030 547 2081 ante
571 2013 687 2092 fuisset,
708 2013 997 2098 vetustissimusque
1019 2035 1061 2080 ex
1087 2014 1144 2090 eis,
1166 2016 1224 2102 qui
1246 2016 1392 2090 viverent,

173 2085 329 2197 {¹⁶3²ssOEss
337 2103 487 2168 censoriis
510 2114 598 2178 esset,
614 2101 713 2166 creari
735 2100 864 2186 placuit,
879 2099 933 2186 qui
956 2112 1101 2166 senatum
1122 2100 1262 2188 legeret:
1285 2100 1394 2166 adolri-

173 2227 209 2262 aa.
337 2213 399 2278 que
416 2191 454 2255 C.
467 2189 653 2263 Terentium
669 2189 831 2252 consulem
846 2185 885 2250 ad
906 2187 1092 2252 dictatorem
1106 2187 1280 2254 dicendum
1300 2190 1394 2273 jusse-

335 2290 422 2341 runt.
445 2275 510 2364 qui,
528 2297 626 2361 quum
648 2296 689 2338 ex
708 2273 837 2358 Apulia,
852 2273 964 2337 relicto
977 2273 1022 2337 ibi
1045 2273 1209 2358 praesidio,
1231 2275 1333 2364 magis
1347 2273 1395 2337 iti-

335 2365 465 2429 neribus
490 2363 627 2427 Romom
649 2360 790 2438 redisset,
805 2359 922 2424 ⁹nocte
942 2360 1101 2446 proxima,
1117 2373 1154 2425 ut
1168 2383 1240 2426 mos
1254 2373 1332 2438 erat,
1348 2357 1394 2424 M.

338 2449 473 2515 Fabium
498 2449 675 2514 Buteonem
695 2469 734 2524 en
751 2450 1025 2512 senatusconsulto
1046 2447 1114 2512 sine
1134 2448 1292 2536 magistro
1313 2446 1396 2534 equi·

336 2549 403 2601 tum
419 2536 607 2600 dictatorem
623 2535 656 2598 in
670 2555 726 2599 sex
742 2556 863 2599 menam
876 2533 969 2598 dixit.

380 2620 516 2687 XXIII.
539 2620 572 2685 Is
588 2621 730 2685 obicum
752 2620 916 2686 lictoribus
938 2620 973 2683 in
997 2619 1115 2684 Rostra
1135 2621 1291 2699 escendit,
1307 2641 1398 2705 neque

337 2711 411 2774 datos
425 2710 590 2773 dictatores
603 2717 737 2790 tempore
750 2729 822 2784 nno,
838 2711 919 2795 qnod
932 2728 1091 2791 numqrtam
1106 2718 1202 2773 anteo
1212 2710 1341 2794 factum
1354 2728 1396 2770 es·
1497 2765 1498 2792 ζ

335 2805 390 2873 set,
400 2796 538 2880 probare
550 2817 592 2871 se,
608 2792 710 2858 dixit:
733 2795 829 2878 neque
839 2797 1018 2859 dictatorem
1031 2815 1063 2858 re
1076 2797 1142 2858 sinc
1152 2798 1307 2880 magistro
1318 2793 1398 2879 equi-
1497 2801 1498 2822 ¹

334 2892 419 2947 tam:
441 2903 495 2946 nee
508 2880 534 2920 ¹⁰
543 2882 710 2946 censoriam
732 2882 792 2944 vim
811 2881 867 2945 reni
882 2881 1094 2964 permiscant
1110 2891 1140 2944 et
1153 2884 1254 2946 eidem
1270 2885 1396 2946 iterum.-

368 3049 512 3100 tauron.
525 3051 595 3100 Creu.
661 3047 765 3102 laedet.
777 3053 844 3102 Ead.
921 3055 941 3086 ¹³
960 3051 988 3100 Τ.
999 3051 1108 3100 Manliae
1121 3049 1193 3100 Creu.
1275 3057 1290 3088 ¹
1299 3053 1400 3116 pemis-
1496 3109 1497 3112 Ἴ

275 3121 277 3126 “
336 3118 527 3166 eamuniGron.
1385 3121 1389 3128 '
1496 3117 1497 3170 ζ

366 3265 383 3312 6
407 3263 459 3312 Pro
485 3277 572 3328 magno
600 3280 627 3313 re
652 3266 747 3316 eandm
774 3267 847 3332 dicit]
909 3269 1144 3317 &Noctemnt
1162 3281 1214 3315 moe
1233 3265 1298 3332 erat]
1323 3267 1399 3314 Nocte

334 3331 405 3380 Dixit
415 3332 515 3378 suadem
525 3346 552 3379 se
563 3341 679 3394 nuquam
696 3347 749 3380 rem
764 3333 849 3394 magni
880 3335 1024 3382 dictatorem
1042 3334 1091 3381 dici
1110 3347 1126 3380 a
1143 3334 1246 3380 consule
1265 3347 1322 3382 mos
1340 3337 1399 3388 erat,

334 3396 460 3444 momenti.
494 3397 575 3458 Atque
593 3397 619 3444 in
638 3411 667 3444 eo
688 3399 849 3459 acquiescere·
881 3406 909 3446 ut
933 3405 1029 3446 constat
1053 3413 1083 3446 ex
1107 3398 1222 3459 plurimis
1244 3400 1401 3459 antiquorum

333 3475 407 3574 pust,o
421 3461 469 3508 nisi
489 3463 602 3572 ntostffio
620 3470 734 3510 vocamus
758 3463 849 3572 ⁸⁰³}th
881 3464 1025 3576 πιίιοὲιιι
1051 3463 1206 3512 testimoniis.
1242 3463 1304 3510 Vid.
1332 3472 1401 3520 supra

358 3542 382 3574 rc
408 3540 428 3573 r.
448 3539 533 3586 praet
562 3540 774 3588 annrmoguaree
814 3541 830 3573 ιι
949 3559 956 3572 .

318 3603 447 3704 itt?
457 3591 744 3717 indecitata.
757 3592 851 3703 tit:
879 3592 1236 3720 ..mmm
1249 3593 1402 3718 nnn

332 3735 412 3778 ewra,
432 3724 454 3767 et
465 3721 584 3782 jungendi
601 3721 689 3767 crodos
705 3719 789 3768 Latini
806 3733 848 3766 no·
880 3722 930 3769 oni.
970 3721 1122 3770 Mutavimus
1140 3723 1232 3782 barum
1256 3733 1348 3768 vocum
1366 3733 1402 3766 or·
1494 3727 1495 3740 ¹

332 3786 405 3832 minis
420 3798 473 3832 cum
485 3799 512 3844 p.
529 3799 563 3832 ro.
580 3786 606 3834 id
623 3791 669 3840 est,
686 3799 743 3832 cum
760 3786 849 3846 populo
881 3787 973 3841 dinerm
992 3789 1099 3834 obsecuti
1122 3787 1183 3833 libro
1208 3787 1355 3841 Puteunaeo,
1377 3790 1404 3831 ut

333 3849 750 3910 Romnummagnopereeemadere.
880 3851 966 3898 clarior
993 3865 1077 3899 sensus
1103 3852 1260 3900 elucesceret.
1308 3851 1403 3910 Nempe

367 3912 431 3960 Μ’.
449 3911 571 3976 Manliae]
588 3915 735 3962 addidimus
752 3927 848 3974 praeno·
880 3916 970 3976 duplex
990 3917 1079 3964 vitium
1105 3931 1121 3964 a
1145 3917 1260 3964 Buteone
1287 3922 1401 3964 notaturs

333 3991 391 4025 men
407 3989 439 4024 ex
455 3977 510 4023 Put.
524 3979 615 4033 codice,
627 3986 742 4026 monente
753 3980 847 4027 Grono·
880 3981 997 4040 primum,
1014 3983 1079 4042 quod
1098 3982 1207 4028 censoria
1225 3983 1265 4029 via
1285 3983 1403 4042 pannias·

333 4043 384 4092 vlo·
439 4085 442 4090 .
880 4045 913 4090 sit
929 4045 1127 4107 uuidbiquum
1142 4041 1298 4108 juxtuleges
1309 4045 1403 4092 duobus

365 4103 849 4170 S'lthaaqaoadam....conml]lix
880 4110 990 4169 permitti
1016 4112 1128 4160 deberet:
1157 4113 1308 4170 secuudum,
1340 4107 1404 4171 quod

332 4185 381 4232 qua
395 4171 511 4218 oriundus
530 4171 614 4218 consul
630 4175 789 4234 quondamin
802 4175 848 4222 Ca·
880 4174 960 4238 eidem
970 4175 1060 4222 iterum
1075 4176 1336 4237 permittatur,quuru
1353 4177 1405 4234 iege
1493 4177 1494 4184 ’

332 4237 417 4295 pitolio
427 4236 535 4284 minatus
551 4243 614 4284 esset
626 4269 633 4285 .
645 4271 653 4286 .
664 4269 671 4284 .
682 4269 689 4283 .
700 4239 849 4300 Designatur
880 4244 981 4286 mutum
998 4246 1071 4300 esset,
1091 4255 1122 4288 ns
1141 4241 1179 4288 bis
1197 4254 1331 4288 censorem
1354 4235 1404 4285 neri

332 4301 361 4350 Τ.
383 4301 491 4354 Manlius
511 4301 657 4364 Torquatus,
680 4304 751 4363 cidus
775 4306 850 4352 verba
880 4302 971 4353 liceret.
1005 4305 1077 4354 Hanc
1091 4307 1170 4367 legem
1187 4303 1216 4353 C.
1234 4303 1404 4354 Marcionite-

333 4365 384 4413 vid.
395 4365 527 4415 ivlius
540 4366 565 4415 5.
880 4371 1140 4426 rumcenaortuierat.
