3060 4960
336 141 395 207 no
609 213 611 225 Α
740 141 1015 216 r1s1s1v11

176 325 247 378 suc.
258 323 314 374 stu
338 332 410 385 esre.
443 311 505 378 Sed
516 311 593 397 quid
605 313 663 378 illa
678 323 757 391 urat,
773 314 896 380 conlata
910 335 976 379 arm
990 314 1041 391 iis,
1057 333 1125 399 quee
1137 313 1230 379 hodie
1240 313 1406 398 potimur?

178 397 209 441 Α·
220 391 247 440 ⁰·
258 389 314 440 ²⁰4·
343 399 416 464 Cum
433 397 513 464 bonu
534 402 634 477 mnia,
650 421 759 485 querco,
775 401 923 478 audiatis,
938 404 1054 466 Patres
1074 403 1248 486 conscripti,
1264 403 1309 479 id,
1325 403 1410 486 quod

341 487 455 552 inuitus
470 489 579 551 dicam.
624 487 663 552 Ia
679 489 854 552 discrimine
867 498 912 552 est
930 509 1010 552 nunc
1022 488 1182 558 hamanum
1197 509 1283 552 mane
1296 510 1407 572 genus,

341 581 442 638 utrum
453 595 514 649 vos,
524 594 567 636 on
576 573 855 658 Karthaginienses
868 573 894 614 ⁸⁸
894 575 1055 656 principes
1064 580 1234 638 terrorum‘
1248 575 1362 638 uideat.
1378 576 1409 638 si

342 681 381 723 er
402 660 454 740 iis,
469 679 537 743 quce
553 659 717 724 Locrenses
737 668 792 724 aut
812 659 852 723 ab
881 659 946 724 illis
963 662 1055 743 passi
1074 681 1182 735 summ,
1197 670 1253 724 out
1268 683 1292 722 a
1307 669 1409 724 oestro

247 753 250 760 '
338 746 490 828 presidio
504 766 583 808 nnnc
596 767 685 828 quum
699 747 829 810 manime
844 748 995 829 potimur,
1010 746 1219 810 testimenium
1235 747 1409 810 Romanum

344 853 382 895 ac
398 832 547 896 Punicum
563 832 721 915 imperium
736 833 795 904 sit,-
818 853 904 896 nemo
917 853 978 896 non
1000 834 1070 897 illos
1085 831 1154 908 sibi,
1170 854 1259 916 quom
1274 854 1339 912 uos,
1353 835 1410 896 do-

345 917 443 984 minos
459 928 623 1002 prueoptet.
666 919 712 982 Et
733 927 834 982 tamen
853 921 961 995 uidete,
982 920 1224 1002 quemadmodum
1244 917 1411 998 Ipereuses

347 1005 380 1068 in
405 1027 456 1070 uos
477 1005 612 1069 meinati
635 1006 707 1070 sint.
754 1003 856 1080 Quum,
876 1025 897 1068 a
912 1005 1226 1090 Karthaginiensibus
1239 1003 1412 1088 ⁹⁰injurios

232 1133 234 1140 ι
347 1100 437 1156 tanto
457 1093 587 1156 minores
601 1093 810 1173 acciperemus,
826 1093 870 1154 ad
889 1100 1017 1156 uerbum
1040 1093 1252 1174 imperatorem
1270 1091 1412 1176 confingi-

348 1199 426 1242 mus:
443 1199 532 1262 quum
546 1199 566 1240 a
581 1187 680 1242 nestra
688 1178 838 1260 praesidio
842 1179 1004 1261 plusquam
1018 1177 1145 1242 hostilia
1153 1179 1327 1260 potiamur,
1339 1199 1412 1241 aus·
1506 1215 1507 1250 1

349 1285 438 1350 qrcom
454 1261 528 1339 lelio,
544 1285 633 1346 quom
648 1265 692 1326 ud
712 1283 774 1342 nos,
789 1266 926 1348 querelas
940 1262 1109 1328 detrahimus.
1153 1263 1217 1326 Ant
1239 1285 1291 1330 uos
1311 1265 1412 1346 respi-
1506 1265 1507 1322 ἰ

348 1353 435 1416 cietis
451 1349 595 1433 perditos
614 1371 663 1413 res
687 1358 817 1426 nostras,
832 1351 947 1414 Patres
966 1350 1139 1433 conscripti,
1154 1359 1209 1414 ant
1225 1371 1264 1413 ne
1278 1349 1318 1412 ab
1335 1351 1415 1414 Diis

348 1437 469 1522 quidem
483 1435 694 1500 inmortalibus
716 1437 797 1519 quod
816 1455 979 1517 precemur,
995 1438 1159 1520 quidquam
1174 1445 1321 1519 superest.
1370 1437 1411 1510 Q.

349 1523 521 1588 Pleminius
534 1523 652 1606 legatus
672 1523 777 1586 missin
797 1531 842 1586 est
862 1543 927 1585 cum
946 1523 1099 1604 prasidio
1119 1523 1163 1584 od
1185 1523 1377 1605 recipiendos
1391 1543 1411 1584 a

350 1607 666 1694 Karthaginiensium
678 1609 804 1684 Locros,
814 1617 844 1674 et
856 1629 921 1672 unu
935 1610 1035 1672 eodem
1050 1607 1095 1672 ibi
1108 1609 1231 1672 relictus
1244 1617 1289 1672 est
1299 1609 1413 1691 prasi·

349 1695 414 1758 dio.
458 1696 497 1758 ln
519 1693 574 1758 hoe
593 1695 695 1778 legato
709 1704 807 1759 uestro
821 1697 910 1778 (dant
930 1695 1010 1758 enim
1024 1695 1156 1758 animum
1171 1696 1215 1758 ad
1231 1696 1411 1779 loquendum

307 1791 310 1798 '
349 1779 445 1845 libere
458 1782 575 1845 ultimae
587 1780 730 1861 misericr)
745 1801 800 1843 aec
817 1781 948 1846 hominis
964 1782 1127 1864 quidquam
1142 1790 1195 1855 est,
1216 1781 1328 1846 Patres
1341 1801 1413 1844 con-

303 1915 306 1924 .
349 1868 469 1949 scripti,
479 1869 739 1950 praeterfiguram
749 1867 933 1948 etspeciem,·
949 1887 1043 1950 neque
1052 1867 1189 1932 Romani
1198 1868 1283 1944 ciuis,
1296 1876 1415 1950 prater

350 1951 496 2030 habitum,
512 1955 717 2037 uestitumque,
733 1960 879 2018 obsonum
893 1953 1022 2016 Lotinee
1033 1954 1160 2036 lingua.
1184 1954 1286 2018 Pestis
1300 1976 1338 2017 ac
1352 1953 1414 2016 bel-

350 2041 404 2104 lua
414 2041 559 2119 inmunis,
568 2041 672 2124 quoles
673 2039 796 2122 fretum
810 2040 972 2124 quondam,
984 2059 1044 2122 quo
1056 2039 1096 2102 ab
1108 2038 1218 2103 Sicilia
1232 2040 1413 2115 dimittimur,

350 2127 395 2190 ad
402 2127 571 2210 perniciem
586 2127 798 2209 nauigantium
812 2125 1034 2190 circumsedisse
1034 2125 1160 2211 fabule
1160 2125 1286 2210 suunt.
1328 2127 1373 2190 At
1386 2128 1415 2190 si

349 2213 453 2290 scelus,
469 2213 695 2296 libidinemque,
711 2221 740 2274 et
761 2212 929 2276 auaritiam
942 2213 1022 2279 solu
1041 2212 1106 2294 epse
1120 2233 1257 2276 sumcere
1271 2213 1306 2276 in
1320 2214 1417 2278 socios

350 2309 464 2365 vestros
477 2301 554 2364 satis
575 2297 710 2376 haberet,
725 2318 817 2361 unam
834 2297 1019 2382 profundam
1034 2299 1153 2382 quidem
1174 2299 1352 2382 uoraginem
1366 2310 1416 2362 to·

350 2407 418 2452 men
428 2387 587 2470 patientia
602 2393 708 2448 nostro
722 2386 917 2468 espleremus.
931 2405 1009 2447 nunc
1018 2405 1118 2448 omnes
1130 2387 1320 2450 centuriones
1333 2387 1417 2448 mili·

350 2483 453 2554 tesqne
466 2481 579 2536 uestros
596 2472 685 2552 (adeo
697 2471 730 2534 iu
739 2471 912 2552 promiscuo
925 2471 1080 2534 licentiam
1095 2480 1186 2554 atque
1198 2471 1416 2553 inprobitatem

351 2580 414 2623 csse
423 2557 531 2639 uoluit)
544 2558 711 2622 Pleminios
711 2557 814 2641 fecit.-
829 2577 928 2620 ornnes
937 2559 1079 2639 rapiunt,
1087 2559 1231 2639 spoliant,
1243 2558 1416 2633 verberant,

351 2646 525 2722 vulnerant,
537 2644 696 2708 occidnut.-
710 2651 911 2726 constupraat
926 2652 1090 2720 matronas,
1101 2644 1245 2726 uirgines,
1259 2645 1417 2728 ingenuos,

353 2740 460 2816 raptos
474 2753 512 2796 eu
529 2731 683 2812 complenu
698 2739 872 2812 pareatum.
919 2727 1066 2805 Quotidie
1078 2731 1202 2811 capitur
1215 2729 1286 2794 urbs
1300 2741 1417 2806 nostra,

354 2819 491 2902 quotidie
502 2817 669 2900 diripitur,-
687 2817 752 2880 dies
762 2823 918 2900 noctesque
928 2816 1031 2880 omrrin
1040 2818 1158 2898 passim
1172 2817 1330 2880 mulierum
1344 2839 1418 2900 pree·

353 2925 488 2988 rumque,
504 2905 558 2988 qui
578 2904 745 2986 rapiuntur
763 2911 856 2986 utque
877 2911 1086 2984 asportantur,
1100 2903 1275 2985 ploratibus
1295 2913 1419 2968 sonant.

355 2989 505 3066 Miretur,
517 2992 572 3074 qui
584 2991 672 3065 sciat,
685 2991 830 3073 quomodo
840 2998 895 3052 out
905 3009 959 3052 nos
969 2990 1014 3052 od
1020 2989 1203 3071 patiendum
1216 2989 1418 3072 subfieiamus
1506 2993 1507 3006 ¹

355 3085 411 3140 out
433 3077 512 3152 illos,
528 3077 582 3159 qui
592 3074 733 3159 facitmt,
754 3076 885 3138 nondum
908 3083 1063 3138 tantarum
1085 3073 1270 3159 injuriarum
1292 3079 1422 3142 satietas

270 3187 272 3194 ·
356 3164 480 3246 ceperit.
527 3161 632 3246 Neque
646 3182 701 3246 ego
715 3161 836 3245 ensequi
846 3181 975 3242 passura,
991 3158 1079 3224 ⁹1uec
1092 3161 1175 3226 uobis
1189 3174 1352 3245 operaest
1365 3185 1420 3228 ou-

358 3251 427 3314 dire
439 3249 573 3334 singulo,
589 3268 657 3332 quas
671 3249 761 3330 possi
773 3268 882 3312 sumus.
903 3249 1097 3312 communiter
1117 3249 1219 3311 orunia
1241 3251 1421 3332 amplectar.

359 3335 449 3422 Nego
463 3338 580 3400 domum
601 3335 695 3398 ullam
711 3333 820 3397 Locris
825 3366 838 3405 ,·
861 3353 939 3416 nega
957 3353 1131 3418 quemquam
1145 3333 1293 3398 hominem
1316 3337 1427 3420 ceper-²

358 3433 418 3488 tem
432 3420 558 3506 injuria
572 3442 650 3493 esse,·
667 3441 742 3504 nego
756 3420 849 3482 ullum
859 3439 956 3502 genus
969 3422 1098 3498 sceleris,
1113 3419 1264 3497 libidinis,
1276 3425 1426 3487 auaritiae

358 3529 522 3592 superesse,
538 3509 618 3592 quod
643 3507 677 3570 in
701 3507 773 3581 mlo,
789 3507 844 3588 qui
859 3506 936 3588 poti
952 3507 1099 3592 potuerit,
1111 3511 1352 3589 pretermissum
1373 3512 1424 3574 sit.
1506 3505 1507 3518 ¹

367 3597 426 3660 Via
446 3597 531 3658 ratio
553 3594 632 3658 iniri
651 3601 762 3674 potest,
779 3601 848 3654 nter
863 3613 957 3655 ·casus
978 3593 1116 3661 ciuitatis
1136 3593 1179 3658 sit
1199 3593 1424 3678 detestabilior,

360 3703 449 3768 quum
463 3681 561 3748 hostes
574 3679 652 3744 bello
666 3677 766 3744 urbem
785 3698 899 3760 cepere,
916 3699 958 3740 on
975 3699 1063 3762 quum
1085 3679 1254 3745 exitiabilis
1274 3690 1425 3766 tyrannus

611 3848 620 3882 ²
632 3856 750 3896 tenorum
760 3849 808 3910 leg.
819 3847 878 3896 orbis
886 3845 1002 3896 terdenam
1015 3851 1090 3900 oron.
1103 3853 1172 3898 csev.

394 3999 428 4047 89
444 3995 645 4058 Ρήπάμεθνῠίε
656 3994 785 4057 terrarum]
798 3995 878 4056 Scrip·
905 4006 946 4054 tu.
979 3999 1059 4048 ceteri
1074 3999 1157 4061 scripti
1175 4005 1200 4046 et
1216 3999 1275 4048 editi
1290 4000 1366 4048 mutto
1382 4002 1427 4048 mi·

362 4064 383 4113 n
400 4062 542 4126 piissimiet
560 4061 646 4124 optimi
662 4061 773 4122 ignorant
789 4059 816 4108 cl
832 4059 878 4108 Or·
910 4077 982 4111 nores.
1036 4104 1038 4108 .
1133 4061 1135 4068 ’

233 4179 240 4192 ‚
362 4127 405 4177 bie.
888 4173 890 4180 ,
943 4127 972 4176 91
993 4127 1271 4195 Necoobr’ropcroeest]
1290 4131 1427 4178 Nocvobis

311 4232 314 4242 .
395 4192 428 4241 90
444 4191 550 4255 injurios
567 4193 632 4238 tanto
648 4190 881 4254 minorer1Put.li·
912 4199 1100 4250 ausvacnt,nut
1118 4193 1177 4243 utile
1193 4202 1237 4242 est.
1273 4195 1392 4242 Vid.l.1.
1403 4209 1425 4240 c.

363 4260 415 4318 ber,
430 4261 509 4305 umato
523 4257 629 4305 minuce.
663 4256 724 4302 Inde
737 4252 812 4317 jussit
831 4255 880 4317 legi
912 4258 953 4306 24„

361 4323 508 4388 Gronovius,
520 4322 642 4384 quomodo
656 4321 730 4368 habes
745 4320 771 4366 in
781 4327 881 4368 contex-
