3136 4970
349 173 408 237 cro
741 133 853 230 riis
881 144 1017 230 civit

188 331 408 417 vesunuh
341 329 495 417 publica?
522 330 1128 462 VosipsiiciciuHiffoniofflotreetpa
1081 326 1409 415 permundantur
1531 311 1532 330 ¹

188 422 220 466 Α·
229 419 256 467 ⁰·
266 418 324 466 ²⁰⁶·
348 420 592 504 inperatoribus,
607 420 713 506 interf
671 420 894 506 (fectinsep
835 422 998 504 Septinncm
1021 417 1178 484 Marcium
1198 417 1302 480 ducem
1323 415 1407 480 nobis

347 507 492 572 adversus
500 509 685 572 exsultantes
694 507 810 571 receruc
820 508 951 572 arctorsa
963 507 1075 572 Poenos
1086 502 1250 588 detegcstos
1266 503 1407 566 etsicto-

347 609 435 678 quor,
450 590 1222 696 tamquomsineduceHisponiafiunrafiarint.
1260 587 1311 652 Μ.
1322 589 1408 654 Silo-

347 699 414 756 nus,
429 678 620 764 eodemjure,
636 679 767 742 eodem
752 681 881 762 imperio
894 699 1004 744 mecum
1026 679 1060 742 in
1075 675 1270 759 prouimiom
1289 676 1405 752 missus,

347 765 391 830 L.
406 765 511 848 Scrpco
512 765 626 850 frater
638 774 789 842 meus,et
804 765 1102 866 C.Loelicu,legati3
1114 764 1249 828 uindices
1262 760 1406 845 majena-

348 853 390 917 trs
399 873 521 934 rmperu
517 853 693 917 deessent?
729 847 1407 926 Utnrmexercituseuercituimnducesduci-

348 937 412 1014 bus,
427 959 471 1002 on
485 939 632 1024 dignitas,
648 959 691 1002 on
704 959 810 1002 caussa
823 959 996 1022 comparari
992 939 1159 1018 poterut?
1181 933 1330 1019 quibus'
1301 955 1327 997 sc
1344 955 1407 997 om·

348 1025 437 1089 nibus
450 1026 622 1109 asperiores
641 1025 754 1101 essetis,
769 1022 892 1088 ⁶8arma
913 1045 977 1088 acm
996 1024 1104 1088 Poenis
1123 1031 1231 1086 contra
1251 1021 1405 1102 patriam,

347 1120 456 1175 corctra
476 1113 556 1176 ciues
575 1120 689 1175 nestros
700 1109 858 1196 ferretis?
889 1109 1032 1194 Africam
1045 1109 1162 1185 Italico,
1179 1107 1408 1190 Karthaginem

346 1197 419 1261 urbi
432 1198 604 1261 Romana·
618 1198 770 1280 imperare
783 1199 926 1262 nolletis?
953 1197 1052 1271 Quam
1066 1193 1102 1258 ob
1116 1215 1226 1258 nocam
1235 1194 1384 1276 patriae?

392 1283 527 1348 XXIX.
553 1283 748 1348 Coriolanum
771 1285 922 1367 quondam
946 1283 1105 1346 damuatio
1120 1280 1244 1365 injusta,
1265 1280 1407 1344 miserum
1531 1283 1532 1288 ’

346 1380 379 1433 et
393 1372 552 1453 indignum
567 1370 716 1447 cnsilium,
730 1377 765 1432 ut
778 1369 897 1433 iretad
905 1368 1139 1467 obpugnandam
1152 1367 1408 1450 patriaminpu·
1531 1383 1532 1437 3

347 1457 407 1519 Iit:
429 1456 582 1519 reuocauit
592 1465 693 1518 tamon
704 1475 725 1518 a
733 1455 858 1538 publico
867 1456 1045 1538 parricidio
1055 1457 1181 1536 priuata
1189 1455 1304 1536 pietas.
1347 1451 1408 1517 Vas

347 1563 400 1626 quc
396 1543 505 1604 'dolor
506 1561 597 1625 ,qiua
611 1541 662 1604 ira
677 1541 846 1606 incitavit?
871 1541 1101 1624 stipendiumne
1115 1540 1219 1604 diebus
1228 1541 1340 1622 paucis
1349 1540 1408 1602 im·

341 1636 490 1710 peratore
502 1646 586 1710 agro
599 1628 696 1691 serius
710 1639 895 1692 numeratum
916 1629 994 1692 sotis
1018 1629 1115 1710 digna
1135 1648 1241 1691 caussa
1251 1627 1337 1711 ficit,
1352 1645 1409 1688 cur

341 1715 462 1796 patria
473 1713 650 1777 indiceretis
663 1713 800 1778 bellum?
822 1735 876 1778 cur
889 1715 933 1776 ad
945 1714 1087 1798 Hergates
1100 1714 1302 1778 descisceretis
1315 1735 1337 1776 a
1345 1733 1408 1794 po-

340 1802 419 1882 pulo
434 1800 601 1864 Rmsono?
623 1821 678 1863 coer
691 1801 772 1864 uibit
784 1801 958 1864 divinamm
982 1801 1217 1864 humanarumue
1236 1820 1338 1864 rerum
1358 1799 1409 1863 in-

347 1888 491 1950 uiolatum
501 1885 693 1951 nobisesset?
717 1886 882 1951 Iusauistis
870 1885 1183 1988 proficiamilitess
1198 1883 1408 1987 necmojorin

346 1994 454 2056 corpus
468 1995 561 2036 meum
576 1974 622 2036 uis
635 1972 743 2053 morbi,
759 1994 848 2056 quom
863 1971 1023 2037 inaestuas
1035 1980 1156 2048 mentes,
1172 1972 1296 2036 inuasit.
1320 1972 1408 2036 Hor·
1530 1965 1532 2044 Ξ

346 2069 395 2124 ret
408 2061 528 2124 animus
538 2058 663 2161 referre,
676 2060 753 2142 quid
761 2058 950 2122 crediderint
959 2059 1103 2134 homines,
1115 2059 1192 2141 quid
1203 2051 1407 2142 sperauerint,

218 2160 221 2164 ’
345 2146 422 2230 quid
430 2147 615 2230 optaverunt
639 2143 774 2231 Accs'erat
785 2165 887 2208 omnia
897 2145 992 2208 cereta
1001 2143 1158 2221 obituram
1161 2154 1281 2228 potest
1296 2167 1322 2210 sr
1333 2165 1407 2225 non,

312 2241 379 2304 ,ut
379 2233 671 2358 gnesrientsuu
675 2241 769 2316 tegat
814 2231 886 2295 Non
897 2232 1079 2317 negauerim,
1089 2232 1206 2296 tristem
1216 2240 1408 2315 atrocemque

265 2381 271 2394 ,
326 2319 429 2383 'nobis
477 2339 572 2383 nisam
586 2319 754 2382 arationem
774 2322 906 2390 meam⁵,·
931 2327 1046 2402 quanto
1059 2318 1290 2402 creditisfacta
1304 2328 1407 2384 uestra

345 2407 501 2470 atrociora
513 2427 583 2482 esse,
595 2426 684 2489 quam
695 2406 780 2468 dicta
790 2407 886 2470 meo?
907 2413 937 2468 et
950 2425 996 2468 me
1006 2425 1055 2484 ea,
1063 2423 1131 2487 qua
1132 2402 1268 2489 fecistis,
1279 2407 1407 2488 potiae-

346 2512 435 2574 quum
446 2493 592 2554 cernetis:
615 2511 667 2555 uos
677 2511 715 2555 ue
725 2491 789 2554 dici
799 2491 918 2575 quidem
929 2491 1032 2554 amnia
1042 2509 1129 2573 aequo
1139 2490 1405 2576 onimoferretis?

292 2599 296 2618 ’
345 2577 408 2642 Sed
420 2598 458 2640 ue
468 2597 506 2640 ea
517 2578 636 2660 quidem
646 2578 716 2659 ipsa
726 2577 810 2641 ultra
821 2575 1092 2660 eoprobrabuntur.
1107 2578 1225 2641 cainam
1235 2577 1408 2661 tamfacilc

344 2684 397 2728 aas
410 2663 633 2728 obliuiscamini
646 2683 757 2739 eorum,
773 2684 927 2748 quamego
937 2663 1108 2730 obtiviscar.
1138 2661 1259 2746 daque,
1271 2665 1354 2747 quod
1363 2666 1409 2728 od

343 2750 732 2825 nosuuiocrsosadtinet,si
741 2749 856 2814 erroris
863 2750 1239 2833 ponitensatissoperque
1242 2771 1407 2834 panarum

343 2836 449 2900 babeo.
470 2835 582 2900 Albius
594 2835 734 2914 Cannu,
750 2845 781 2899 et
791 2837 900 2900 Atrisrs
915 2835 1034 2912 Umber,
1044 2843 1073 2900 ct
1083 2837 1177 2900 ceteri
1184 2856 1221 2898 ne
1235 2837 1407 2902 oriocsedi-

344 2923 1133 3006 tionisonctores,sanguineluent,quodadmiseruut.
1159 2921 1191 2984 V
1230 2924 1408 3006 ‘supplicii

344 3030 444 3072 eonem
458 3010 658 3092 spectandum
668 3029 730 3071 nou
744 3010 831 3071 modo
846 3029 905 3071 non
917 3007 1064 3086 acerbum,
1075 3010 1129 3071 sed
1141 3009 1242 3072 latum
1256 3011 1362 3086 etiam,
1377 3011 1409 3074 si

342 3115 421 3160 sana
436 3115 518 3159 meus
531 3095 636 3196 rediit,
652 3094 739 3158 debet
752 3115 823 3158 csse.
839 3095 877 3157 de
890 3095 984 3158 nattis
997 3096 1087 3171 enim,
1097 3114 1187 3179 qinom
1198 3096 1236 3158 de
1250 3095 1370 3173 uobis,
1356 3117 1407 3160 tu-

330 3182 449 3277 sostius
463 3181 547 3245 aut
534 3181 687 3244 inimicius
697 3181 918 3280 cousuluerunt.
959 3178 1021 3244 Vix
1032 3178 1128 3243 finem
1139 3179 1265 3244 dicendi
1276 3179 1406 3260 secessi,

343 3289 442 3355 quum
457 3287 575 3353 expeoe
598 3279 687 3330 arato
701 3264 795 3330 simul
809 3265 952 3330 omnium
970 3286 1072 3331 rerum
1089 3279 1192 3330 terror
1205 3265 1305 3332 oculis
1318 3269 1407 3332 nuri-

343 3356 465 3442 busque
484 3365 531 3420 est
552 3288 692 3418 ‹beusus
737 3351 918 3428 Exercitus,
933 3351 989 3437 qui
1002 3373 1122 3416 corono
1140 3355 1325 3418 concionem
1341 3355 1407 3420 cir·

342 3439 559 3520 cumdedernt,
570 3438 684 3528 glodus
695 3436 834 3505 adscutn
843 3439 1040 3524 concrepuit
1054 3459 1211 3526 praeconis
1222 3439 1332 3507 auditu
1340 3462 1406 3508 vox
1528 3497 1529 3508 n

430 3578 702 3629 2ndel..cron.crov
798 3575 984 3625 monacus.
1081 3574 1316 3629 inconscii-iod.

341 3696 422 3754 prium
436 3695 467 3742 de
481 3691 616 3740 honeribus.
647 3689 858 3752 Effmturcimus,
884 3691 1084 3753 patenulam
1097 3693 1184 3740 effecta
1199 3695 1347 3757 emvulgm
1363 3695 1407 3742 iu>
1527 3687 1528 3690 '

340 3761 406 3820 apud
415 3759 471 3807 ‘I’er-
482 3758 508 3805 In
519 3756 620 3805 Andiin.
889 3757 929 3804 die
944 3757 1026 3834 lectio,
1036 3762 1131 3806 mutuis
1144 3759 1178 3804 ab
1192 3757 1273 3806 nescio
1288 3773 1339 3820 quo
1349 3774 1408 3808 voce

373 3822 405 3870 tt
420 3821 551 3898 Septim
577 3818 714 3882 Marcium]
759 3819 856 3867 Nomen
888 3824 965 3868 rma
991 3821 1017 3867 in
1044 3834 1104 3868 eum.
1146 3822 1235 3870 Sensus
1262 3826 1407 3874 commodus

340 3887 464 3948 integmm
479 3883 554 3950 hujus
565 3883 653 3931 Marcii
667 3884 857 3940 oounritiuin,
888 3890 942 3932 estc
971 3886 993 3932 si
1018 3885 1077 3932 uatis
1104 3887 1175 3934 tinne
1201 3888 1345 3936 anctoritate
1364 3890 1408 3936 illu

340 3950 486 3998 LXXXII
502 3951 559 3999 cmi
575 3949 618 3996 ubi
634 3949 780 3997 vocaturl..
791 3949 857 3996 Mer·
889 3951 994 3996 mutatio
1010 3951 1135 3998 niteretur
1164 3951 1288 4013 Quidquid
1304 3954 1407 4013 meipso·

339 4015 392 4062 eius
414 4015 545 4075 Septimus.
576 4013 663 4074 Itaque
680 4011 800 4076 Septimus
820 4019 858 4060 est
889 4025 945 4060 nun
967 4015 1006 4060 vel
1027 4015 1164 4064 Gronovius
1184 4017 1285 4076 proma,
1303 4009 1342 4064 veI
1363 4031 1409 4064 nos

339 4093 394 4142 ejus
403 4091 547 4140 cognomen
889 4078 1050 4138 inspeximus,
1079 4080 1244 4128 deformatum
1274 4082 1322 4130 hoc
1353 4084 1408 4130 Ioco
1526 4123 1527 4150 ¹

372 4143 498 4192 asama
524 4144 679 4191 cumPoenir
704 4149 784 4191 contro
810 4157 856 4205 po·
887 4148 933 4191 est.

338 4209 424 4274 mum]
446 4207 512 4255 Ante
530 4208 655 4270 sigonium
675 4211 800 4270 legebatur
817 4222 857 4254 ur·
919 4207 952 4256 59
973 4209 1052 4256 Visam
1077 4209 1214 4272 oratiomm1
1248 4210 1335 4271 scripsi
1364 4214 1407 4260 nd-

337 4289 377 4321 mo
393 4280 474 4321 contra
490 4275 603 4336 pontoium.
634 4275 678 4321 Ille
697 4288 711 4320 e
729 4280 810 4320 vetere
827 4273 856 4319 li·
888 4275 950 4320 dunt
967 4288 1048 4322 mooun.
1081 4273 1179 4321 Delevit
1197 4277 1407 4338 Rhemnunquin

338 4341 381 4388 bro
399 4340 527 4390 attulitr
500 4353 527 4385 or
529 4353 567 4386 mo
586 4343 661 4386 tamcu
678 4337 758 4386 Panic
777 4345 856 4386 coum
888 4351 955 4388 mox
950 4337 1207 4400 aequiturdictamco.
