3122 4962
329 126 386 202 392
648 139 652 148 '
728 131 1006 194 TlTILlVll
1091 159 1126 202 ·r

170 311 198 360 u.
210 315 238 361 c.
251 311 305 360 tta
330 295 460 377 debant,
471 282 504 360 in
515 295 706 361 deditionem
719 297 863 382 acceptis,
876 298 982 366 audita
995 287 1391 448 obpupnariene'l‘srent'i,
1427 351 1434 362 .

169 379 200 426 Α
214 381 240 426 ⁰·
251 379 305 456 ²99·
330 381 581 469 diesnoctesque
594 383 709 448 cursiin
724 386 850 470 agmine
861 397 942 461 acto,
954 395 1063 470 quum,
1088 385 1227 468 estinans
1237 385 1279 450 ad
1293 403 1391 469 opem

169 446 303 564 ffiffi,
331 466 504 548 ferendam,
518 481 641 554 captam
659 469 769 534 urbem
784 470 936 547 audisset;
958 474 1004 534 Et
1018 473 1162 550 Rornnrri,
1177 471 1291 558 inquit,
1305 491 1392 544 nm

167 586 248 620 amm
260 581 314 634 poa
333 556 534 620 Hannibalem
564 557 682 636 hubent.
705 559 820 632 eodem,
844 569 904 639 qao
924 577 1106 638 omnemne,
1131 568 1197 622 crte
1223 559 1390 624 Tarentum

90 645 93 652 ’
168 639 315 714 urnemcap
332 641 494 720 amisimus.
534 639 589 706 ‘Ne
603 655 707 706 tamen
723 642 870 728 fugientis
892 644 989 706 modo
1009 645 1232 708 convertisses
1309 643 1392 707 nri-

168 707 300 814 fflnffm
331 725 470 806 deretur,
493 726 587 814 ⁹⁴quo
606 732 813 802 constituerat
835 727 915 805 loco,
942 729 1080 814 quinque
1103 728 1203 794 millia
1230 660 1329 794 ᾖε
1347 728 1391 794 ab

332 813 410 878 urbe
433 814 538 899 posuit
561 831 670 878 castra.
695 814 738 877 ibi
760 835 878 898 paucos
898 828 1036 879 moratus
1058 815 1135 892 dies,
1163 814 1390 900 Metapontum

331 921 399 962 sese
416 900 545 986 recepit.
559 901 633 975 inde
647 901 726 964 duos
743 900 982 982 Metapontinos
998 923 1072 964 cum
1089 899 1188 964 literis
1206 904 1389 986 principum

331 986 396 1070 ejus
426 987 559 1050 civitatis
583 987 622 1050 ad
649 987 782 1050 Fabium
806 989 978 1050 Tarentum
1003 988 1107 1064 mittit,
1128 987 1223 1052 fidem
1248 989 1289 1052 ab
1312 1009 1391 1050 con·

330 1073 397 1136 sule
418 1087 610 1156 accepturos
627 1073 772 1156 inpunita
789 1073 827 1136 iis
849 1073 956 1157 priora
979 1072 1052 1150 fore,
1069 1075 1096 1137 si
1113 1073 1335 1163 Metapontum
1359 1073 1390 1138 ei

330 1181 402 1221 cum
417 1160 568 1241 prasidio
586 1160 705 1239 Punico
727 1159 946 1242 prodidissent.
993 1160 1119 1235 Fabius,
1135 1181 1219 1237 vera,
1235 1183 1307 1246 quaa
1330 1159 1390 1224 ad·

329 1245 455 1320 ferrent,
472 1269 536 1308 esse
556 1259 651 1324 ratus,
668 1245 762 1320 diem,
780 1267 842 1329 qua
864 1267 1045 1309 accessurus
1059 1259 1137 1312 esset
1153 1248 1388 1332 Metapontum,

208 1389 210 1396 ,
240 1329 252 1370 (
329 1331 506 1410 constituit:
532 1331 697 1414 literaeque
708 1331 746 1394 ad
759 1331 917 1414 principes
929 1331 1022 1408 dedit,
1035 1355 1107 1418 quae
1118 1332 1157 1396 ad
1174 1331 1389 1396 Hannibalem

328 1417 441 1480 delatae
457 1431 540 1480 sunt.
586 1417 757 1500 Enimvero
772 1418 862 1482 laetus
877 1438 1017 1482 successu
1033 1417 1160 1494 fraudis,
1174 1419 1198 1480 si
1213 1441 1254 1482 ne
1269 1419 1388 1484 Fabius

328 1503 455 1587 quidem
471 1503 546 1566 dolo
556 1503 690 1566 invictus
703 1503 820 1582 fuisset,
832 1503 917 1567 haud
928 1504 1040 1588 prncul
1053 1504 1243 1590 Metaponto
1258 1501 1389 1576 insidias

327 1588 425 1672 ponit.
463 1589 563 1656 Fabio
572 1590 745 1676 auspicanti
755 1591 852 1674 prius,
865 1613 959 1676 quam
970 1591 1171 1677 egrederetur
1181 1591 1222 1654 ab
1232 1590 1387 1668 Tarento,

327 1697 398 1738 aves
414 1675 508 1738 semel
522 1689 616 1760 atque
627 1677 740 1739 iterum
756 1697 820 1739 non
836 1676 1033 1742 addixerunt.
1056 1677 1158 1742 hostia
1166 1685 1294 1763 quoque
1305 1697 1389 1742 caesa

326 1760 501 1824 consulenti
518 1761 606 1825 Deos
621 1785 768 1845 aruspex,
781 1763 955 1846 cavendum
971 1761 1108 1826 airaude
1119 1763 1224 1826 hostili
1235 1777 1267 1826 et
1281 1766 1321 1826 ab
1337 1763 1388 1826 in·

326 1846 423 1926 sidiis,
439 1848 599 1932 praedixit.
639 1848 861 1932 Metapontini,
875 1861 1039 1934 postquam
1055 1849 1095 1913 ad
1107 1850 1307 1913 constitutam
1319 1869 1387 1922 aon

326 1939 454 1998 venerat
472 1935 566 2012 diem,
590 1935 719 2012 remissi,
745 1949 778 1999 ut
799 1949 998 1999 cunctantem
1020 1935 1233 2013 hortarentur,
1256 1951 1389 2021 repente

326 2020 554 2104 comprehensi,
567 2034 652 2085 metu
668 2021 820 2108 gravioris
831 2023 1023 2106 quaestionis,
1035 2023 1188 2109 detegunt
1203 2021 1342 2086 insidias.

129 2173 131 2180 ,
164 2125 291 2185 anamae
354 2105 483 2170 'XVlL
507 2108 640 2172 AEstatis
653 2111 718 2192 ejus
731 2109 895 2191 principio,
908 2131 971 2194 qua
984 2108 1052 2172 haec
1067 2109 1251 2194 agebantur,
1266 2107 1302 2172 P.
1317 2107 1386 2173 Sci·

163 2189 379 2302 iii’iii'ffipb
395 2196 428 2256 in
444 2193 603 2278 Hispania
618 2215 714 2278 quum
739 2195 871 2257 hiemem
896 2205 995 2257 totam
1018 2187 1256 2258 reconciliandis
1273 2193 1387 2258 barba·

164 2321 209 2366 da.
237 2327 241 2336 “

326 2297 435 2345 rorum
451 2281 571 2356 animis,
587 2281 702 2363 partim
718 2279 820 2354 donis,
833 2282 947 2362 partim
960 2280 1141 2344 remissione
1153 2279 1296 2344 obsidum
1312 2301 1387 2363 cap·

326 2369 535 2452 thorumque,
552 2365 766 2441 absumsisset;
791 2366 914 2432 Edesco
929 2365 969 2432 ad
985 2379 1073 2442 eum‚'
1081 2366 1183 2430 clarus
1194 2367 1276 2430 inter
1289 2365 1387 2432 duces
1420 2397 1423 2402 ·

326 2451 499 2534 Hispanos,
510 2455 603 2515 venit.
639 2452 864 2538 Erantconjux
876 2451 1027 2538 liberique
1035 2453 1101 2537 ejus
1111 2454 1195 2535 apud
1212 2453 1385 2517 Romanos.

324 2537 378 2600 sed
393 2547 510 2622 praeter
532 2561 601 2600 eam
623 2559 763 2602 caussam
778 2540 876 2602 etiam
887 2538 973 2602 velut
993 2538 1122 2602 fortuita
1141 2537 1302 2602 inclinatio
1315 2538 1386 2602 aui·

324 2646 461 2698 morum,
478 2646 549 2709 quas
570 2624 759 2706 Hispaniam
783 2645 910 2688 omnem
934 2636 1089 2688 averterat
1110 2625 1149 2687 ad
1169 2625 1349 2688 Romanum
1366 2647 1387 2688 a

323 2709 449 2776 Punico
460 2709 605 2792 imperio,
617 2711 714 2774 traxit
725 2733 808 2775 eum.
848 2711 967 2774 Eadem
980 2733 1088 2774 caussa
1102 2708 1231 2777 Indibili
1244 2708 1386 2776 Mando·
1475 2728 1479 2734 ·

325 2797 442 2880 nioque
461 2794 530 2871 fuit,
555 2797 639 2860 haud
659 2796 753 2860 dubie
774 2799 875 2860 omnis
899 2797 1069 2882 Hispaniae
1088 2796 1294 2880 principibus,
1310 2818 1384 2860 cum

325 2884 412 2966 omni
434 2883 634 2968 popularium
661 2904 768 2960 manu,
793 2882 901 2947 relicto
925 2882 1138 2956 Hasdrubale,
1162 2881 1326 2948 secedendi
1350 2883 1385 2946 in

323 2969 513 3032 inminentes
535 2971 644 3034 castris
666 2971 731 3054 ejus
755 2968 903 3048 tumulos,
919 2969 1004 3032 unde
1024 2991 1081 3052 per
1103 2967 1387 3055 continentiajuga

323 3067 413 3118 tutus
423 3071 566 3138 receptus
576 3055 616 3119 ad
631 3057 792 3120 Romanos
803 3068 893 3120 esset.
932 3054 1126 3131 Hasdrubal,
1136 3075 1233 3138 quum
1246 3052 1386 3118 hostium

322 3155 375 3204 'res
389 3140 526 3206 ⁹⁵tantis‘
541 3163 706 3228 augescere
720 3143 919 3206 incrementis
934 3154 1084 3218 cerneret,
1101 3163 1171 3204 suas
1186 3139 1333 3216 inminui,
1348 3161 1388 3204 ac

324 3227 403 3305 fore,
420 3242 464 3305 ut,
481 3227 540 3292 nisi
562 3229 709 3294 audendo
730 3228 850 3314 aliquid
874 3242 1022 3305 moveret,
1038 3250 1102 3312 qua
1116 3226 1293 3310 coepissent,
1308 3225 1386 3291 flue·

325 3329 406 3390 rent,
419 3316 570 3379 dimicare
585 3337 679 3401 quam
702 3314 840 3398 primum
862 3315 979 3378 statuit.
1026 3314 1133 3397 Scipio
1155 3312 1276 3376 avidior
1290 3312 1386 3376 etiam

325 3401 503 3466 certaminis
514 3415 590 3478 erat,
605 3423 701 3486 quum
718 3423 736 3463 a
751 3423 814 3484 spe,
831 3422 924 3486 quam
941 3421 1098 3464 successus
1110 3421 1213 3462 rerum
1230 3397 1386 3486 augebat3

325 3501 391 3552 turn
400 3489 484 3573 quod
494 3489 692 3572 prius,quam
699 3488 909 3572 jungerentur
919 3487 1055 3550 hostium
1064 3485 1388 3560 exercitus,cumuno

324 3573 476 3638 dimicare
489 3575 570 3638 duce
585 3574 799 3660 exercituque,
815 3595 908 3659 quarn
924 3573 1016 3635 simul
1028 3595 1099 3636 cum
1117 3571 1278 3646 universis,
1289 3571 1388 3636 mala·

323 3659 386 3724 bat.
433 3661 594 3736 C'cterum,
611 3661 716 3737 etiam,
733 3662 758 3722 si
781 3658 1011 3744 cumpluribus
1032 3659 1152 3744 pariter
1168 3655 1386 3721 dimicandum
1448 3673 1453 3683 ’

325 3745 415 3821 soret,
445 3763 513 3810 arte
538 3745 675 3833 quadam
704 3746 811 3831 copias
840 3759 983 3810 auxerat.
1021 3767 1107 3808 narn-
1124 3766 1221 3830 quum
1254 3743 1385 3822 videret,

324 3831 448 3894 nullam
463 3856 527 3897 esse
550 3833 676 3896 navium
693 3854 796 3911 usum,
810 3832 886 3918 quia
900 3853 995 3895 vacua
1018 3831 1120 3895 omnis
1145 3830 1313 3914 Hispanioe
1328 3847 1386 3895 ora

762 3957 770 3988 ¹
783 3959 862 4004 tacitis
873 3958 948 4005 Gron.

356 4051 389 4096 at
407 4051 457 4106 Quo
475 4058 624 4102 sanctitatrot
641 4056 699 4119 loco]
715 4057 770 4111 Quo
784 4058 838 4104 loeo
903 4055 935 4102 95
957 4057 1041 4105 Tantis
1075 4067 1195 4116 augasma
1226 4052 1385 4116 namn]

323 4118 480 4162 constituerat
500 4131 598 4180 agmen,
614 4123 665 4168 sive
681 4129 744 4168 stare
758 4119 838 4183 jusse-
870 4123 952 4182 Vulgo
966 4122 1058 4168 tacitis.-
1076 4133 1163 4180 parum
1181 4119 1312 4165 commodo
1330 4129 1387 4163 aar·

323 4187 369 4227 rat.
403 4181 427 4226 Si
450 4184 504 4242 quis
523 4187 602 4240 ‚rnalit
627 4187 766 4240 constiterat,
789 4201 837 4232 non
870 4199 908 4234 su.
941 4186 1031 4232 Moniti
1053 4199 1068 4232 a
1090 4183 1212 4230 Gronovio
1234 4181 1389 4242 reposuimus

322 4258 468 4306 magnopere
485 4251 684 4308 repugnabimus,
700 4257 725 4296 et
740 4251 838 4298 habebit
870 4252 951 4302 tantia,
971 4264 1026 4311 qua
1045 4250 1117 4296 lectio
1135 4255 1171 4296 eat
1189 4253 1248 4296 vett·
1265 4245 1390 4296 editorum

324 4309 432 4358 faventes
443 4314 504 4359 duos
515 4329 528 4361 e
540 4315 634 4374 scriptis
645 4315 740 4361 nostris.
870 4323 894 4360 et
906 4317 1054 4376 optirnarum
1070 4313 1138 4362 Mes,
