3036 4972
257 272 269 284 p
362 189 424 250 ns
690 227 695 242 .
738 187 1028 251 rrr1urvr1

207 367 276 420 urc.
288 367 345 420 tos.
369 365 538 420 commta:
561 353 676 420 utnix'
691 353 948 422 decem'dierum
975 353 1074 442 (quod
1095 363 1297 440 compertum
1316 361 1431 440 postea

207 434 345 484 ‘ic-²¹⁶⁸
369 443 429 524 est)
457 439 653 506 frumentum
685 454 871 528 superesset,
903 441 1188 529 Hispanorumque
1214 443 1258 507 ob
1287 441 1431 530 inopiam

370 528 513 594 transitio
538 527 775 614 parata-suerit,
799 529 824 593 si
846 531 1011 594 maturitas
1039 543 1222 614 temporum
1248 539 1432 613 exspectata

370 615 459 680 foret.
1177 635 1180 642 ·

374 713 396 741 ·“
415 701 511 764 XLI.
535 701 686 766 Ceterum
697 701 867 767 temeritati
878 702 1017 768 consulis
1028 723 1066 768 aa
1078 721 1286 788 praepropero
1300 699 1433 788 ingenio

371 789 537 852 materiam
550 789 645 854 etiam
661 789 788 854 fortuna
802 789 908 853 dedit:
931 789 1018 876 quod
1033 789 1069 853 in
1082 788 1291 875 prohibendis
1304 787 1434 873 prada

257 873 261 880 ’
372 874 495 940 toribus
512 875 728 956 ‚tumultuario
753 874 879 960 proelio,
905 897 943 940 ac
967 897 1124 961 procursu
1152 876 1252 964 magis
1280 873 1432 951 militum,

372 983 467 1047 quam
482 983 523 1026 ex
542 974 723 1048 praeparato
737 973 792 1026 aut
809 963 898 1048 jussu
911 962 1151 1046 imperatorum,
1167 977 1249 1038 orto,
1264 961 1434 1047 haudqua-

210 1067 364 1180 panuutores
372 1069 466 1150 quam
482 1051 543 1200 pap
560 1047 668 1112 Poenis
679 1049 845 1198 Ιἀὶιιιέοειῑὶρ
858 1047 928 1114 fuit
944 1048 985 1112 ad
998 1049 1082 1148 mille
1096 1060 1128 1113 et
1141 1049 1335 1149 septingepti
1344 1044 1356 1082 ‘
1365 1069 1434 1112 cae·

106 1155 111 1160 ·
231 1144 297 1178 oenos
308 1145 354 1178 ΕΞ·
788 1155 821 1197 m
984 1147 988 1154 '
1026 1157 1037 1197 l
1302 1157 1330 1200 8·
1385 1183 1386 1186 Ἰ

128 1204 131 1214 ’
209 1195 332 1309 “tiit
371 1145 1436 1314 tlittttttttttetttttttttt‘ttttttttt

214 1331 216 1334 ·
372 1306 656 1384 Paullus'consu13
678 1307 767 1393 cujus
788 1329 827 1371 eo
851 1307 903 1372 die
926 1312 1013 1392 (nam
1035 1307 1164 1372 alternis
1191 1307 1433 1393 imperitabant)

314 1473 320 1482 .
372 1396 540 1479 imperium
556 1407 633 1469 erat,
650 1395 796 1459 Varrone
810 1394 997 1481 indignante
1011 1417 1049 1459 ac
1063 1394 1266 1475 vociferante,
1282 1393 1434 1463 emissum

372 1481 494 1545 hostem
511 1483 705 1558 cmunibus3
729 1480 950 1567 debellarique,
973 1480 1007 1544 ni
1028 1494 1183 1546 cessatum
1204 1480 1435 1566 soretpotuis-

372 1587 417 1632 se.
464 1566 630 1633 Hannibal
642 1567 677 1632 id
692 1569 842 1632 damnum
857 1567 944 1632 haud
954 1569 1124 1657 aegerrime
1137 1568 1221 1652 pati:
1237 1567 1314 1654 quin
1325 1568 1436 1652 potius

372 1653 512 1730 credere,
528 1654 614 1718 velut
635 1655 805 1720 inescatam
827 1655 1037 1719 temeritatem
1057 1655 1220 1719 ferocioris
1241 1653 1381 1718 consulis
1393 1675 1437 1718 ac

372 1763 527 1806 novorum
552 1742 691 1806 maxime
705 1738 841 1806 militum
863 1741 939 1805 esse.
959 1756 991 1805 et
1010 1743 1117 1806 omnia
1129 1742 1160 1805 ei
1176 1740 1328 1818 hostium,
1345 1739 1436 1806 baud

372 1849 462 1895 secus
477 1847 574 1912 quam
594 1850 660 1904 sua,
679 1839 757 1892 nota
778 1839 887 1892 eraut:
908 1827 1072 1892 dissimiles
1094 1827 1435 1914 discordesque-impe-

372 1914 479 1989 ritare,
493 1913 572 1978 duas
587 1911 689 1998 prope
708 1927 813 1999 partes
833 1914 974 1978 tironum
996 1913 1132 1979 militum
1146 1915 1180 1978 ia
1196 1915 1339 1980 exercitu
1355 1935 1436 1978 esse.

211 2013 357 2060 Hanmnalis
373 2001 497 2087 Itaque,
520 1997 625 2064 locum
649 2013 681 2064 et
707 1999 831 2084 tempus
857 1999 979 2063 insidiis
1006 2013 1116 2084 aptum
1141 2023 1174 2064 se
1193 1999 1311 2064 habere
1334 2012 1435 2082 ratus,

209 2078 312 2126 inedia
371 2096 466 2152 nocte
480 2081 630 2172 prox'ilna
644 2085 722 2150 nihil
737 2099 855 2172 praeter
869 2107 958 2150 arma
972 2087 1105 2150 ferentes
1119 2109 1224 2151 secum
1241 2086 1358 2152 milites
1373 2087 1436 2151 du-

372 2190 455 2253 cens,
478 2187 582 2238 castra
604 2173 697 2256 ple'na
711 2173 836 2236 ⁶ornnis
849 2171 985 2237 fortunae
1007 2173 1144 2258 publicoe
1165 2173 1362 2260 privatisque
1383 2195 1435 2238 re·

370 2261 503 2349 linquit;
526 2261 675 2344 transque
689 2259 854 2358 proximos
877 2271 999 2324 montes
1020 2260 1101 2324 laeva
1121 2259 1241 2344 pedites
1260 2259 1437 2326 instructos

371 2349 490 2425 condit,
504 2348 615 2410 dextra
626 2357 757 2432 equites,
771 2345 1009 2428 ⁷¹inpedimenta
1020 2367 1077 2431 per
1087 2346 1273 2423 convallem,
1289 2347 1436 2414 medium

370 2455 497 2521 agmen,
513 2432 669 2498 traducit:
695 2442 729 2496 ut
743 2431 1029 2518 diripiendisvelut
1042 2434 1173 2498 desertis
1187 2432 1263 2520 luga
1283 2433 1435 2500 domino·

370 2543 442 2584 rum
465 2518 577 2584 castris
600 2528 789 2602 occupatum
815 2517 1055 2604 inpeditumque
1078 2520 1200 2584 hostem
1226 2519 1435 2606 obprimeret.

371 2607 486 2670 Crebri
502 2605 602 2668 relicti
617 2605 650 2667 in
666 2605 777 2668 castris
796 2605 896 2691 ignes,
910 2607 947 2669 ut
959 2605 1040 2670 fides
1061 2606 1158 2681 lieret,
1176 2606 1252 2670 dum
1271 2607 1341 2690 ipse
1359 2599 1436 2672 ‘lou-

370 2693 441 2781 gius
472 2691 609 2776 spatium
639 2690 715 2790 fuga
745 2691 944 2774 praeciperet,
973 2691 1048 2756 falsa
1086 2692 1236 2780 imagine·
1253 2707 1437 2760 carnorum

371 2780 466 2864 (sicut
488 2778 622 2842 Fabium
643 2797 749 2862 priore
763 2799 847 2841 anno
862 2776 1030 2843 frustratus
1051 2779 1145 2861 esset)
1168 2791 1275 2842 tenere
1295 2779 1333 2843 in
1354 2780 1436 2847 locis

370 2865 515 2930 consules
529 2864 672 2930 voluisse.
717 2893 719 2898 ¹
968 2894 971 2902 ··
1193 2897 1201 2904 .

413 2951 527 3017 XLIl.
557 2951 622 3015 Ubi
647 2949 775 3034 inluxit,
802 2952 968 3018 subductae
992 2954 1098 3038 primo
1127 2953 1287 3034 stationes,
1312 2951 1435 3019 »deinde

369 3039 504 3124 propius
525 3037 889 3103 adeuntibus'insolitum
906 3041 1064 3104 silentium
1085 3039 1328 3104 admirationem
1346 3039 1435 3106 fecit

369 3125 442 3190 Jaor
467 3125 542 3189 satis
563 3139 725 3210 comperta
749 3125 930 3204 solitudine,
951 3129 984 3190 in
1007 3126 1117 3190 castris
1137 3147 1310 3190 concursus
1334 3127 1373 3191 lit
1394 3129 1438 3193 ad

370 3209 522 3299 praetoria
540 3211 716 3290 consulum,
736 3213 956 3277 nunciantium
977 3213 1084 3300 fugam
1106 3213 1244 3276 hostium
1266 3212 1348 3277 adeo
1369 3225 1437 3278 tre-

262 3325 263 3330 *
319 3333 322 3340 ·
370 3299 491 3384 pidem,
507 3311 551 3375 ut,
568 3298 779 3364 tabernaculis
790 3300 953 3377 stantibus,
971 3314 1074 3364 castra
1089 3298 1288 3384 reliquerint:
1304 3321 1438 3387 quoque

370 3385 453 3474 fuga>
461 3385 631 3450 obscurior
644 3399 734 3463 esset,
751 3385 881 3449 crebros
894 3386 989 3450 etiam
999 3384 1135 3449 ‘relictos
1155 3385 1255 3472 ignes.
1300 3385 1437 3452 Clamor

370 3473 446 3536 inde
467 3485 568 3548 ortus,
591 3484 627 3535 ut
648 3473 739 3560 signa
753 3471 886 3555 proferri
895 3471 1056 3558 juberent,
1072 3472 1289 3558 ducerentque
1304 3473 1345 3536 ad
1360 3495 1437 3559 per-

371 3557 546 3644 sequendos
566 3558 680 3633 hostes,
698 3581 735 3621 ac
749 3559 894 3640 protinus
909 3571 1012 3622 castra
1027 3558 1088 3622 diri
1113 3557 1216 3622 ienda.
1264 3558 1308 3622 Et
1321 3562 1437 3625 consul

370 3645 552 3710 altercatur
567 3665 649 3706 unus
670 3643 775 3706 turbae
793 3644 938 3708 militaris
958 3655 1032 3708 erat.
1081 3580 1319 3722 llaullusetiam
1338 3659 1438 3730 atque

370 3735 464 3796 etiam
477 3731 593 3810 dicere,
607 3729 840 3818 providendum
855 3731 1164 3816 praecavendumque
1174 3753 1249 3795 esse.
1261 3745 1437 3818 postremo,

732 3857 745 3896 f
758 3865 911 3933 septingentos
921 3847 994 3913 Gron.
1006 3867 1075 3914 crev.

402 3983 649 4045 6'Omnir·snrlunoe
661 3984 760 4044 publicae
775 3983 886 4044 privata·
918 3985 1053 4030 convallem
1080 3984 1264 4043 impedimenta,
1291 3989 1358 4046 quod
1386 3995 1439 4037 erat

369 4050 424 4111 que]
448 4049 559 4109 Intellige
582 4050 664 4094 omnia
684 4063 749 4106 cara,
773 4056 800 4096 ut
822 4049 887 4094 inira
918 4050 1028 4094 medium
1058 4061 1155 4108 agmen.
1195 4047 1303 4096 Videtur
1333 4054 1437 4101 innuere

369 4115 477 4173 loquitur
495 4113 587 4166 Livius,
606 4113 657 4159 sive
675 4127 730 4172 quie
748 4114 886 4174 reipublice
918 4113 1003 4158 Livius
1020 4113 1157 4174 equitatum
1171 4127 1200 4159 ac
1216 4115 1354 4173 peditatum
1372 4119 1438 4179 ipsos

369 4179 608 4236 Carthaginiensium
636 4183 726 4236 essent,
749 4181 800 4225 sive
830 4192 885 4238 quae
918 4189 1044 4240 superesse
1066 4183 1176 4224 montes:
1199 4179 1252 4242 'sola
1273 4180 1440 4240 impedimen.

368 4243 520 4304 singulorum
532 4243 640 4289 militum
652 4257 680 4290 ac
691 4244 791 4290 ducum.
918 4247 952 4306 ta,
964 4247 993 4288 ut
1003 4249 1063 4301 'quoe
1080 4241 1197 4302 gravioria
1214 4250 1273 4289 sunt
1289 4248 1437 4306 moliminis,

401 4307 604 4368 iImp'edr'menta
621 4321 667 4368 per
684 4307 818 4363 mundent,
838 4319 886 4352 πιτ-
918 4307 1030 4352 traducta
1047 4319 1091 4366 per
1107 4303 1252 4363 convallem,
1265 4310 1377 4372 longiora
1390 4313 1438 4359 eir.

366 4373 431 4419 dium
453 4387 545 4433 agrurn.
565 4372 679 4434 traducit]
705 4371 822 4418 'Producit
842 4383 886 4431 per
918 4372 995 4418 cuitu.
