3064 4976
325 215 366 276 ro
469 181 581 269 rrrr
608 196 745 268 nturi
772 208 865 270 rra
888 207 974 288 ron.
1001 207 1106 268 cra
1127 205 1245 268 mun.

165 388 233 438 usc.
246 386 303 436 534.
325 374 416 464 fungi
431 374 552 452 officiis,
568 395 664 460 quam
680 373 719 437 ad
736 372 912 438 exercitum
926 383 958 438 et
973 373 1005 437 in
1021 374 1217 458 provinciam
1231 373 1304 439 iret.
1350 373 1391 438 In

163 453 301 502 ΝΜ·
327 461 396 525 earn
420 460 615 550 legationem
627 459 761 609 (lepatos
786 459 871 525 enirn
895 460 978 539 mitti
1002 459 1134 546 placuit)
1158 459 1201 536 Q.
1217 459 1391 527 Terentius

163 518 264 566 Frustra
280 531 318 566 re-
509 550 516 562 .
549 548 556 561 .
729 547 737 561 ,
790 546 796 560 ,
824 546 831 559 ,
953 547 960 562 ι

162 590 271 632 vocamr.
297 612 300 632 ι
327 559 360 613 et
375 547 426 612 M.
439 551 596 613 Antrstrus
606 569 665 632 pro
678 559 748 624 ectr,
764 545 866 610 nrinlo
876 567 977 632 magis
992 569 1065 611 eum
1081 557 1278 624 moverunt³,
1294 569 1392 634 quam

164 648 194 694 U.
205 639 235 696 c.
246 647 303 698 535.
327 636 426 720 priori
441 634 606 698 consulatu
621 633 721 698 literae
736 647 899 697 moverant
913 633 954 698 ab
974 646 1084 699 senatu
1105 634 1221 698 missae.
1267 631 1393 698 Paucos

161 711 236 826 ἐξ·
247 713 303 791 ²¹7·
327 735 399 806 post
413 721 480 785 dies
497 721 714 808 magistratum
737 719 818 796 iniit,
839 719 1068 808 inmolantique
1083 721 1112 784 ei
1125 721 1242 785 vitulus
1256 722 1323 808 jam
1346 721 1392 785 ic·

163 793 210 902 152
221 792 319 892 coph
329 821 380 872 tus
396 831 413 872 e
428 807 573 871 manibus
589 805 832 871 sacrificantium
848 829 914 870 sese
926 829 1024 892 quum
1039 807 1257 894 proripuisset,
1274 806 1394 874 multos

164 909 241 955 minio
253 909 287 956 11.
327 896 567 960 circumstantes
591 916 704 958 cruore
729 893 885 978 respersit.
931 893 1023 982 Fuga
1045 895 1156 979 procul
1178 895 1271 958 etiam
1289 894 1394 980 major

164 972 232 1022 ⁰⁰⁸¹·
327 981 414 1068 apud
431 981 569 1064 ignaros,
582 979 659 1067 quid
670 979 891 1065 trepidaretur,
905 993 937 1045 et
951 981 1153 1046 concursatio
1166 980 1283 1047 fuit'id
1294 1006 1313 1048 a
1323 979 1393 1067 ple-

327 1071 434 1154 risque
448 1067 480 1130 in
497 1089 591 1132 omen
605 1068 714 1168 magni
729 1067 858 1170 terroris
879 1080 1054 1154 acceptum.
1098 1069 1291 1219 [epionibus
1316 1067 1393 1144 iude

328 1155 454 1220 duabus
469 1177 489 1219 a
506 1155 694 1240 Sempronro
709 1154 823 1237 prioris
838 1153 913 1217 anni
936 1153 1076 1236 consule,
1092 1155 1153 1220 dua
1180 1178 1247 1220 usa
1263 1155 1301 1220 C.
1318 1154 1393 1220 Ati·

328 1241 373 1305 lio
387 1252 525 1327 praetore
539 1241 686 1327 acceptis,
702 1239 736 1303 in
752 1239 913 1306 Etruriam
929 1263 986 1326 per
1002 1242 1161 1328 Apennini
1177 1243 1318 1308 tramites
1332 1263 1392 1308 ex·

329 1329 445 1396 ercitus
458 1327 532 1393 duci
547 1340 595 1394 est
608 1341 741 1413 coeptus.

717 1490 730 1529 r
747 1497 836 1534 mouere
846 1485 919 1534 Gran.
931 1485 1000 1552 Crev.
1058 1521 1059 1530 .
