3136 4970
320 129 400 204 'css
731 139 1007 202 T1T1L1v11
1122 143 1125 148 ·

181 326 253 442 gg.
262 325 317 440 ig}
342 317 475 394 quotuor
488 317 519 372 et
532 303 647 412 uiginti
659 327 757 372 annos
770 317 844 370 neto
858 308 1013 372 Matium
1027 306 1188 454 imperiae}
1199 299 1410 452 popntasdiio·

338 417 484 547 itt..
491 395 580 558 itt,
588 403 1180 564 iiriimpiiffiffiiiihiimtriri.
1189 387 1410 540 iiiii

343 569 423 633 hat?
453 569 560 634 Utrum
580 566 678 650 major
695 568 802 650 atiquo
822 587 900 630 narce
915 568 949 630 in
963 565 1076 652 Africa
1099 566 1261 629 calamitas
1283 569 1412 643 accepta

344 665 398 732 est,
414 675 506 739 worn
518 663 589 718 tnnc
602 654 638 717 in
655 650 817 736 Hispania
830 658 922 717 erat?
940 653 990 716 An
1004 650 1132 736 majores
1145 655 1410 714 nancsnnt'ecer*

343 744 422 806 citas
430 740 593 825 inAfrica,
604 742 691 804 daces
694 741 801 822 plnres
809 739 1013 824 melioresque,
1023 759 1112 823 prom
1120 747 1192 802 ncnc
1200 737 1235 800 in
1244 734 1412 818 Hispania

258 831 260 838 '
332 829 495 914 ficerunt?
519 825 573 890 An
586 836 663 891 retas
677 847 742 890 mea
753 836 824 890 tanc
838 827 988 890 maturior
1001 827 1078 890 hello
1088 823 1309 909 gerendofait,
1318 841 1410 906 qnam

345 935 426 978 nanc
446 919 517 978 est?
540 913 594 978 An
615 935 679 976 arm
694 912 954 997 Karthaginiensi
974 915 1058 976 hoste
1076 913 1110 975 in
1130 908 1302 992 Hispania,
1313 929 1410 991 qaam

345 1003 380 1065 in
396 999 519 1085 Africa,
536 994 642 1064 hellam
653 999 726 1083 geri
735 1001 840 1082 nptias
851 1004 921 1064 est?
943 999 1051 1063 Facite
1064 1008 1117 1073 est,
1128 1005 1200 1079 post
1208 995 1412 1080 fissosfaga-

345 1098 449 1171 tosque
463 1097 594 1171 arratam
607 1087 755 1150 exercitas
768 1088 914 1162 Panicos,
925 1095 997 1168 post
1010 1094 1055 1150 tot
1074 1085 1160 1149 arbes
1174 1083 1206 1146 oi
1220 1092 1338 1165 captas,
1354 1090 1412 1144 aut

344 1185 425 1239 metu
438 1174 578 1238 subactas
592 1175 626 1235 in
640 1173 800 1248 ditionem,
806 1182 878 1254 post
886 1173 1062 1254 perdomita
1073 1173 1176 1235 ornniu
1187 1190 1277 1252 isque
1286 1171 1331 1232 ad
1343 1193 1411 1233 oce-

343 1281 448 1336 anum,
463 1268 509 1323 tot
523 1261 653 1342 regulos,
668 1267 714 1322 tot
727 1279 822 1324 scruas
836 1267 951 1343 gentes,
961 1267 1032 1340 post
1054 1267 1202 1341 receptam
1218 1264 1313 1320 totam
1328 1257 1411 1324 His·

337 1349 479 1430 paniam,
503 1347 549 1408 ita
573 1354 608 1407 at
629 1346 787 1428 uestigium
808 1347 929 1408 aaran
947 1345 1020 1408 betti
1044 1346 1193 1428 reliquum
1217 1344 1268 1419 sit,
1288 1344 1411 1410 eleuare

343 1455 425 1496 rneas
438 1453 487 1496 res
497 1441 615 1515 gestare
631 1440 702 1507 tam,
713 1431 859 1508 Heracle,
871 1453 970 1515 qnam,
983 1433 1012 1495 si
1025 1432 1122 1496 victor
1135 1453 1173 1494 ea
1184 1430 1296 1516 Africa
1306 1433 1410 1496 redie-

345 1524 414 1597 rim,
424 1541 461 1582 ea
476 1520 547 1600 ipsa
560 1518 688 1592 eiecere,
700 1538 867 1600 qrroenanc,
878 1519 1034 1582 retinendi
1043 1519 1102 1581 mei
1111 1539 1228 1596 caussa,
1236 1527 1270 1581 nt
1280 1517 1410 1582 terribi-

343 1608 390 1669 iia
411 1606 514 1668 eadem
535 1605 708 1680 uideantur,
725 1604 822 1668 uerbis
843 1605 1037 1685 entolinntar.
1084 1605 1187 1687 Negat
1206 1606 1325 1667 aditam
1346 1626 1411 1669 esse

345 1693 380 1756 in
395 1691 547 1776 Africam,
564 1699 658 1774 negat
670 1692 747 1754 allos
756 1699 868 1772 patere
875 1700 995 1772 portus.
1027 1681 1076 1756 M.
1091 1690 1223 1754 Atilium
1238 1699 1360 1774 captum
1375 1693 1411 1755 in

346 1777 460 1863 rifrica
482 1786 706 1852 commemorat-5
729 1785 882 1859 tamquam
905 1777 954 1840 M.
970 1776 1089 1841 Atilius
1102 1778 1207 1860 primo
1228 1797 1347 1840 accessa
1367 1781 1412 1842 ad

345 1864 487 1950 Africam
501 1863 682 1948 obsaedmit.
697 1884 792 1946 neque
804 1865 994 1940 recordatur,
1007 1864 1058 1926 iili
1072 1864 1134 1945 ipsi
1143 1873 1206 1926 tam
1221 1863 1342 1948 irp‘elici
1353 1865 1412 1928 im-

252 1970 255 1976 ·
337 1952 484 2038 peratori
491 1950 633 2033 patrtisse
645 1958 745 2012 tamen
754 1958 865 2031 portus
879 1949 1008 2032 Africa,
1024 1959 1054 2014 et
1069 1949 1146 2014 ²⁵res
1156 1951 1296 2034 egregins
1303 1953 1412 2033 primo

343 2059 427 2101 anno
438 2039 576 2121 gessisse,
590 2046 630 2112 et,
648 2045 792 2119 quantam
815 2037 859 2098 ad
871 2037 1149 2120 Karthaginienses
1165 2037 1253 2100 daces
1274 2037 1410 2118 adtinet,

345 2126 489 2188 inuictam
504 2125 548 2186 ad
560 2124 697 2186 ultimam
706 2123 920 2204 permansisse.
960 2123 1051 2186 Nihil
1065 2124 1162 2207 igitar
1176 2143 1222 2186 me
1236 2123 1294 2186 isto
1309 2132 1344 2185 ta
1358 2145 1411 2186 ea-

343 2213 442 2294 empio
451 2210 614 2274 tanneris.-
628 2210 658 2272 si
670 2209 725 2272 hoc
735 2209 822 2284 hetto,
833 2229 894 2271 non
904 2210 1023 2290 priore,
1038 2210 1068 2272 si
1080 2230 1187 2292 nuper,
1200 2217 1231 2272 et
1244 2230 1306 2272 non
1320 2208 1410 2272 ²6an-

342 2299 392 2362 nis
407 2307 480 2361 ante
494 2296 715 2380 quadraginta,
733 2297 794 2358 ista
809 2297 909 2358 clades
924 2305 1048 2378 accepto
1055 2295 1156 2379 foret,
1172 2296 1227 2378 qni
1240 2315 1296 2379 ego
1309 2298 1411 2362 minas

342 2385 377 2447 in
392 2383 545 2467 Africam,
564 2382 684 2465 Regulo
703 2391 804 2463 capto,
823 2403 924 2464 qaam,
939 2381 1132 2464 Scipionibus
1153 2383 1268 2460 occisis,
1280 2383 1314 2444 in
1330 2381 1410 2447 His·

330 2491 332 2498 ’
336 2471 470 2552 panion
484 2468 683 2552 trajicerent
703 2467 901 2558 Necfelicius
916 2469 1130 2568 Xanthippmm
1144 2469 1410 2532 Lacedaemoniam

342 2555 548 2639 Karthagini,
564 2575 653 2638 wem
668 2575 714 2617 me
722 2556 842 2635 patria
855 2575 927 2618 meoe
940 2576 1068 2618 sennem
1082 2564 1187 2618 natam
1201 2575 1283 2618 esse.-
1297 2577 1410 2619 cresce-

342 2651 448 2732 retque
469 2641 546 2704 mihi
566 2662 604 2704 ea
617 2661 652 2702 eo
672 2642 738 2723 ipso
746 2641 882 2722 fidncia,
899 2643 979 2724 qnod
993 2643 1094 2724 possit
1113 2643 1147 2704 in
1168 2641 1300 2706 hominis
1318 2643 1411 2706 anias

343 2730 456 2792 virtute
469 2735 588 2792 tantum
603 2728 745 2790 momenti
759 2748 829 2790 esse.
874 2727 917 2790 At
930 2729 1023 2790 etiam
1039 2727 1239 2792 Athenienses
1260 2727 1412 2792 audiendi

342 2821 422 2892 stent,
438 2823 548 2878 temere
563 2814 597 2876 in
611 2813 761 2888 Siciliam,
778 2815 885 2877 omisso
899 2814 981 2878 domi
1002 2814 1088 2890 helio,
1104 2815 1298 2898 transgressi.
1346 2816 1413 2878 Our

343 2922 426 2984 ergo,
443 2901 586 2983 qnoniam
604 2901 729 2972 Graecm
737 2899 872 2984 fantes
886 2921 1034 2964 enarrare
1047 2881 1152 2978 'aaran
1167 2921 1227 2963 nou
1242 2898 1412 2985 “Agatho-

343 2989 415 3049 ctem
429 2987 541 3067 potius,
557 2987 778 3070 Syraaasannm
792 3007 904 3068 regem,
918 3008 1006 3072 quam
1021 2988 1076 3050 cia
1089 2987 1201 3050 Sicilia
1212 2987 1334 3050 Punico
1348 2988 1412 3051 oet-

342 3075 373 3135 in
387 3080 535 3148 ureretur,
545 3081 763 3156 transgressum
779 3073 813 3134 in
824 3073 903 3135 hanc
913 3074 1044 3137 eamdem
1054 3073 1207 3158 Africam,
1219 3075 1366 3139 auertisse
1377 3097 1412 3139 eo

343 3159 460 3237 hellam,
476 3160 558 3222 ande
570 3167 705 3246 cenant,
721 3157 886 3242 ²8refers?

786 3339 797 3368 ⁸
809 3335 881 3400 refert
892 3337 965 3410 tiron.

372 3485 404 3532 25
420 3486 470 3533 Res
482 3487 589 3545 egregias
604 3487 685 3546 primo
700 3500 761 3532 arsno
774 3487 860 3546 gemm
892 3493 929 3534 est
939 3487 995 3536 stt.
1007 3495 1065 3534 sunt
1075 3487 1146 3546 plene
1157 3485 1214 3532 anni
1225 3484 1411 3546 quinquaginta.

339 3551 374 3616 re]
393 3551 521 3610 supplebis
537 3551 603 3596 nullo
618 3550 715 3610 negotio
725 3565 793 3596 enm:
811 3563 860 3610 quo
892 3551 1005 3600 Dubitari
1017 3559 1098 3601 tamen
1112 3557 1200 3611 potest,
1211 3561 1241 3596 en
1253 3563 1302 3596 nen
1315 3549 1412 3608 Liuius,

338 3617 458 3662 miremur
483 3614 518 3660 ita
543 3617 662 3662 offensum
688 3629 740 3662 esse
766 3617 858 3662 Grono·
891 3617 934 3676 qui
950 3618 1016 3664 hauri
1032 3631 1089 3662 sane
1101 3617 1203 3674 diligens
1219 3620 1256 3659 est
1272 3615 1412 3662 inredden-

340 3680 418 3733 sium,
441 3687 468 3726 ut
495 3680 579 3726 relicta
600 3680 645 3745 hee
670 3679 781 3733 tectione.
803 3695 858 3740 quse
891 3682 928 3726 dis
956 3683 1074 3736 numeris,
1096 3679 1216 3739 scripserit
1244 3679 1409 3740 prendragtnta.

339 3743 396 3793 Put.
412 3751 437 3790 et
454 3743 514 3803 regii
531 3745 642 3792 conicum
659 3750 706 3800 eet,
723 3745 858 3804 languidio-
890 3759 968 3804 quum
979 3760 1043 3792 anno
1054 3750 1169 3805 sequente
1181 3743 1207 3796 (1.
1216 3743 1317 3792 XXIX.
1328 3744 1410 3802 aii.)

336 3821 390 3854 rem
412 3809 481 3854 iiiam
503 3815 649 3868 proeoptnsse
671 3809 737 3855 vaus
758 3809 799 3862 sit,
822 3823 859 3854 res
890 3818 1073 3858 ennnstantum
1092 3814 1204 3856 numeret
1217 3811 1410 3869 properataque·

333 3877 412 3931 gestas
438 3871 466 3917 ah
493 3887 517 3918 co
545 3874 651 3932 egregias
675 3875 755 3934 primo
780 3887 857 3920 annos
888 3876 959 3934 ginta
972 3891 987 3922 a
1003 3875 1040 3922 M.
1053 3874 1157 3936 Regulo,
1169 3873 1197 3918 L.
1211 3873 1305 3920 Manlio
1322 3887 1409 3922 eonsu-

336 3949 410 3995 qaam
428 3935 526 3994 quidem
545 3937 652 3984 Clericus
668 3938 741 3984 etium
758 3939 783 3984 in
801 3952 857 3984 eon·
890 3940 963 3988 libus.

335 4005 432 4046 textum
449 4000 592 4056 immiserat,
603 4002 685 4048 recisis
704 4008 787 4050 tamen
797 4003 857 4050 due·
922 4005 953 4052 st
969 4003 1121 4064 Agathoclem
1138 4033 1144 4047 .
1160 4035 1168 4051 .
1183 4002 1357 4063 Spracsaannm
1373 4015 1409 4048 rc·

335 4065 382 4110 bus
393 4064 492 4112 vocibus
503 4065 532 4112 at
543 4079 577 4112 eo.
885 4068 953 4131 gans]
975 4070 1028 4115 Hoc
1045 4069 1193 4116 felicissimae
1208 4067 1317 4115 aueaaae
1334 4065 1411 4113 eanu-

367 4129 400 4178 26
421 4127 500 4175 Annis
522 4134 577 4176 anta
598 4129 766 4194 maireginte]
801 4133 856 4180 Insa
887 4136 949 4182 lium
967 4134 1061 4194 plenius
1074 4139 1214 4180 enunatum
1230 4133 1335 4192 reperies
1345 4131 1410 4190 apud

335 4195 515 4255 quinquaginta,
533 4198 562 4241 ut
578 4197 689 4242 observat
707 4196 855 4244 Perizonius.
888 4197 979 4245 Justin.
992 4200 1008 4246 l.
1018 4197 1103 4245 xxu.
1116 4207 1140 4246 et
1153 4197 1264 4256 inprimis
1275 4197 1340 4256 opud
1351 4195 1410 4241 Dio-

336 4259 443 4320 negatus
463 4259 528 4306 euim
547 4267 632 4320 captus
652 4268 688 4306 cst
709 4273 773 4308 asino
793 4276 816 4308 n.
835 4277 856 4310 c.
889 4263 938 4310 dor.
951 4265 967 4309 Ι.
980 4263 1039 4309 XX.

333 4320 388 4371 tot.
401 4338 415 4370 a
426 4339 475 4385 quo
487 4339 562 4385 usque
574 4326 604 4370 ad
621 4325 685 4370 hunc
697 4339 801 4382 annum,
814 4329 855 4388 qui
922 4329 952 4376 28
970 4324 1065 4390 Rrffcrs]
1084 4329 1222 4376 Gronovius
1238 4325 1314 4372 edidit
1332 4322 1410 4386 sitiri.
