3140 4972
361 207 362 218 ι
474 179 569 241 LIB.
590 177 688 240 XXV.
715 179 818 241 cAP.
839 177 926 240 VIII.
1175 179 1230 242 261

170 342 269 430 sique,
280 342 337 430 qui
346 353 563 430 sequerentur,
573 343 797 410 abTarraoina
806 339 1050 430 comprehensos
1060 337 1171 409 omnes
1180 365 1230 408 re-
1240 357 1270 404 υ.
1280 357 1309 407 o:
1319 359 1374 407 tto

170 441 345 496 traxerunt.
366 428 529 496 ”deducti
550 430 583 494 in
605 429 745 509 comitio,
761 417 932 518 virgis'que,
954 428 1152 516 adprobante
1172 423 1269 516 po-tb
1281 423 1376 496 ΜΗ·

169 516 257 602 pulo,
273 515 348 582 oaesi
361 515 403 582 de
416 538 496 581 saxo
506 515 706 618 dejiciuntur.
1214 597 1217 606 ι

211 602 310 668 VIII.
334 601 443 689 Hujus
457 615 604 668 atrocitas
618 623 727 688 poenae
740 601 907 668 ¹⁵dnmnm
919 602 1185 670 nobilissimarum
1195 604 1227 669 in

170 687 265 754 Italia
280 689 470 755 Graeoarum
485 688 657 754 civitatium
673 689 796 754 animos
816 689 962 771 irritavit,
976 689 1110 778 ⁴*quum
1120 705 1133 732 ²
1145 691 1240 776 pub:

168 775 238 853 lice,
251 789 321 840 tum
336 774 430 840 etiam
444 775 584 861 singulos
597 776 756 860 privatim,
769 777 945 862 utquisque
959 787 1024 841 tam
1039 775 1230 843 soedeinter·

168 875 270 926 emtos
281 873 338 926 aut
349 861 594 948 propinquitate,
604 872 660 926 aut
668 861 1027 947 amicitiaoontingebat.
1057 863 1109 928 Ex
1120 865 1158 927 iis
1166 877 1230 930 tre·

167 947 271 1012 decim
286 947 352 1012 fere
365 946 486 1012 nobiles
495 949 628 1033 juvenes
641 945 809 1013 Tarentini
823 949 1079 1035 conjuraverunt,
1092 972 1228 1036 quornm
1239 967 1379 1033 conjurato

167 1033 327 1120 principes
337 1034 420 1098 Nico
430 1046 462 1098 et
472 1033 676 1098 Philemenus
684 1047 782 1098 erant.
821 1033 881 1113 Hi,
892 1035 989 1120 priua,
1002 1055 1097 1121 quarn
1106 1036 1229 1123 ,aliquid
1238 1033 1348 1084 Tm·

166 1132 341 1197 moverent,
353 1119 608 1206 conloquendum
618 1139 691 1185 cum
704 1118 890 1186 Hannibale
901 1121 973 1198 rati,
985 1132 1079 1187 nocte
1091 1141 1148 1205 per
1159 1145 1231 1208 spe-

168 1206 391 1272 ciemveuandi
402 1204 667 1294 urbem⁰egressi,
677 1204 718 1271 ad
730 1227 801 1272 eum
812 1205 1066 1291 proficiscuntur.
1078 1218 1120 1286 et,
1130 1229 1229 1296 quum

167 1291 252 1357 baud
267 1293 380 1378 procul
394 1293 503 1358 castris
517 1291 673 1369 abessent,
682 1291 778 1357 ceteri
793 1292 871 1357 silva
884 1315 986 1378 prope
996 1294 1080 1358 viam
1096 1315 1161 1378 sese
1175 1317 1229 1360 oc-

167 1379 351 1444 culueruntr
369 1379 452 1444 Nico
466 1391 498 1444 et
514 1377 729 1459 Philemenus,
743 1399 803 1464 pro
827 1381 902 1444 ressi
917 1379 958 1444 ad
972 1381 1121 1444 stationes
1143 1403 1230 1446 oom-

167 1465 390 1552 prebensique,
407 1464 491 1530 ultro
506 1465 539 1529 id
551 1477 703 1549 petentes,
714 1465 757 1529 ad
810 1464 988 1530 annibalem
1005 1465 1131 1532 deducti
1147 1480 1228 1534 runt.

169 1549 237 1628 Qui
253 1573 352 1640 quum
371 1565 406 1616 et
426 1573 550 1616 caussas
570 1549 692 1615 oonsilii
706 1551 764 1629 sui,
781 1565 813 1617 et
826 1551 903 1635 quid
919 1565 1077 1637 pararent,
1094 1575 1230 1640 exposu-

166 1638 279 1715 issent3
302 1636 494 1715 oonlaudati,
510 1637 694 1723 oneratique
713 1637 883 1722 promissis,
895 1638 1063 1724 jubentur,
1074 1652 1112 1705 ut
1133 1640 1230 1706 fldem

168 1725 375 1812 popularibus
387 1723 536 1800 facerent,
551 1721 750 1809 ⁴⁵praedandi
762 1745 871 1790 caussa
880 1747 914 1788 se
925 1727 1003 1790 urbe
1014 1746 1162 1814 egressos,
1174 1750 1230 1813 pe-

167 1833 243 1876 cora
257 1809 582 1898 Karthaginiensium,
598 1831 670 1894 quae
683 1821 808 1896 pastum
847 1811 976 1898 repulsa
989 1825 1105 1890 essent,
1120 1814 1163 1878 ad
1176 1804 1233 1879 ιιιὲ

168 1896 241 1962 bem
256 1918 361 1985 agere.
375 1909 446 1963 tuto
459 1919 496 1962 ao
511 1897 579 1961 eine
588 1894 758 1960 certamine
768 1897 801 1962 id
824 1909 961 1978 acturos,
972 1899 1162 1984 promissum
1173 1914 1229 1968 est.

169 1983 350 2068 Conspecta
362 2006 399 2048 ea
413 1982 524 2068 praeda
540 1983 692 2069 juvenum
707 1996 771 2048 est:
795 1982 971 2071 minuique,
987 1985 1101 2048 iterum
1117 2008 1155 2067 ao
1170 2011 1230 2052 sae·

167 2071 238 2156 pius
249 2070 285 2134 id
295 2069 650 2146 eosauderq'miraeulo
664 2068 730 2134 fuir.
770 2069 940 2158 Congressi
955 2089 1027 2135 oum
1044 2070 1231 2139 Hannibale

167 2178 286 2236 rursus,
299 2155 363 2222 fide
373 2168 553 2232 sanxerunt,
563 2154 679 2220 liberos
687 2156 880 2222 Tarentinos
893 2155 977 2242 leges
988 2179 1105 2242 suaque
1121 2160 1230 2226 onmia

165 2241 341 2322 babituros,
353 2265 456 2330 neque
467 2241 568 2306 ullum
576 2241 707 2329 vectigal
721 2241 821 2306 Poeno
853 2265 990 2320 ausuros,
1003 2243 1230 2328 presidiumre

165 2328 283 2394 invitos
295 2345 496 2415 recepturos:
519 2327 648 2414 prodita
661 2328 810 2413 praesidio
821 2263 1135 2417 Ilartbaginiensium
1146 2330 1228 2396 ¹fore.

170 2415 253 2482 Ilaeo
269 2415 324 2480 ubi
337 2426 563 2492 convenerunt,
578 2427 655 2480 tuno
665 2435 741 2479 vero
752 2412 953 2480 Philemenus
967 2416 1227 2482 consuetudinem

165 2500 461 2586 nooteegrediundi
482 2500 699 2600 redeundique
719 2500 752 2564 in
777 2499 887 2566 urbem
912 2501 1157 2589 frequentiorem
1180 2503 1229 2569 fa·

166 2611 255 2654 cere:
278 2594 324 2674 (et
337 2603 404 2654 erat
419 2589 553 2652 venandi
573 2586 677 2652 studio
698 2585 847 2673 insignis)
862 2609 954 2652 canes
977 2611 1016 2653 ue
1031 2603 1063 2654 et
1076 2589 1156 2655 alius
1171 2592 1227 2656 ad·

164 2685 295 2760 paratus
309 2675 513 2761 sequebatur3
536 2685 729 2759 captumque
749 2675 847 2738 ferme
861 2611 993 2761 aliquid,
1009 2689 1065 2741 aut
1080 2677 1121 2740 ab
1136 2677 1229 2744 hoste

164 2785 205 2826 ex
219 2783 288 2848 prae
330 2774 400 2825 rato
414 2760 554 2826 ablatum
569 2759 772 2845 reportando,
784 2760 923 2826 donabat
934 2779 989 2827 aut
1000 2762 1161 2847 praelecto,
1174 2778 1228 2831 aut

164 2847 287 2913 custodi
314 2869 349 2912 us
363 2860 539 2932 portarum.
561 2859 656 2910 noete
671 2847 810 2912 maxime
821 2869 1000 2912 commeare
1013 2863 1146 2934 propter
1160 2871 1226 2915 me·

165 2948 233 2999 tum
248 2932 397 3012 hostium,
410 2932 591 2998 credebant.
637 2932 704 2997 Ubi
713 2934 780 3021 jam
792 2934 1077 3020 eoxconsuetudinis
1088 2935 1227 3004 adducta

164 3033 214 3085 res
235 3033 293 3098 est,
318 3033 363 3102 ut,
384 3041 584 3107 quocumque
607 3020 870 3104 noctis'tempore
892 3020 983 3085 sibilo
1004 3020 1141 3088 dedisset
1162 3024 1227 3110 sig·

162 3129 250 3184 num,
265 3119 359 3192 porta
373 3106 558 3194 aperiretur,
573 3121 696 3192 tempus
717 3106 850 3194 agendae
865 3106 911 3170 rei
929 3105 1106 3172 Hannibali
1121 3109 1225 3175 visum

164 3207 220 3258 est.
265 3192 381 3258 Tridui
397 3191 479 3256 viam
494 3191 620 3256 aberat:
643 3191 709 3269 ubi,
724 3215 789 3280 qno
804 3193 908 3256 minus
922 3193 1038 3258 mirum
1054 3207 1143 3272 esset,
1159 3218 1225 3260 uno

163 3280 338 3381 eodemque
348 3279 421 3344 loco
432 3279 542 3344 stativa
552 3301 625 3342 eum
636 3279 758 3346 tamdiu
769 3278 896 3356 habere,
909 3301 1031 3363 aegrum
1043 3280 1223 3348 simulabat.

164 3367 318 3431 Romanrs
329 3388 465 3453 quoque,
475 3365 529 3468 qui
541 3365 573 3428 in
585 3365 732 3450 praesidio
745 3365 877 3430 Tarenti
889 3380 990 3450 eraut,
1003 3379 1147 3453 suspecto
1157 3391 1226 3434 esse

159 3453 226 3540 jam
242 3453 347 3540 segnia
361 3473 453 3516 mora
467 3473 532 3538 ejus
546 3450 692 3518 dealerat.

356 3599 370 3628 ¹¹
380 3600 431 3643 tum
441 3597 516 3644 Gron.
781 3597 858 3646 ⁰nrle
869 3597 944 3644 Gran.
957 3598 1028 3645 Crev.
1102 3637 1106 3646 ,
1126 3577 1127 3580 Ἴ

94 3753 97 3764 ,
194 3714 227 3762 42
243 3712 675 3776 Dedaetlirreomtllo1Legendum
707 3711 1042 3774 potiusquamvulgsri,i11
1059 3712 1147 3772 quibus
1162 3711 1228 3774 legi-l

163 3781 272 3827 videturr
291 3779 390 3838 reducti,
404 3779 522 3840 uirgirqar
537 3779 563 3824 ln
574 3777 675 3831 romilio,
708 3785 748 3824 tur
759 3783 809 3825 lum
818 3779 916 3838 publice.

157 3843 464 3906 membraneus&
739 3841 772 3888 45
788 3842 995 3889 Proedondr'causo
1005 3855 1029 3888 re
1044 3841 1099 3888 arde
1108 3841 1228 3910 egressor}

193 3908 227 3956 48
250 3909 362 3954 Duorum
377 3938 385 3954 .
401 3938 408 3954 .
426 3907 562 3955 &nuaram
592 3907 676 3952 duita-
708 3907 785 3966 Supra
802 3909 917 3954 dicuntur
936 3907 962 3953 hi
975 3905 1079 3970 juvenes
1098 3912 1162 3954 nocte
1178 3923 1223 3970 per
1319 3921 1321 3926 ⁴

160 3965 224 4034 tam]
246 3972 443 4028 Tarentinorum,
462 3973 492 4019 de
511 3983 614 4032 quonum
634 3973 676 4018 de·
706 3972 802 4032 specim
819 3971 919 4018 wnondr'
933 3973 1026 4031 egressis
1060 3973 1128 4019 Infra
1138 3974 1169 4018 de
1181 3987 1222 4022 ve-

159 4037 263 4084 sentiam
280 4038 363 4084 statim
381 4043 480 4098 agetur:
498 4037 673 4094 Thurinorum,
707 4037 804 4082 natione
814 4036 903 4082 iterum
917 4049 997 4082 sermo
1007 4041 1052 4084 est.
1086 4039 1221 4099 ltaquein·

159 4103 189 4148 de
199 4101 289 4162 quibua
299 4102 371 4158 infra,
381 4115 402 4148 c.
415 4100 455 4148 15.
706 4101 864 4160 telligendum
879 4107 916 4145 est
927 4101 1125 4162 enseignifirasae
1141 4109 1222 4162 porra.

191 4165 304 4213 M'Cum
319 4166 424 4230 prrlliee]
441 4166 556 4214 Levieula
572 4177 611 4211 reo
629 4171 673 4210 eet.
706 4177 762 4211 rum
773 4165 913 4210 erratodibus
926 4178 953 4211 se
968 4166 994 4211 in
1009 4172 1142 4226 utrumque
1152 4181 1222 4228 pera.

161 4229 207 4278 Sed
231 4236 313 4278 nmen
344 4244 430 4292 quum,
453 4231 576 4278 Gronovio
602 4235 671 4282 teste,
705 4237 742 4277 tos
754 4230 828 4287 exire,
840 4236 868 4275 ut
881 4234 906 4274 et
917 4234 1072 4286 venarentur,
1089 4237 1123 4285 et,
1142 4233 1164 4278 si
1178 4235 1220 4280 da·

159 4300 207 4340 tres
223 4297 294 4342 bonae
310 4303 375 4342 notae
392 4295 474 4356 scripti
491 4297 595 4342 habeant
611 4308 673 4352 cam,
704 4301 771 4342 retur
790 4295 897 4360 occano,
912 4309 948 4356 ex,
961 4296 1031 4343 hoste
1053 4297 1147 4358 predas
1164 4310 1233 4370 αέα-1,

158 4357 205 4405 illis
226 4361 443 4421 obtemperandum
470 4374 522 4408 esse
547 4361 672 4415 duximus,
704 4365 766 4406 rent.
1067 4367 1071 4374 ’

757 4431 805 4487 53
