3060 4960
379 233 437 288 550
757 223 867 286 Tt'rt
897 223 1050 288 L1v11·
1230 267 1246 300 ,

219 413 250 464 υ.
261 415 289 460 c
299 418 366 470 κει,
380 390 516 458 randum
531 389 716 467 exercitum,
735 389 977 478 Syphacemque
991 389 1216 467 hortandum,
1226 411 1269 467 ne
1282 388 1361 455 bello
1373 386 1421 456 ab·

217 477 357 525 A·⁰·⁹⁰³·
380 479 514 556 sisteret,
536 475 697 558 censebat)
716 475 786 542 haec
809 477 975 551 sententia,
991 478 1065 562 quis
1091 475 1273 542 Hasdrubal
1295 499 1422 562 praesens

219 563 593 650 'immid-Barcmaeque
607 585 717 628 ornnes
736 561 882 628 factionis
902 561 1022 628 bellum
1045 563 1213 644 malebant,
1227 563 1311 626 vicit.
1354 564 1424 628 Inde

217 632 348 759 {35¹2ssss
381 650 529 728 delectus¹
547 649 579 714 in
604 647 682 722 urbe
704 649 850 735 agrisque
871 647 981 714 haberi
999 663 1132 734 coeptus,
1152 648 1239 714 etad
1261 647 1424 736 Syphacem

219 769 279 810 sant.
381 738 478 824 legati
493 735 590 813 missi,
602 758 723 802 summa
740 757 801 820 ope
812 749 842 800 et
855 736 958 820 ipsum
969 749 1167 821 reparantem
1182 735 1317 802 benum
1339 755 1424 820 quum

384 845 466 890 uxor
485 844 550 888 nou
567 823 646 907 jam,
663 833 697 886 ut
718 835 801 898 ante,
817 821 989 898 blanditiis,
1005 822 1080 890 satis
1101 821 1284 907 potentibus
1308 823 1347 886 ad
1369 821 1427 885 ani·

385 932 473 974 mum
492 911 639 983 amantis,
654 907 709 972 sed
724 911 870 993 precibus
891 923 923 974 et
945 908 1160 974 misericordia
1175 908 1334 983 valuisset,
1345 907 1427 992 plena

383 995 587 1062 lacrimarum
610 994 780 1070 obtestans,
796 1016 837 1059 ne
850 1007 973 1079 patrem
993 1015 1085 1060 suurn
1108 996 1307 1080 patriamque
1326 995 1428 1079 prode·

384 1097 442 1160 ret,
465 1081 638 1167 iisdemque
657 1081 792 1147 flammis
807 1080 1050 1168 Karthaginem,
1065 1081 1180 1166 quibus
1201 1096 1305 1146 castra
1324 1079 1428 1144 conflu-
1484 1119 1486 1126 ·

382 1181 539 1257 praesent,
551 1167 673 1234 absumi
688 1168 814 1234 sineret.
859 1167 955 1252 Spem
970 1189 1098 1254 quoque
1110 1183 1291 1254 opportune
1305 1165 1428 1232 oblatam

385 1254 570 1320 adferebant
584 1254 699 1342 legati:
723 1268 860 1338 quatuor
875 1253 972 1318 millia
985 1253 1217 1318 Celtiberorum
1234 1255 1319 1318 circa
1333 1252 1428 1316 urbem

384 1343 515 1408 nomine
530 1339 669 1417 Abbam,
685 1343 726 1404 ab
743 1339 1009 1426 conquisitoribus
1023 1341 1088 1404 stris
1102 1339 1261 1406 conducta
1275 1343 1308 1404 in
1325 1339 1430 1424 Hispa·

386 1429 452 1510 uia,
479 1427 617 1514 egregiae
641 1426 829 1511 juventutis,
850 1426 909 1492 sibi
931 1425 1127 1492 obcurrisse:
1150 1440 1182 1491 et
1207 1425 1429 1492 Hasdrubalem

386 1512 587 1600 propediem
602 1511 714 1576 adfore
735 1535 808 1578 cum
829 1534 926 1578 manu
942 1511 1187 1599 haudquaquam
1202 1510 1429 1578 contemnenda

389 1601 493 1687 Igitur
507 1620 572 1662 non
593 1599 730 1686 benigne
751 1597 848 1664 modo
861 1598 973 1684 legatis
987 1599 1165 1684 respondit,
1180 1600 1233 1663 sed
1250 1599 1382 1664 ostendit
1394 1611 1430 1661 et·

388 1689 451 1752 iarn
470 1684 706 1750 multitudinem
729 1685 901 1771 agrestium
924 1685 1150 1763 Numidarum,
1166 1685 1285 1772 quihus
1303 1706 1358 1772 per
1376 1705 1431 1748 eos·

388 1772 462 1838 dem
486 1771 554 1846 dies
575 1793 666 1836 arma
687 1787 848 1858 equusque
872 1770 1020 1848 dedisset,
1042 1784 1074 1836 et
1095 1791 1222 1836 omnem
1250 1771 1431 1857 juventutem

389 1857 538 1932 adfirmat
559 1858 737 1924 excisurum
753 1881 792 1922 ex
806 1879 916 1944 regno.
963 1857 1049 1924 Scire
1069 1860 1221 1936 incendio,
1246 1881 1309 1922 non
1324 1859 1431 1941 proelr'u,

389 1947 505 2020 cladem
518 1953 682 2028 acceptam.
697 1967 762 2010 eum
774 1945 851 2012 hetto
860 1945 1035 2029 infferr'orsm
1050 1965 1120 2020 esse,
1131 1947 1186 2028 qui
1195 1946 1432 2010 armisua'ncatar.

228 2035 314 2118 coptu
328 2046 383 2082 Μ
393 2029 478 2096 Haec
491 2031 521 2094 Ie
544 2031 603 2096 atis
617 2052 777 2115 responsa.
823 2030 866 2096 Et
881 2043 952 2114 post
965 2029 1033 2096 dies
1043 2051 1161 2114 paucos
1175 2052 1287 2096 rursus
1304 2030 1432 2094 Hasdru·

227 2101 341 2213 §iffi
392 2117 445 2184 bal
467 2131 500 2184 et
521 2054 656 2204 {yphax
680 2119 788 2202 copias
809 2118 997 2202 junxerunt.
1020 2117 1047 2180 is
1074 2116 1177 2182 omnis
1206 2119 1362 2182 exercitus
1387 2116 1433 2180 luit

225 2181 236 2226 ³
272 2181 288 2228 ⁸
390 2203 557 2284 ²⁸triginta
571 2202 669 2268 ferme
684 2203 817 2268 millium
832 2217 1036 2272 armatorum.

434 2286 532 2356 VIII.
557 2289 751 2372 Scipionem,
766 2288 853 2354 velut
861 2311 939 2440 dputu
962 2285 1131 2372 debellato,
1149 2290 1237 2378 quod
1263 2291 1303 2356 ad
1330 2289 1433 2378 Sypha·
1485 2313 1486 2326 ¹

884 2375 1136 2453 tineret,1Uticae
1157 2378 1379 2478 obpugnanda
1395 2377 1433 2439 in·
1485 2417 1486 2426 t

390 2397 460 2444 cem
477 2375 821 2464 Karthagirtiensesque
843 2399 860 2440 a

391 2477 525 2540 tentum,
536 2461 669 2548 jamque
691 2462 853 2528 machinas
874 2463 1095 2530 admoventem
1117 2485 1226 2541 murts,
1245 2463 1355 2529 avertit
1368 2460 1434 2526 fama

391 2549 598 2636 redintegrati
616 2548 705 2614 belli:
728 2549 922 2634 modicisque
946 2549 1102 2634 praesidiis
1127 2550 1166 2614 ad
1194 2553 1332 2635 speciem
1355 2547 1433 2612 modo

393 2635 567 2702 obsidionis
581 2649 666 2700 terra
682 2637 823 2722 marique
838 2635 964 2714 rebaris,
979 2636 1046 2720 ipse
1065 2657 1137 2702 cum
1153 2636 1273 2700 robore
1294 2635 1432 2702 exereitus

394 2725 440 2788 ire
454 2721 496 2788 ad
511 2721 615 2786 host'es
630 2722 743 2808 pergit.
789 2722 899 2786 Primo
914 2723 947 2789 in
963 2721 1096 2798 tumulo,
1112 2736 1253 2808 quatuor
1271 2723 1367 2787 ferme
1378 2719 1433 2784 mil·

393 2808 436 2874 liu
460 2809 597 2874 distante
621 2807 662 2872 ab
688 2808 796 2874 castris
827 2809 930 2895 regiis,
957 2808 1116 2874 consedit:
1149 2822 1281 2893 postero
1306 2810 1355 2874 die
1376 2825 1431 2870 cun

395 2895 536 2982 equitatu
554 2896 585 2958 in
603 2896 739 2977 Magnos
756 2895 955 2978 (invocant)
977 2917 1115 2978 campos,
1131 2895 1291 2980 subjectos
1307 2896 1337 2960 ei
1349 2913 1433 2959 tumu-

396 2982 438 3058 lo,
455 2979 630 3066 degressus,
647 2980 849 3047 subcedendo
863 2980 906 3046 ad
924 2981 1072 3047 stationes
1095 2982 1245 3058 hostium,
1262 2978 1433 3046 lacessendo-

396 3090 458 3155 que
473 3065 594 3130 levibus
615 3067 746 3152 proeliis,
762 3066 846 3132 diem
873 3067 1041 3132 absumsit:
1065 3079 1097 3132 et
1111 3089 1169 3152 per
1183 3067 1348 3154 insequens
1362 3063 1433 3130 hidu-

396 3177 452 3218 um
467 3151 668 3218 tumultuosis
689 3152 765 3217 binc
790 3167 885 3238 etque
910 3153 997 3218 illinc
1021 3153 1266 3218 excursionibus
1290 3155 1322 3218 in
1343 3153 1432 3221 vicen,

397 3241 478 3304 nibil
497 3239 587 3304 dictu
610 3239 684 3304 satis
708 3239 842 3324 dignum
864 3238 1015 3304 fecerunt.
1036 3252 1150 3325 quarto
1171 3239 1225 3304 die
1252 3235 1432 3324 utrimqueit

398 3327 496 3392 aciem
521 3328 704 3390 descensum
725 3338 784 3390 est.
831 3325 995 3390 Romanus
1011 3325 1203 3410 '‘prinpres
1225 3339 1300 3410 post
1321 3323 1434 3389 hastato·

398 3436 470 3478 rum
485 3414 588 3498 prima
603 3412 703 3500 signa,
718 3412 752 3476 in
767 3411 914 3476 subsidiis
935 3412 1059 3476 triarios
1079 3413 1260 3477 constituit:
1285 3412 1432 3512 equitatum

400 3497 547 3572 Italicum
572 3498 611 3562 ab
635 3497 750 3562 dextro
773 3519 884 3575 cornu,
900 3497 939 3560 ab
960 3497 1042 3562 Iaevo
1059 3497 1215 3562 Numidas
1239 3497 1433 3562 Masinissam·

760 3597 767 3617 ι
780 3627 793 3662 Ι
803 3619 919 3668 arandum
929 3621 1004 3668 Gron.
1013 3621 1083 3670 Creu.

399 3737 523 3784 brevitatis
542 3742 704 3784 consectatore
724 3735 913 3798 diligentissimo.
978 3744 1009 3784 st
1026 3737 1155 3798 Principes
1169 3743 1224 3798 past
1242 3737 1382 3785 sarmarum
1393 3726 1432 3789 Μ’·

400 3803 522 3857 Ceterum,
554 3809 650 3850 auctore
676 3802 808 3860 Gronoviu,
836 3803 913 3850 inelu-
945 3801 1078 3863 aurigas]
1089 3803 1223 3858 Postulans
1232 3803 1433 3852 umbrosamne

400 3869 477 3914 danda
501 3869 636 3928 parenthesi
664 3867 773 3917 duximus
799 3866 847 3914 tris
873 3867 916 3916 ills
946 3867 1110 3929 primaeuae,
1131 3869 1156 3916 id
1171 3873 1216 3922 ast.
1235 3881 1263 3914 es
1280 3867 1361 3928 quibos
1375 3859 1433 3930 prin}

400 3933 506 3979 membra
522 3933 646 3989 orstIouIr,
664 3932 749 3993 quihus
768 3933 915 3994 explicantur
947 3932 1154 3982 cansnbnsctes.
1187 3921 1435 3980 Cetarumhicsntsst·

400 4005 449 4044 tres
460 3997 598 4045 renuntia:
619 4004 647 4046 ut
658 4011 740 4044 sensus
752 4012 800 4056 noa
818 3997 915 4046 finietur
946 3997 1186 4060 geniumlassbstur:
1202 3987 1435 4064 perpran'pslhr

402 4061 485 4108 trisiIn
498 4061 693 4119 hisverbtataec
706 4067 914 4122 amiralinum·
947 4070 1053 4118 termam
1065 4065 1148 4121 prtna
1171 4065 1252 4124 sim.
1284 4059 1381 4108 Currant
1396 4051 1432 4104 illc.

402 4142 432 4188 pe
443 4125 550 4173 tentae
561 4128 732 4186 ultImmvs‘cs't.
950 4134 978 4176 ut
986 4129 1122 4188 postulabat
1130 4129 1270 4176 chamennia
1281 4125 1433 4190 mathew

436 4197 467 4238 98
486 4190 603 4252 Ibs'gr'nta
630 4193 734 4240 mittum
759 4187 919 4252 armatorum]
950 4207 1003 4240 rum
1014 4195 1040 4240 In
1051 4195 1189 4242 Instruenda
1201 4189 1358 4253 scis,a1a'rio
1368 4191 1433 4254 septnl

404 4257 515 4304 Fortasse
535 4259 588 4320 quis
605 4259 674 4304 malit
692 4260 780 4316 minis,
799 4259 918 4320 quomodo
951 4265 1061 4316 testatus,
1080 4265 1105 4306 et
1121 4260 1233 4320 Polybius
1254 4261 1280 4306 iu
1297 4257 1361 4316 hujus
1377 4251 1432 4310 istst*

402 4323 509 4436 Aurgsas
530 4331 555 4372 et
573 4326 717 4384 Campanus,
737 4331 762 4370 et
787 4325 918 4386 complures
951 4326 1175 4386 praeliinsrrutiottr.
