3122 4962
443 162 538 236 nrcss
558 173 802 244 xxvi-car.
824 179 918 239 xcv.
1148 175 1220 254 359.

145 340 657 431 horsocieadumnubclanrarent,
681 365 733 408 eos
756 339 987 432 Karthaginem
1008 343 1114 410 duxit.
1136 360 1349 416 tumnusta,

148 430 389 515 terramarique
402 428 665 518 eamobpugnari
674 429 775 514 jubet.
1213 432 1348 481 A·⁰·2¹⁰·
1448 438 1451 448 “

192 513 319 584 XLIV.
343 515 466 580 Contra
480 513 582 600 Mago
598 515 774 583 Poenorum
789 515 866 592 dux,
882 539 980 603 quum
1004 531 1088 584 terra
1108 521 1205 584 mari·

146 628 210 693 que
224 602 343 672 instrui,
352 601 621 689 obpugnationem
644 602 775 680 videret,
791 615 822 667 et
836 603 905 688 ipse
919 605 1025 690 copies
1039 608 1083 686 ita
1097 606 1145 671 dis
1191 645 1205 659 -
1225 677 1229 689 Ι

144 693 205 758 nit.
251 687 495 774 Oppidenorum
511 686 576 752 duo
597 687 696 753 millia
709 689 751 754 ab
765 712 801 754 ea
823 702 922 772 parte,
938 715 1001 777 qua
1015 707 1116 758 castra
1140 629 1206 758 fill-

145 800 242 846 mena
262 787 363 852 erant,
389 773 540 858 obponit:
564 775 744 862 quingentis
766 774 920 842 militibus
942 799 1046 842 arcem
1074 779 1204 844 insedit:

146 864 338 956 quingentos
352 860 476 926 tumulo
497 859 584 926 urbis
603 860 636 924 in
659 862 811 926 orientem
827 883 917 926 verso
933 863 1075 950 inponit:
1090 865 1206 932 ‘multi-

145 950 289 1018 tudinem
306 947 411 1024 aliem,
426 969 490 1033 quo
512 945 642 1024 clamor,
658 970 722 1034 quo
744 948 848 1028 subita
866 965 1007 1014 vocasset
1026 973 1085 1030 res,
1102 953 1355 1028 insen-emmam
1374 1001 1378 1008 .
1411 955 1424 972 “

147 1052 214 1105 tam
228 1033 389 1101 adomnia
403 1033 573 1098 obcurrere
582 1032 684 1118 jubet.
729 1031 887 1100 Patefacto
897 1035 1012 1100 deinde
1026 1051 1130 1122 porta,
1141 1061 1204 1117 eos,
1215 1029 1290 1079 roenr.
1377 1065 1380 1076 ¹

145 1147 226 1214 quos
246 1123 281 1186 in
307 1121 357 1186 via
377 1119 495 1186 ferente
519 1118 561 1184 ad
585 1131 689 1184 castra
710 1119 846 1186 hostium
870 1121 1072 1202 instruxerat,
1099 1125 1205 1190 mittit.

148 1210 298 1285 Romani,
313 1207 395 1274 duce
409 1206 479 1290 ipso
492 1206 707 1292 praecipiente,
722 1227 894 1292 parumper
909 1229 1038 1290 cessere,
1048 1223 1083 1275 ut
1097 1211 1206 1298 propi·

146 1319 219 1363 ores
240 1293 387 1360 subsidiis
412 1293 444 1356 in
470 1291 642 1358 certamine
665 1293 735 1378 ipso
759 1293 979 1359 submittendis
1004 1308 1116 1361 essent.
1162 1297 1206 1363 Et

146 1385 252 1470 primo
266 1379 351 1445 hund
366 1379 487 1464 inpari¹
501 1392 615 1446 stetere
628 1379 711 1442 acic:
735 1379 872 1444 subsidia
882 1381 1006 1458 deinde,
1022 1381 1205 1448 idemtidem

147 1469 335 1536 submissae
349 1465 471 1545 castris,
491 1475 759 1542 nou‘averterunt
781 1465 883 1530 solum
904 1467 937 1532 in
959 1466 1067 1570 fugam
1091 1471 1364 1555 hosteagvmwu,

147 1557 202 1624 scd
218 1553 298 1620 adeo
311 1551 416 1618 effusis
428 1551 623 1628 institerunt,
641 1565 685 1629 ut,
702 1551 761 1616 nisi
783 1553 924 1638 receptui
946 1556 1118 1633 cecinisset,
1134 1579 1206 1640 per·
1214 1569 1240 1614 in
1251 1567 1342 1628 rugam.

146 1643 243 1710 mixti
252 1637 446 1728 fugientibus
457 1637 615 1723 inrupturi
629 1638 723 1702 fuisse
736 1638 769 1702 in
784 1638 902 1704 urbem
908 1640 1098 1706 viderentur.
1126 1642 1207 1707 Tre-

145 1728 269 1816 pidetio
284 1747 361 1792 vero
374 1746 439 1792 non
454 1723 486 1786 iu
502 1722 619 1809 proelio
634 1725 744 1808 major,
759 1747 854 1810 quem
870 1738 936 1791 tota
949 1727 1029 1792 urbe
1042 1729 1110 1793 fuit.
1125 1729 1208 1793 mul-

146 1831 190 1882 tae
213 1813 361 1880 stationes
383 1810 535 1896 ³²pavore
558 1822 652 1896 atque
675 1815 751 1898 fuga
775 1811 908 1878 deserte
937 1829 1020 1890 sunt,
1043 1815 1207 1904 relictique

147 1903 252 1976 muri;
288 1919 398 1985 quum,
427 1918 491 1982 qun
525 1897 639 1983 cuique
674 1909 742 1962 erat
777 1898 970 1982 proximum,
998 1900 1205 1967 desiluissent.

144 1989 173 2028 ³³
183 1986 278 2059 Quod
295 1983 349 2049 ubi
363 2004 506 2071 egressus
522 1983 629 2068 Scipio
641 1983 673 2047 in
689 1985 856 2062 tumulum,
871 2006 964 2070 quem
982 1985 1136 2051 Mercurii
1151 2011 1206 2052 vo-

146 2086 234 2154 cant,
259 2069 490 2147 animadvertit,
519 2069 626 2134 multis
659 2068 800 2153 partibus
834 2069 956 2136 nudata
991 2071 1207 2138 defensoribus

146 2160 270 2230 moenia
283 2179 368 2233 esse;
390 2177 500 2220 ornnes
520 2177 538 2220 e
559 2155 667 2222 castris
688 2156 807 2220 excitos
828 2157 875 2220 ire
895 2157 937 2222 ad
957 2156 1206 2244 obpugnandam

147 2247 271 2322 urbem,
287 2259 319 2310 et
329 2242 410 2308 ferre
424 2240 521 2306 scalae
531 2239 633 2328 jubet.
656 2241 732 2326 ipse,
748 2241 843 2308 trium
859 2265 926 2328 prae
941 2265 974 2308 se
983 2245 1138 2329 juvenum
1153 2269 1206 2310 va·
1216 2275 1295 2336 scrpta
1305 2277 1345 2322 ωε

146 2335 287 2406 lidorum
309 2330 404 2395 scutis
425 2328 591 2412 obpositis,
607 2330 731 2414 (ingens
753 2329 835 2392 enirn
853 2331 921 2414 jam
935 2330 982 2394 vis
996 2333 1098 2395 omnis
1111 2342 1363 2419 gene-urbemur-

146 2421 192 2486 ris
206 2419 342 2484 telorum
363 2439 382 2480 e
407 2416 505 2479 muria
527 2414 665 2495 volabat)
681 2413 722 2478 ad
748 2415 858 2482 urbem
886 2416 1034 2496 succedit,
1048 2406 1288 2500 hortaturftdlr

148 2509 293 2592 imperat,
309 2525 381 2590 qnae
397 2503 427 2564 in
444 2512 616 2566 remeunt:
640 2499 790 2587 quodque
801 2501 972 2585 plurimum
983 2503 1022 2567 ad
1034 2504 1210 2570 accenden-

147 2593 208 2664 dos
233 2591 371 2656 militurn
396 2586 518 2652 animos
543 2587 703 2667 intererat,
726 2587 811 2652 testis
840 2602 1060 2675 spectatorque
1085 2592 1210 2657 virtutis

149 2693 246 2766 atque
268 2677 402 2764 ignavia
424 2674 577 2759 cujusque
605 2671 703 2738 adest.
748 2673 860 2760 ltaque
883 2675 917 2740 in
941 2675 1071 2742 vulnera
1089 2701 1127 2744 ac
1148 2677 1212 2743 tela

150 2777 266 2840 ruunt3
290 2783 392 2850 neque
405 2760 475 2823 illos
490 2759 586 2838 muri,
605 2779 707 2844 neque
733 2773 947 2846 superstantes
969 2764 1084 2828 armati
1103 2787 1211 2830 arcere

149 2862 282 2940 queunt,
296 2852 373 2936 quin
396 2846 540 2910 certatim
564 2844 767 2911 adscendunt.
812 2845 857 2910 Et
881 2848 921 2912 ab
941 2849 1073 2914 nauibus
1099 2850 1210 2916 eodem

148 2953 293 3024 ternpore
306 2957 353 3011 ea,
369 2955 441 3020 qnae
456 2931 537 2996 rnari
558 2930 706 3008 adluitur,
723 2954 796 3017 pars
810 2933 897 2997 urbis
911 2933 1090 3022 obpugnari
1105 2951 1211 3024 coepta

148 3038 207 3098 est.
253 3023 402 3088 Ceterum
419 3017 571 3083 tumultus
586 3016 659 3082 inde
675 3019 784 3104 major,
801 3041 896 3104 quam
912 3021 967 3097 vis,
980 3023 1124 3087 adhiberi
1142 3037 1210 3107 pot-

148 3123 227 3180 erat.
244 3109 321 3172 dum
342 3104 512 3189 adplicant,
527 3103 640 3166 ³⁴dum
655 3106 770 3189 partim
786 3119 951 3190 exponunt
969 3107 1067 3173 scalas
1083 3111 1211 3174 milites·

149 3220 222 3286 que,
240 3197 325 3268 dum,
341 3215 404 3278 qua
418 3191 531 3276 cuique
545 3190 727 3274 proximum
743 3205 800 3271 est,
815 3192 847 3255 in
864 3208 980 3258 terram
993 3196 1125 3259 evadere
1136 3219 1210 3280 pro-

149 3295 272 3372 perant,
289 3280 357 3366 ipsa
370 3277 568 3341 festinatione
580 3287 610 3340 ct
624 3274 650 3314 ³⁵
659 3273 830 3341 certamine
840 3277 893 3341 alii
908 3280 986 3343 alios
997 3279 1174 3365 inpediunt.

192 3367 295 3436 XLV.
314 3365 404 3430 Inter
419 3365 488 3428 haec
501 3360 675 3448 repleverat
685 3363 753 3448 jam
770 3361 888 3428 Poenus
903 3367 1032 3432 armatis
1047 3387 1164 3446 muros,
1180 3385 1211 3433 et

578 3538 593 3566 ¹
603 3535 784 3597 imparisGron.

180 3705 214 3754 32
232 3703 323 3752 Pavore
338 3708 405 3763 atque
416 3703 483 3767 suga
493 3703 588 3750 desem
597 3700 663 3765 runt]
697 3701 788 3763 Legere
806 3703 934 3763 possimus,
946 3703 1041 3750 inverso
1056 3703 1161 3750 duarum
1172 3706 1212 3752 lit-

149 3771 206 3818 Put.
228 3771 305 3818 codex
331 3773 399 3828 atquc
423 3782 475 3828 ugo.
519 3768 580 3815 Inde
601 3768 665 3813 hanc
697 3773 804 3813 terarum
827 3768 920 3825 ordine,
938 3767 1033 3828 ruptim.
1067 3766 1157 3816 Omnia
1172 3771 1213 3816 hic

148 3841 257 3882 nostram
283 3834 411 3879 lectionem
434 3833 549 3878 formavit
570 3833 665 3878 Grono·
696 3831 858 3879 dannationis
886 3833 973 3891 plenas
998 3832 1067 3877 unde
1089 3839 1114 3879 et
1135 3835 1160 3880 in
1183 3835 1214 3880 iia

148 3901 211 3946 vius.
239 3896 649 3958 Vulgatiotquelcrnderrrtanmt.
698 3909 753 3956 quae
783 3902 926 3956 sequuntur,
947 3896 973 3940 tu
1001 3900 1089 3942 terram
1121 3897 1215 3945 evadere

180 3963 215 4012 33
233 3963 300 4018 Quod
317 3961 477 4022 anagrates
499 3961 591 4024 Scipio]
618 3959 667 4006 To·
696 3961 830 4022 properum.
864 3959 903 4006 Sic
916 3961 1030 4023 etiaim,
1043 3963 1059 4006 Ι.
1072 3961 1176 4010 XXIX.
1192 3977 1214 4010 c.

148 4035 202 4075 turn
222 4027 403 4074 honorationis
420 4026 559 4072 membrum
570 4025 667 4072 retinxit
700 4025 739 4072 28.
755 4024 796 4069 ubi
808 4024 899 4084 vulgati
916 4029 980 4070 recte
996 4027 1121 4084 exhibent,
1130 4032 1215 4086 porte-
1304 4055 1311 4066 ·

148 4093 238 4154 partim
254 4105 285 4138 ex
302 4089 407 4152 scriptis,
419 4090 510 4150 partim
526 4104 556 4137 ex
572 4085 667 4150 conjec·
700 4102 743 4148 que
758 4088 845 4147 raptim
855 4089 947 4145 ebuso,
964 4094 1067 4138 testatur
1078 4092 1215 4138 Gronovius

149 4163 204 4203 tura
216 4155 356 4202 Salmasius.
390 4157 485 4202 Antea:
503 4153 562 4214 quod
569 4155 611 4200 udi
617 4167 668 4199 uer-
700 4152 749 4211 legi
758 4152 783 4197 in
792 4151 869 4197 tribus
880 4151 951 4198 MSS.
962 4155 1059 4211 portius.

149 4235 188 4266 sua
204 4221 286 4282 Scipio
304 4221 330 4264 trs
349 4219 474 4274 tumulum,
491 4231 557 4278 qroem
569 4217 667 4264 Merene·
732 4215 938 4286 35'Certomine]
956 4218 1023 4266 Dum
1040 4227 1135 4268 certant
1153 4222 1216 4268 inter

150 4285 214 4332 rium
228 4284 483 4344 retmemappeuant
496 4281 605 4331 aduenit.
702 4293 739 4338 se,
752 4281 807 4338 quis
825 4293 905 4340 majus
922 4284 1031 4332 studium
1052 4282 1218 4346 majoremque

182 4348 215 4396 st
232 4350 298 4395 Dum
315 4349 408 4409 partim
438 4351 556 4409 exponunt
582 4345 669 4409 ardus]
703 4345 852 4391 celeritatem
863 4345 982 4394 adhibeat.

150 4413 199 4463 llic
217 4413 315 4466 nullum
329 4414 411 4461 locum
423 4413 497 4460 habet
509 4425 557 4459 vox
569 4412 671 4472 partim.

729 4481 818 4537 aad
