3064 4976
345 173 384 239 66
734 171 832 246 ml
860 173 998 236 L1v11

184 360 217 424 n,
226 361 254 408 c.
266 357 322 408 sst.
345 339 433 406 tium
450 338 583 418 sitbset.
628 336 705 404 Nox
729 357 900 406 accensum
922 339 1105 426 ingentibus
1122 338 1243 410 animis
1259 336 1413 424 prelium
1518 413 1519 420 χ

153 482 161 497 .
185 429 216 488 ‚Aa
227 424 321 486 01²1ss-
345 426 488 492 diremit..
505 427 611 512 itaque
624 425 728 490 acrior
741 445 913 490 concursus
928 423 998 503 fnit,
1012 448 1109 512 quam
1123 425 1246 504 diedesa
1268 424 1414 504 etaient
1518 461 1519 494 ÷

346 529 472 600 aquata
495 512 594 578 ferme
618 533 728 598 pugna
747 523 826 588 erat,
840 511 886 576 ita
905 511 995 578 clade
1012 513 1080 598 pari
1103 511 1273 582 discessum
1291 526 1349 578 est.
1370 511 1414 578 ab
1518 555 1519 558 =

347 615 461 664 neutra
474 611 565 684 parte
579 597 737 664 sexcentis
750 597 822 683 plus
834 598 1005 681 peditibus,
1017 611 1050 664 ct
1062 597 1230 666 dimidium
1242 599 1309 684 ejus
1323 600 1417 684 equi·
1518 660 1519 690 ,

347 702 416 755 tum
438 685 563 752 cecidit,
606 683 671 750 Sed
691 686 792 770 major
809 683 974 762 Romanis,
989 693 1084 772 qnam
1107 708 1167 770 pro
1188 706 1334 762 numero,
1343 685 1417 771 jac·
1518 693 1519 742 ἒ

347 789 422 838 tura
436 772 512 837 inita
535 769 611 857 quia
624 772 776 857 equestris
796 770 918 836 ordinis
939 770 1070 859 aliquot,
1085 785 1119 837 et
1139 771 1259 837 tribuni
1274 771 1416 838 militum
1518 779 1519 856 ζ

372 860 498 946 uiaque,
514 872 546 923 et
560 856 732 943 ”praefecti
743 859 900 922 sociorum
913 870 984 936 tres,
996 871 1072 924 sunt
1081 857 1248 930 interfecti.
1294 859 1418 924 Secun-
1517 861 1519 936 j

347 883 425 1010 dum
440 967 510 1010 eam
524 967 547 1030 p
614 965 666 1008 am
682 942 849 1008 Hannibal
860 945 892 1007 in
906 945 1052 1032 Ligures,
1066 945 1273 1030 Sempronius
1289 944 1417 1010 Lucam
1518 941 1519 1002 ἶ

345 1035 511 1098 concessit.
587 1031 703 1096 enienti
719 1032 751 1097 in
764 1030 900 1117 Ligures
913 1031 1089 1096 Hannibali
1102 1054 1158 1116 pcr
1172 1031 1301 1097 insidias
1315 1029 1416 1098 inter-

276 1184 284 1198 ,
349 1119 433 1204 cepti
455 1118 522 1182 duo
544 1129 718 1204 quaestores
734 1117 892 1200 Romani,
911 1116 950 1182 C.
967 1116 1097 1190 Fulvius
1119 1131 1152 1184 et
1174 1117 1214 1184 L.
1232 1116 1414 1193 Lucretius,
1517 1131 1519 1204 l

249 1203 256 1219 '
350 1227 423 1270 cum
446 1203 570 1270 duobus
590 1203 725 1268 tribunis
748 1201 897 1282 militum,
912 1215 944 1269 et
958 1204 1100 1290 quinque
1119 1206 1272 1290 equestris
1293 1203 1417 1271 ordinis
1518 1211 1519 1292 j

347 1306 531 1366 ¹senatorum
551 1289 650 1354 ferme
671 1291 787 1366 liberis,
804 1312 868 1376 quo
888 1291 1105 1378 magisrotam
1120 1291 1274 1356 soracum
1290 1289 1416 1377 hispa-
1518 1305 1519 1311 ’

350 1400 419 1444 cem
434 1377 677 1463 societatemque
691 1375 843 1454 crederet,
857 1376 1037 1442 traduntur.
1117 1441 1120 1448 ,
1344 1439 1348 1448 ,

189 1473 359 1566 Βαεοξῑφι.
394 1463 472 1564 Lli.
494 1463 583 1564 Dnm
595 1462 666 1528 hac
681 1463 714 1526 in
730 1463 824 1528 Italia
840 1476 1006 1566 geruntur,
1029 1463 1092 1565 (ln.
1109 1463 1277 1534 Cornelius
1293 1463 1417 1565 Scipio,

140 1665 144 1672 A
189 1537 335 1650 ffgzfflffi
351 1549 594 1704 rlthgqspamanq
609 1571 682 1614 com
697 1549 794 1616 classe
808 1563 840 1614 et
854 1563 994 1616 exercitu
1008 1573 1131 1652 massus,
1147 1573 1260 1637 quum,
1276 1552 1317 1619 ab
1332 1566 1418 1619 osuo
1518 1567 1519 1572 ’

188 1680 268 1728 pansa
449 1658 502 1701 ant
515 1658 577 1722 pro
589 1653 689 1716 ectus,
703 1635 935 1728 Pyrenaeosque
950 1651 1323 1716 montes-orreumvectos‚
1336 1638 1418 1707 Em·

350 1723 448 1809 poriis
462 1723 633 1808 adpulisset
647 1722 789 1800 classem,
803 1724 951 1808 exposito
965 1723 1010 1788 ibi
1025 1724 1176 1801 exercitu,
1192 1746 1283 1790 orsus
1305 1748 1326 1790 a
1348 1724 1418 1790 La·

350 1811 479 1892 cetenis,
494 1831 622 1886 omnem
644 1831 732 1874 oram
756 1810 918 1894 usquead
941 1809 1069 1874 Iberum
1087 1810 1217 1888 flumen,
1232 1812 1350 1896 partim
1364 1833 1417 1876 re·

350 1895 505 1975 novandis
531 1895 743 1973 societatibus,
767 1897 883 1980 partim
909 1897 998 1962 novis
1024 1897 1232 1974 instituendis,
1259 1898 1419 1970 Romanae

349 1984 481 2048 ditionis
496 1982 577 2048 fecit.
624 1981 705 2048 Inde
718 1982 886 2056 conciliata
905 1983 1082 2048 clementiae
1101 1982 1196 2065 fama,
1212 2005 1277 2049 non
1291 1985 1333 2050 od
1347 2006 1419 2050 ma·
1516 1975 1519 2058 l

336 2070 474 2136 .ritimos
488 2069 584 2134 modo
598 2069 745 2170 populos,
760 2067 827 2147 sed,
839 2069 872 2133 in
883 2069 1122 2136 mediterraneis
1133 2092 1260 2156 quoque
1274 2093 1313 2136 ac
1323 2059 1418 2138 inon-

291 2223 295 2235 .,
320 2231 321 2240 ¹
351 2157 445 2233 tanis,
461 2156 502 2222 ad
517 2154 685 2222 ferociores
699 2157 768 2241 jam
784 2167 893 2242 gentes
909 2156 1025 2222 valuit:
1048 2178 1108 2225 noc
1122 2177 1187 2242 pax
1208 2156 1306 2222 modo
1328 2159 1418 2242 apud
1516 2151 1519 2192 '¹

350 2265 416 2322 cos,
432 2245 488 2308 sed
502 2242 634 2308 societas
648 2243 743 2330 etiam
764 2263 938 2320 armorum,
954 2255 1067 2328 parata
1080 2258 1144 2312 est:
1170 2243 1344 2331 validoeque
1357 2245 1420 2310 ali-
1463 2277 1467 2288 ·
1516 2267 1519 2294 1

352 2344 432 2418 quot
445 2328 636 2396 auxiliorum
651 2328 797 2396 cohortes
811 2351 851 2394 ex
864 2329 903 2394 iis
917 2331 1105 2415 conscriptae
1114 2344 1199 2410 sunt.
1244 2329 1421 2400 Hannonis

352 2420 397 2482 cis
413 2417 543 2482 Iberum
564 2415 729 2501 provincia
742 2427 825 2484 erat:
849 2438 920 2482 eum
937 2415 1106 2504 reliquerat
1121 2415 1289 2482 Hannibal
1311 2416 1352 2505 ad
1366 2439 1421 2488 re·.

352 2503 457 2592 gionis
470 2504 537 2588 ejus
550 2501 747 2587 presidium.
770 2503 877 2589 itaque
892 2503 990 2589 prius,
1006 2525 1102 2590 quam
1120 2503 1334 2576 alienarentur
1348 2526 1421 2574 orn·v
1516 2509 1517 2512 ’

352 2589 416 2666 nia,
433 2587 560 2653 obviam
575 2589 715 2654 eundum
731 2601 827 2667 ratus,
843 2590 952 2656 castris
967 2592 1000 2654 in
1016 2603 1186 2674 conspectu
1203 2590 1422 2676 bostiumpo-
1514 2595 1519 2660 1

354 2675 430 2754 sitis,
451 2675 485 2738 in
509 2675 609 2739 aciem
631 2673 752 2740 eduxit.
774 2697 832 2740 nec
855 2675 1003 2741 Romano
1023 2675 1233 2742 differendum
1257 2677 1422 2746 certamen

354 2762 475 2827 visum:
499 2761 617 2847 quippe
632 2761 687 2847 qui
701 2760 805 2838 sciret,
821 2783 894 2827 oum
911 2761 1075 2828 Hannone
1092 2774 1124 2827 et
1140 2762 1344 2838 Hasdrubale
1358 2765 1421 2830 sibi
1518 2835 1519 2848 χ

353 2847 569 2914 manendum
594 2869 678 2924 esse;
699 2848 870 2933 malletque
894 2849 1043 2915 adversus
1068 2849 1120 2912 sin⁴
1162 2849 1209 2914 los
1233 2850 1420 2936 separatim,

307 2954 450 3020 ·.quam
472 2935 621 2998 adversus
634 2934 715 2999 dnos
729 2934 832 3013 simul,
848 2956 914 2999 rem
934 2957 1056 3022 gerere.
1134 2957 1170 3001 ec
1193 2938 1301 3020 magni
1315 2947 1422 3004 certa·

355 3021 449 3086 minis
463 3041 501 3086 ea
515 3020 677 3085 dimicatio
693 3019 761 3086 fuit.
783 3041 840 3086 sex
855 3020 954 3087 millia
974 3021 1113 3096 hostium
1128 3044 1226 3102 caesa,
1241 3023 1307 3090 duo
1324 3035 1422 3109 capte
1517 3047 1519 3068 ⁴

355 3129 429 3172 cum
454 3105 605 3193 praesidio
630 3120 818 3174 castrorum.
842 3129 917 3172 nam
943 3120 975 3172 et
998 3120 1101 3173 castra
1125 3125 1309 3196 expugnata
1332 3125 1420 3189 sunt,
1518 3185 1519 3196 χ

354 3206 452 3296 atque
478 3194 545 3279 ipse
573 3193 641 3276 dux
662 3193 749 3258 ‚curri
784 3193 905 3280 aliquot
936 3194 1133 3280 principibus
1161 3197 1349 3280 capiuntura
1387 3211 1422 3262 et

357 3281 479 3358 Scissis,
508 3280 724 3368 propinquum
761 3284 871 3345 castris
905 3281 1069 3365 oppidum,
1099 3295 1310 3368 expugnatur,
1355 3283 1421 3348 Cc-

356 3383 459 3434 terum
490 3365 632 3452 wpraeda
660 3365 770 3451 oppidi
798 3367 889 3450 parvi
916 3368 1011 3452 pretii
1036 3384 1142 3442 rerum
1173 3367 1248 3444 l'nit3
1274 3369 1423 3454 supellex

356 3455 533 3538 barbarica,
562 3475 600 3519 ac
630 3453 738 3519 vilium
767 3452 1009 3538 mancipiorum.
1044 3466 1147 3518 castra
1176 3455 1308 3520 militem
1337 3456 1421 3531 ditae
1518 3503 1519 3520 ,

345 3562 446 3618 *verm
468 3538 568 3604 ⁷⁰non
591 3541 657 3628 ejus
683 3538 779 3602 modo
801 3540 967 3620 exercitos,
992 3540 1045 3625 qui
1073 3540 1173 3616 victus
1198 3553 1284 3618 erat„
1303 3543 1357 3607 ssd
1375 3555 1423 3618 ¹et

356 3629 433 3716 ejus,
450 3627 504 3715 qui
529 3648 602 3691 cum
626 3624 809 3694 Hannibale
830 3628 863 3690 in
887 3625 979 3692 ltalia
1002 3624 1166 3706 militabat,
1181 3627 1331 3704 omnibus
1354 3627 1422 3696 iere
1518 3639 1519 3674 ἒ

389 3902 422 3950 68
438 3900 548 3964 Proefocti
557 3899 683 3966 sociorum]
701 3900 871 3950 virtuosae.
905 3904 989 3951 Castra
1000 3903 1104 3950 nnlitem
1120 3903 1236 3962 ditavere,
1247 3901 1290 3961 qui
1306 3901 1333 3948 in
1343 3901 1374 3948 iis
1385 3911 1424 3948 re·

359 3967 421 4020 adc.
435 3965 590 4014 natvm.
813 3975 816 3984 '
905 3969 967 4028 perit
986 3969 1128 4014 nonmodo
1146 3963 1200 4029 ejus
1215 3967 1424 4026 exercituropes,
1518 4005 1519 4030 ,

391 4029 541 4078 69'Prcda
559 4029 649 4094 oppidi]
682 4031 769 4080 huda
791 4033 873 4093 oppidi
905 4033 948 4093 qui
959 4032 1037 4078 victus
1047 4037 1110 4091 erat,
1122 4033 1164 4079 ssd
1181 4031 1255 4078 stiam
1271 4043 1358 4077 omnes
1371 4031 1426 4078 fere
1518 4039 1519 4064 l

360 4095 409 4144 nrt
424 4108 505 4142 rerum
522 4095 591 4154 parvi
607 4097 693 4153 pressa
710 4097 773 4144 nnn
789 4097 874 4144 naun
906 4109 973 4143 aa
984 4109 1022 4142 res
1033 4093 1086 4158 ejus
1096 4097 1137 4158 qn
1152 4109 1211 4144 eum
1219 4095 1341 4142 annno
1356 4095 1426 4142 mat.
1518 4083 1519 4106 ¹

360 4157 529 4218 meiresparvi
540 4160 619 4220 pretii.
828 4183 829 4190 κ
907 4163 983 4216 tabat,
1008 4161 1104 4208 relictum
1126 4163 1187 4208 citra
1211 4160 1369 4223 Pyrenaeum,
1391 4173 1426 4205 ne

259 4273 261 4280 Α
364 4267 370 4274 .
393 4223 425 4270 lt)
441 4222 499 4276 non
518 4225 568 4287 effus
586 4223 653 4272 modo
668 4225 793 4289 enodius]
826 4225 875 4274 Hic
906 4225 1318 4287 mvmlmpedimenteferentibus
1327 4229 1420 4276 ment
1516 4235 1519 4276 l

360 4288 451 4350 aliquid
475 4301 508 4334 cx
535 4301 620 4340 sensu,
638 4289 802 4348 supplendum
829 4297 873 4338 est.
