3064 4976
327 232 369 288 uo
659 224 1002 287 “rrrrnrvur
1076 225 1118 274 ἑ·

171 401 239 480 ιπορ
250 407 307 458 tul·
330 391 464 478 mirque¹
478 389 644 455 inmobiles
663 391 836 480 parumper
854 409 908 456 eoa
926 387 1047 456 defixit.
1067 387 1185 454 deinde
1196 378 1235 454 ut
1251 384 1396 473 trepida·-

171 475 239 524 M·
251 472 308 525 ²¹⁸·
331 477 451 542 tionem
467 477 501 542 in
525 477 686 566 angustiis,
702 500 822 565 suoque
843 478 948 562 ipsum
970 475 1108 542 tumultu
1128 475 1256 540 misceri
1277 493 1395 562 agmen

330 565 445 641 videre,
462 566 550 652 equis
573 565 713 630 maxime
726 565 943 641 consternatis,
959 562 1115 650 quidquid
1133 560 1320 647 adjecissent
1333 558 1397 644 ipsi

331 653 472 729 terroris,
494 652 569 716 satis
592 651 632 714 nd
658 652 830 737 perniciem
856 650 924 713 fore
946 651 1017 728 rati,
1040 648 1234 732 ⁴2perversis
1258 646 1397 734 rupibus

328 737 420 824 juxta
434 737 518 804 invio
533 759 570 802 ae
583 737 674 802 devia
693 738 816 803 adsueti
834 736 1025 802 discurrunt.
1049 735 1135 800 Tum
1150 756 1227 799 vero
1241 733 1337 798 simul
1352 731 1396 798 ab

332 823 488 902 hostibus,
508 823 602 888 simul
628 824 670 888 ab
695 825 861 911 iniquitate
882 822 1026 888 locorum
1049 821 1142 887 Poeni
1163 819 1395 911 obpugnaban-

332 921 401 988 tur;
424 909 496 996 plus
520 933 559 976 ue
573 911 654 975 inter
668 911 762 997 ipsos,
779 907 852 996 (sibi
874 929 1001 996 quoque
1019 908 1178 985 tendente,
1195 921 1231 971 ut
1250 905 1397 992 periculo

331 999 420 1084 prius
435 933 598 1079 evaderet)
609 1017 705 1084 quam
725 1019 798 1062 cum
820 997 972 1074 hostibus,
988 993 1168 1060 certaminis
1186 1005 1264 1058 erat.
1308 992 1397 1079 Eqm

304 1087 307 1100 '
332 1085 471 1150 maxime
486 1083 632 1149 infestum
653 1103 768 1170 agmen
788 1081 955 1160 iaciebant,
971 1083 1027 1168 qui
1041 1094 1072 1147 et
1086 1080 1280 1146 clamoribus
1293 1079 1397 1143 disso-

331 1173 391 1248 nis,
407 1191 487 1257 quos
500 1191 633 1235 nemora
651 1171 745 1236 etiam
768 1191 1024 1256 repercussusque
1035 1167 1130 1232 valles
1144 1166 1313 1258 augebant,
1329 1176 1396 1230 ter-

331 1258 386 1322 riti
407 1257 626 1342 trepidabant:
650 1268 682 1321 et
700 1258 754 1322 icti
774 1255 856 1321 forte
875 1268 931 1320 aut
944 1254 1099 1320 vulnerati
1116 1253 1197 1318 adeo
1211 1251 1396 1318 consterno·

331 1344 460 1422 bantur,
478 1355 513 1409 ut
527 1355 592 1409 stre
615 1345 665 1408 eni
681 1344 842 1432 ingentem
856 1341 951 1408 simul
965 1341 1131 1408 hominum
1147 1362 1183 1405 ee
1198 1339 1397 1403 sarcinarum

332 1431 437 1496 omnis
451 1431 576 1518 generis
590 1365 747 1498 decerent:
769 1428 985 1514 4⁵multosque
1006 1427 1111 1505 turba,
1126 1447 1226 1513 quum
1247 1426 1398 1512 praecipi-

232 1559 236 1566 ·
305 1516 309 1524 ’
332 1528 378 1582 tes
388 1516 601 1603 deruptaeque
614 1517 779 1604 'utrimque
797 1516 952 1604 angustiae
973 1527 1085 1592 essent,
1100 1517 1134 1580 in
1153 1514 1333 1578 inmensum
1349 1513 1397 1574 al-

263 1649 265 1662 ·
332 1603 477 1669 titudinis
492 1603 623 1692 dejecit;
646 1604 800 1690 quosdam
815 1617 846 1667 et
860 1613 1007 1666 armatos.
1030 1599 1084 1665 sed
1095 1601 1230 1664 rvruinae
1244 1597 1396 1663 maximae

332 1690 429 1755 modo
454 1691 595 1755 'umente
615 1711 689 1756 oum
710 1689 859 1755 oneribus
879 1687 1137 1754 devolvebantur.
1182 1685 1267 1763 Quae
1282 1705 1396 1771 quam-

332 1799 428 1864 quam
442 1713 531 1854 loeda
545 1778 613 1842 visu
627 1787 727 1854 erant,
742 1775 828 1841 stetit
850 1795 1020 1860 parumper
1041 1786 1148 1838 temen
1165 1770 1341 1848 Hannibal,
1358 1793 1397 1835 ao

332 1885 406 1928 suos
427 1865 594 1941 continuit,
609 1887 652 1929 ne
670 1861 841 1935 tumultum
856 1883 893 1926 eo
910 1861 1154 1946 trepidationem
1176 1870 1315 1945 augeret.
1337 1857 1396 1922 de-

330 1950 408 2015 inde
419 1964 597 2036 postquam
618 1949 808 2038 interrumpi
827 1969 941 2034 agmen
955 1947 1043 2026 vidit,
1059 1945 1299 2032 periculumque
1315 1965 1395 2020 esse,

331 2052 373 2101 ne
386 2049 519 2108 exutum
533 2038 566 2101 in
591 2036 755 2102 edimeutis
768 2035 945 2100 exereitum
966 2034 1180 2121 nequidquam
1203 2031 1397 2096 ineolumem

331 2123 531 2202 traduxisset,
556 2059 696 2190 dbcurrit
721 2145 762 2187 ex
790 2122 951 2207 superiore
975 2119 1064 2197 looo;
1091 2131 1133 2197 et,
1159 2137 1257 2206 quum
1283 2117 1396 2202 inpetu

330 2211 401 2295 ipso
421 2209 550 2282 fudisset
574 2209 708 2285 hostem,
731 2209 794 2273 suis
819 2228 948 2294 quoque
972 2206 1144 2272 tumultum
1167 2205 1267 2270 auxit.
1292 2203 1396 2268 sedis

330 2297 486 2363 tumultus
500 2309 661 2362 momento
677 2295 839 2380 temporis,
854 2305 1023 2380 postquem
1045 2293 1178 2358 liberata
1190 2288 1397 2383 itinera'iirga

329 2397 556 2449 montanorum
571 2395 671 2460 erent,
684 2381 829 2448 sedatur:
845 2401 904 2445 neo
919 2402 978 2464 per
990 2380 1091 2446 otium
1103 2379 1210 2457 modo,
1223 2377 1280 2442 sed
1294 2397 1397 2462 prope

329 2470 464 2550 silentio,
480 2491 556 2535 mox
571 2491 681 2533 omnes
702 2467 847 2533 traducti.
894 2466 1065 2532 Castellum
1087 2465 1170 2544 inde,
1186 2463 1274 2552 quod
1295 2473 1395 2548 eaput

588 2669 595 2708 ¹
607 2673 692 2720 animis
702 2675 777 2720 Gron.
875 2677 895 2706 ¹³¹
905 2674 958 2722 tede
968 2674 1045 2724 (iton.
1057 2677 1126 2722 Gtev.

327 2855 439 2914 moratis,
451 2855 539 2916 quibus
555 2857 710 2903 consentiunt
726 2869 740 2902 e
756 2857 844 2902 nostris
877 2855 932 2903 584.
945 2870 1054 2918 perunte
1072 2857 1175 2910 nomine,
1191 2855 1218 2900 id
1237 2859 1283 2908 est,
1295 2851 1395 2909 infesto,

327 2919 383 2968 duo.
412 2921 442 2964 ln
454 2926 622 2981 vettquoque
633 2921 703 2968 editis
714 2919 755 2966 illa
766 2927 845 2971 exata-
877 2924 978 2971 adverso
996 2922 1112 2975 numine;
1135 2921 1204 2979 apud
1223 2921 1328 2978 Propert.
1350 2918 1396 2966 lv.

327 2984 450 3038 bettore
461 2985 586 3036 Glareeuo.
617 2986 845 3039 Etsivtaueinnior
878 2985 1067 3046 Ellendt-88.
1081 2997 1193 3046 penora
1211 2997 1295 3040 maru.
1304 2983 1332 3030 id
1347 2990 1396 3040 θῇ,

327 3052 373 3108 est,
383 3053 408 3116 et
418 3051 531 3108 apertior,
540 3056 564 3096 et
574 3051 643 3098 Livio
651 3051 747 3114 dignim
757 3051 844 3106 oratio,
877 3051 959 3109 nom,
969 3052 1059 3100 infeste
1068 3063 1153 3098 manu.
1176 3050 1247 3105 Quod
1258 3048 1279 3096 si
1290 3048 1395 3112 placeat,

327 3124 402 3171 quarn
424 3115 546 3174 quomodo
568 3115 685 3162 hactenus
711 3115 841 3161 edebaturr
877 3117 944 3160 inuia
961 3130 988 3162 ae
1005 3115 1072 3161 devia
1091 3116 1256 3174 pendebunta
1271 3113 1345 3158 verbo
1356 3111 1396 3159 dt·

330 3177 435 3237 Utraque
451 3179 522 3226 amul
539 3179 622 3242 objectu
641 3195 678 3228 rer
693 3177 775 3237 ontlb,
793 3179 845 3226 uni·
876 3183 982 3234 nonunt,
994 3186 1022 3228 ut
1033 3180 1074 3225 sic
1085 3185 1151 3224 totus
1170 3180 1237 3224 loeus
1254 3177 1342 3239 exponi
1352 3178 1396 3224 de·

326 3244 372 3289 mis
396 3244 520 3290 menalius
540 3259 670 3306 parumper
694 3259 731 3292 eor
757 3243 842 3306 definit.
876 3245 946 3293 beat:
964 3258 1007 3304 per
1022 3244 1123 3293 infestas
1138 3244 1395 3303 molmtesquerupea.

326 3306 388 3360 Quis
413 3320 462 3354 non
487 3311 576 3358 sentiat
602 3312 662 3360 duas
687 3311 741 3365 illas
763 3321 843 3365 voces,
875 3310 1007 3357 decurrunt
1023 3309 1089 3358 haud
1107 3322 1181 3370 aegre,
1192 3313 1276 3370 utpote
1294 3310 1395 3365 assueti,

326 3374 400 3419 oculis
414 3373 509 3428 animia,
521 3388 569 3420 non
586 3376 612 3424 ἰὴ
629 3376 724 3421 diversa
734 3375 844 3418 membra
876 3373 942 3418 invia
958 3373 1047 3433 pariter
1063 3387 1091 3418 ec
1103 3373 1181 3428 devia,
1193 3373 1219 3420 id
1234 3377 1280 3430 est,
1292 3378 1317 3417 et
1329 3375 1396 3436 eain

326 3437 511 3498 dispertiendus,
527 3441 569 3486 sed
586 3441 667 3500 potius
682 3441 745 3486 inter
761 3437 844 3483 devin-
876 3439 966 3496 quibua
979 3439 1046 3487 nulle
1058 3438 1097 3485 vie
1110 3445 1171 3497 eret,
1182 3446 1209 3484 ‘et
1223 3451 1252 3484 ea
1263 3450 1317 3498 qua
1329 3451 1344 3486 a
1355 3439 1396 3487 vie

325 3501 423 3552 tiendus
433 3517 493 3556 etse.
876 3503 934 3551 trite
944 3503 1102 3556 divertebant

358 3567 391 3618 42
408 3569 531 3620 Perverst'r
560 3571 656 3630 rupium
677 3569 752 3630 jemla
779 3569 845 3613 invio
908 3566 940 3616 43
956 3567 1092 3630 Metasque
1107 3565 1186 3630 turbu]
1207 3565 1287 3614 Turba
1303 3567 1343 3614 bic
1357 3574 1396 3618 est

326 3647 356 3680 ae
377 3633 445 3680 siwia
465 3635 551 3691 assueti
577 3631 726 3694 dientrrunt]
752 3631 843 3686 Primo,
876 3631 1006 3680 tumultus.
1038 3633 1227 3692 Intelligendum
1251 3637 1288 3677 est
1310 3637 1395 3678 eutem

255 3729 260 3733 -
326 3698 410 3756 seripti
448 3699 540 3759 aliquot
577 3700 668 3746 habent
701 3697 842 3744 emenus
876 3695 942 3745 hune
953 3697 1088 3744 tumultum
1102 3696 1216 3742 eccidisse
1230 3696 1339 3742 maxima
1348 3695 1396 3743 eir·

326 3764 391 3820 quod
404 3765 505 3809 verbum
521 3763 602 3810 altiori
616 3762 844 3814 locoeonvenit,ex
876 3773 905 3806 ca
923 3760 1104 3820 impedimenta.
1137 3761 1224 3820 Itaque
1242 3761 1279 3818 hi,
1296 3762 1339 3820 qui
1358 3763 1405 3808 ‹ii-¹

232 3861 240 3874 ,
327 3840 377 3886 quo
387 3829 482 3873 barbari
497 3828 523 3873 in
535 3829 620 3874 l’oenos
634 3841 687 3875 sese
699 3841 757 3874 eum
768 3827 845 3886 impe-
876 3831 967 3872 tuntur
984 3827 1009 3872 in
1029 3826 1178 3872 immensum
1198 3825 1334 3875 altitudinis
1352 3828 1396 3873 de·

328 3897 356 3936 tu
372 3889 524 3952 dejiciebant.
545 3891 635 3952 2⁰.'pro
647 3890 763 3952 peremtis
780 3891 856 3950 rupi-¹
873 3887 943 3953 jetti,
954 3890 1086 3951 accipiendi
1103 3895 1160 3936 sunt
1177 3889 1233 3936 lixae
1249 3892 1395 3940 acceleres.

327 3955 377 4010 bus,
397 3957 534 4002 Gronovius
552 3957 682 4018 legendum
702 3959 787 4003 suadet
799 3969 845 4014 per
878 3955 1007 4015 Propterea
1017 3955 1085 4001 addit
1096 3954 1180 4000 Livius
1197 3953 1308 4015 quosdam
1320 3958 1343 4001 et
1353 3971 1394 4002 ar-

327 4023 587 4082 travtamae‘rapeer
612 4022 718 4068 nimium
743 4021 845 4068 fortasse
876 4023 965 4068 malae.-
982 4020 1021 4068 κδ
1042 4020 1118 4066 roim
1135 4021 1249 4072 marim
1268 4019 1335 4070 niodo
1349 4023 1394 4082 Ju-

328 4087 450 4132 audaeter.
474 4085 623 4140 ,Videndum
645 4099 677 4132 en
696 4087 736 4133 hie
749 4099 846 4146 pento-
877 4089 955 4133 nanta
969 4099 1022 4134 oum
1038 4083 1151 4134 omibus.
1182 4083 1222 4134 Sic
1237 4085 1305 4136 euim
1319 4085 1396 4136 utet

328 4151 363 4197 air
379 4151 476 4209 rupibur
491 4151 568 4211 accipi
583 4153 670 4198 debeat
686 4165 729 4211 per
747 4149 846 4212 insertur
877 4163 942 4198 unus
957 4153 1042 4204 eodm,
1053 4149 1143 4199 omitto
1160 4150 1233 4198 verbo
1246 4148 1395 4200 meren-

326 4215 524 4276 tnmmmodarque
541 4229 625 4276 rupee.-
642 4223 670 4262 ut
688 4217 755 4277 apud
772 4214 843 4262 Pleu·
877 4221 926 4271 tur,
941 4217 1006 4274 quod
1023 4227 1081 4259 sene
1098 4213 1260 4259 necessarium
1280 4226 1330 4264 non
1347 4222 1397 4275 eat,

326 4285 382 4327 tum
399 4281 466 4328 Men.
477 4284 534 4328 Aet.
544 4279 578 4329 V.
591 4295 625 4330 sc.
636 4281 660 4330 ὅ.
676 4296 699 4328 v.
713 4281 734 4328 l.
749 4294 844 4342 priver·
876 4293 954 4339 quum
970 4281 1072 4328 verbim
1087 4276 1170 4344 dejecit
1183 4279 1209 4328 in
1226 4278 1310 4328 omnia
1326 4282 1395 4328 nrffl·

326 4359 367 4391 mr
381 4345 429 4393 dies
447 4348 536 4394 dicitur
553 4361 596 4408 pro
614 4349 778 4400 incommodo,
791 4361 845 4394 mo·
875 4345 931 4390 ciat.
965 4345 1004 4392 lte
1028 4343 1103 4391 sentit
1128 4349 1153 4390 et
1177 4344 1277 4404 exponit
1300 4345 1398 4397 Grono-

325 4409 388 4460 itrto
405 4412 461 4474 dieq
483 4414 548 4474 apud
566 4414 652 4475 virgil.
671 4411 727 4462 AEn.
744 4413 801 4460 vll
818 4426 842 4460 v.
876 4412 938 4460 vius.
1000 4446 1002 4454 ,
1387 4403 1391 4412 ’
