3064 4976
443 211 537 272 Lus
554 212 644 279 XX1·
670 212 774 276 CA'P.
801 214 836 274 L.

107 364 145 439 ch
166 373 294 447 navales
311 373 424 440 decem
439 373 564 446 dierum
584 387 674 446 cocu
688 375 808 444 uberis
820 376 863 444 ad
883 399 978 444 naves
991 375 1309 458 delectaminum

107 461 160 526 ubi
174 463 304 546 siguum
318 461 428 530 datum
451 476 539 540 esset,
556 486 597 528 ne
610 465 680 551 quis
701 461 824 532 moram
838 464 1070 532 conscendendi
1084 465 1166 532 face·
1173 470 1205 517 Α·
1214 472 1241 518 ⁰·
1253 470 1309 518 ²¹8⁴
1335 533 1341 548 ,

105 562 151 612 ret
159 571 171 611 τ
191 548 350 634 ”perque
364 569 490 616 omnem
506 571 593 614 oram
603 551 780 700 quierant,
796 573 834 616 ex
849 551 984 635 speculis
1005 553 1167 636 prospice-

105 647 174 698 rent
196 637 420 700 adrentantem
443 635 581 700 hostium
633 659 745 704 assem.
790 637 892 704 Simul
914 637 1019 724 itaque
1044 647 1166 724 (quam-

105 721 256 803 quamde
277 721 434 800 industria
455 723 570 786 morati
589 743 717 788 cursum
738 723 864 788 narium
887 738 978 790 erant
993 723 1183 812 Karthagiy

103 807 237 883 aienses,
255 823 291 870 ut
306 807 415 872 ”ante
437 807 538 873 lucem
562 808 747 878 accederent
761 808 955 896 Lilybaeum)
970 831 1164 894 praesensunr

103 903 208 957 tamen
225 904 284 969 est,
301 894 377 978 quia
390 907 422 960 et
437 894 517 958 luna
532 916 656 979 pernox
673 899 750 970 erat,
767 909 799 960 et
813 895 941 960 sublatis
963 898 1166 965 armamentis

103 978 289 1053 veniebant3
312 980 471 1064 extemplo
486 981 597 1048 datum
613 1004 631 1044 e
644 981 778 1064 speculis
792 983 928 1068 signum,
944 995 977 1047 et
999 983 1030 1046 in
1046 984 1166 1068 oppido

19 1125 20 1134 ,
102 1063 140 1128 ad
154 1086 249 1130 arma
269 1065 502 1131 conclamatum
517 1078 573 1143 est,
588 1080 621 1131 et
641 1067 674 1130 in
696 1089 791 1132 navas
812 1089 1034 1134 conscensum:
1056 1069 1166 1155 ³⁰pars

19 1163 20 1170 ’
101 1150 239 1216 militum
258 1151 295 1214 in
308 1153 408 1216 muris
426 1166 655 1239 portarumque
668 1153 701 1216 iu
717 1153 912 1230 stationibus,
929 1177 1002 1238 pars
1023 1158 1054 1218 iu
1077 1159 1165 1221 navi-

101 1235 159 1300 bus
180 1251 288 1302 erant.
332 1237 376 1304 Et
391 1237 685 1327 Karthaginienses,
707 1240 783 1325 quia
804 1261 876 1304 rein
893 1239 962 1304 fore
982 1240 1067 1306 haud
1081 1263 1166 1309 cum

102 1321 255 1408 inparatis
275 1327 458 1402 cernebant,
474 1323 628 1411 usquead
650 1324 753 1390 lucem
774 1337 870 1410 portu
884 1349 919 1390 se
931 1327 1174 1406 abstinuerunt„

103 1408 268 1474 demendis
294 1411 496 1476 armamentis
517 1434 556 1480 eo
577 1423 720 1496 tempore
740 1411 940 1498 aptandaque
960 1413 1000 1478 ad
1024 1435 1164 1502 pugnam

103 1495 196 1560 classe
216 1496 378 1562 absumta.
422 1496 488 1562 Ubi
503 1497 633 1577 inluxit,
647 1517 794 1582 recepere
809 1498 938 1564 classem
953 1500 987 1564 in
1001 1500 1114 1578 altum,¹
1128 1514 1165 1566 ut

103 1583 239 1666 spatium
256 1605 377 1669 pugnae
388 1596 481 1661 esset,
491 1585 675 1669 exitumque
689 1582 824 1648 liberum
840 1600 967 1670 eportu
981 1607 1076 1652 naves
1091 1587 1164 1652 hos·

103 1669 180 1732 tium
195 1667 363 1734 haberent.
408 1667 477 1734 Nec
494 1669 632 1734 Romani
648 1670 857 1736 detrectavere
877 1693 1030 1760 pugnam,
1045 1685 1077 1738 et
1097 1695 1163 1738 me-

102 1756 203 1818 moria
216 1753 338 1820 ”circa
352 1777 390 1819 ea
404 1755 557 1840 ipsaloca
577 1767 737 1842 gestarum
758 1778 864 1822 rerum
884 1757 965 1836 freti,
982 1772 1013 1824 et
1026 1759 1162 1826 militum
1218 1803 1221 1810 -

103 1840 308 1905 multitudine
323 1864 361 1906 ac
375 1841 513 1908 virtute..

145 1927 185 1991 L.
211 1927 277 1997 Ubi
290 1927 436 1994 inultum
448 1928 547 1992 evecti
562 1940 646 2006 sunt,
659 1929 821 1994 Romanus
832 1949 995 1996 conserere
1009 1952 1161 2020 pugnam,
1172 1948 1255 2007 rugae
1265 1960 1309 1995 ne·

101 2006 131 2076 et
143 2035 185 2078 ex
196 2013 387 2099 propinquo
401 2015 481 2080 vires
495 2014 639 2080 conferre
652 2013 747 2078 velle:
764 2027 876 2080 contm
890 2016 1016 2082 eludere
1032 2011 1307 2126 Poenublihi‘ia

101 2112 131 2164 et
150 2113 231 2177 arte.
247 2122 316 2166 non
336 2100 378 2176 vi,
396 2122 462 2164 rem
484 2121 604 2188 gerere,
619 2100 821 2187 naviumque,
837 2123 932 2187 quam
948 2103 1089 2170 virorum
1107 2118 1164 2171 aut
1209 2088 1226 2137 5
1308 2106 1316 2123 '

19 2217 20 2258 ;
101 2207 275 2264 armorum,
298 2186 393 2252 malle
414 2198 573 2252 certamen
594 2186 707 2252 faeere.
734 2210 807 2253 nam
829 2201 865 2252 ut
886 2188 978 2254 sociis
999 2189 1163 2256 navalibus

102 2271 230 2338 adfatim
253 2274 440 2340 instructam
454 2272 596 2350 classem,
611 2276 656 2338 ita
669 2273 830 2359 ”inopem
853 2273 954 2340 milite
972 2273 1162 2340 hebebant¹¹:

102 2369 141 2436 et,
158 2359 264 2425 sicubi
286 2373 430 2426 conserta
450 2359 539 2428 navis
560 2373 651 2440 esset,
668 2359 912 2446 haudquaquam
933 2382 993 2445 par
1013 2383 1164 2427 numerus

102 2457 298 2510 armatorum
314 2467 356 2512 ex
371 2468 410 2510 ea
426 2467 469 2530 pu
516 2443 598 2516 abet.
642 2445 741 2522 Quod
763 2446 817 2511 ubi
839 2446 1089 2512 animadversum
1105 2460 1163 2526 eet,
1253 2459 1256 2474 '

102 2547 131 2595 et
152 2531 312 2596 Romanis
332 2469 514 2602 multituelill
525 2555 582 2599 sua
608 2532 697 2596 auxit
718 2532 870 2610 animum,
886 2545 917 2599 et
938 2534 1081 2620 paucitas
1100 2533 1165 2600 illis

104 2617 227 2686 minuit.
266 2616 444 2702 Extemplo
457 2633 578 2703 septem
593 2640 689 2687 naves
704 2617 837 2684 Punicae
851 2620 1074 2688 circumventa
1082 2644 1093 2698 ς
1114 2620 1238 2686 fu-vai
1249 2633 1324 2680 emt.

19 2707 20 2730 l
106 2725 172 2852 qum
195 2717 313 2770 ceterae
335 2717 496 2790 ceperunt.
518 2704 605 2770 mille
625 2718 656 2770 et
678 2706 869 2791 septingenti
886 2705 1054 2772 fuere⁶³iu
1076 2709 1163 2772 nuvi-

126 2811 158 2854 us
171 2791 270 2877 capti,
287 2789 401 2856 milites
421 2804 606 2877 nautaeque3
628 2791 662 2855 in
685 2790 748 2856 hiai
770 2804 833 2858 tres
855 2793 977 2858 nobiles
993 2793 1163 2881 Karthagi-

19 2901 20 2912 ¹
107 2874 270 2946 niensium.
318 2876 433 2944 Classis
450 2877 596 2944 Romana
610 2878 866 2956 incolumis,·una
880 2892 1004 2946 tantum
1022 2879 1164 2965 perfora-

351 3060 491 3118 ,immin
501 3063 659 3110 Grumcrev.
693 3065 695 3072 '
757 3053 808 3110 lile
820 3063 889 3110 Grev.

105 3229 151 3278 itu
173 3235 355 3296 nuncupantem
389 3229 484 3296 ilicet
505 3243 557 3294 cap.
580 3244 617 3278 aa·
648 3231 685 3278 los
695 3233 832 3278 adventare.

106 3296 182 3354 quenti
204 3297 302 3343 videtur
324 3294 409 3340 Livius
433 3296 502 3342 socius
523 3295 617 3342 ambules
679 3295 714 3344 30
729 3295 793 3342 Part
814 3295 918 3343 militum
939 3297 965 3342 ln
986 3299 1062 3345 muris
1081 3303 1163 3359 porta-

104 3358 246 3407 intellexisse
265 3373 306 3405 eos
323 3361 477 3406 solummodo
495 3361 538 3420 qui
556 3373 616 3407 nau·
647 3373 745 3420 rumque
764 3361 912 3424 stationibus]
932 3363 1093 3410 Gronovianae
1112 3363 1163 3408 edi·

105 3423 147 3470 lica
157 3424 293 3472 minimeria
304 3425 411 3471 obibant
647 3424 726 3470 tiones
744 3425 834 3470 iterant
851 3427 1048 3484 praepositionem
1065 3429 1092 3471 he
1106 3432 1164 3471 ante

131 3489 162 3536 28
177 3489 273 3550 Perque
294 3501 384 3536 omnem
402 3502 470 3536 uram
488 3490 528 3549 qui
549 3493 616 3536 aaut
648 3485 834 3548 statutionibus,
848 3496 936 3549 prieter
951 3491 1128 3546 necessitatem,
1138 3495 1163 3536 et

102 3553 244 3618 carpendis]
263 3553 371 3598 Verbum
385 3557 451 3598 erant
465 3553 490 3598 in
505 3553 615 3612 pluribus
646 3565 690 3613 per
713 3567 852 3614 operarum,
871 3560 899 3600 ut
921 3555 1026 3612 videtur,
1049 3566 1161 3600 errorem.

102 3615 168 3663 iiss.
194 3630 245 3663 non
271 3617 398 3676 reperitur.
438 3617 503 3678 Lege
533 3617 614 3676 itaque
647 3615 1066 3664 Abestenimillaavetustioribus.

101 3693 154 3728 cum
175 3681 310 3738 Gronovio,
328 3693 417 3740 perpete
438 3693 528 3729 emam
548 3695 615 3728 erma
657 3681 851 3728 ·81'Cireaea
866 3683 916 3742 ipen
931 3682 991 3745 hec]
1007 3682 1105 3742 AEgatee
1123 3681 1163 3728 in·

101 3746 451 3806 utimapeeula'sprespleeraet.
627 3746 716 3801 ⁴sulm,
728 3747 830 3807 adquae
841 3745 939 3794 celebris
954 3745 997 3792 iila
1010 3759 1163 3808 pugnapug·

129 3811 160 3857 29
175 3809 241 3856 Ante
264 3803 349 3873 lucen]
376 3810 528 3857 Antelucano
552 3816 614 3856 tem·
647 3814 705 3856 nata
726 3817 772 3870 est,
794 3825 843 3871 qua
870 3810 928 3856 vicii
953 3809 1163 3871 Carthaginienses

97 3887 159 3933 pore.
175 3873 317 3920 Potuissent
328 3873 538 3933 Carthaginienses
548 3887 616 3921 acce·
646 3885 731 3932 pacem
754 3875 852 3934 petiere,
873 3887 922 3921 non
945 3875 1021 3936 longe
1038 3877 1127 3922 absunt
1148 3889 1164 3922 a

99 3939 151 3984 dere
178 3938 316 3999 Lilybaeum
344 3941 389 3986 mn
415 3951 540 3998 vesperam
567 3940 615 3986 diei
647 3937 763 3998 Lilybaeo.

99 4004 263 4061 precedentis,
284 4008 327 4049 aut
347 4003 422 4048 etiam
442 4003 544 4049 sortasse
565 4017 617 4049 me·
680 4003 712 4050 32
727 4003 823 4064 lacapeni
849 4004 924 4050 miluc
950 4003 1053 4067 habim]
1082 4004 1163 4066 Magia

100 4066 138 4112 dia
163 4067 225 4124 luce.
260 4067 308 4128 Sed
332 4068 363 4112 de
386 4067 505 4114 industria
528 4068 617 4114 morati
648 4069 753 4126 placeret
770 4065 890 4122 habebant,
903 4071 968 4129 quod
984 4074 1063 4115 exstat
1079 4071 1104 4121 in
1121 4069 1163 4115 tri·

100 4136 165 4177 mant
184 4143 296 4189 mireum,
317 4139 392 4190 atque
412 4131 448 4178 ita
466 4137 615 4192 temperare·
648 4133 694 4178 bus
710 4133 798 4178 rosina
811 4133 944 4192 codicibus,
958 4134 1035 4179 tribus
1053 4133 1171 4190 hearnii,

103 4200 162 4250 rant,
181 4201 210 4242 ut
228 4196 296 4241 horis
314 4195 393 4240 noetis
409 4195 559 4242 antelucanis
577 4209 616 4242 ae·
648 4197 755 4251 Andrea,
767 4203 791 4242 et
802 4195 934 4258 Campano.

102 4260 218 4318 cadmean
234 4261 324 4321 quibus
342 4259 450 4306 maxime
466 4257 618 4319 opportunus
679 4260 761 4307 3312·
785 4261 881 4308 nauibus
904 4262 979 4326 capta‘]
1006 4261 1059 4309 Nec
1080 4261 1163 4308 minua

102 4329 136 4366 cst
152 4324 227 4371 bostis
242 4325 274 4370 ad
293 4323 395 4372 insidias
412 4329 437 4368 et
455 4324 615 4384 improvisum
648 4326 708 4372 bene
719 4326 809 4387 captia.-
826 4327 890 4386 quod
902 4327 974 4374 habet
986 4321 1042 4374 Pul.
1053 4327 1136 4374 codex.

104 4385 223 4447 impetum.
256 4389 413 4436 Praeconium
433 4393 514 4434 temen
532 4395 570 4434 est
586 4388 615 4432 il·
1085 4393 1087 4401 ⁴
