<?xml version="1.0" encoding="UTF-8"?>
<!DOCTYPE html PUBLIC "-//W3C//DTD XHTML 1.0 Transitional//EN"
    "http://www.w3.org/TR/xhtml1/DTD/xhtml1-transitional.dtd">
<html xmlns="http://www.w3.org/1999/xhtml" xml:lang="en" lang="en">
 <head>
  <title>
</title>
<meta http-equiv="Content-Type" content="text/html;charset=utf-8" />
  <meta name='ocr-system' content='tesseract 3.04.00' />
  <meta name='ocr-capabilities' content='ocr_page ocr_carea ocr_par ocr_line ocrx_word'/>
</head>
<body>
  <div class='ocr_page' id='page_1' title='image "./tliviipatavinih00crevgoog/tliviipatavinih00crevgoog_0242.png"; bbox 0 0 3140 4972; ppageno 0'>
   <div class='ocr_carea' id='block_1_1' title="bbox 416 167 1225 275">
    <p class='ocr_par' dir='ltr' id='par_1_1' title="bbox 416 167 1225 275">
     <span class='ocr_line' id='line_1_1' title="bbox 416 167 1225 275; baseline 0.009 -45"><span class='ocrx_word' id='word_1_1' title='bbox 416 169 510 236; x_wconf 78' lang='lat' dir='ltr'><strong>ura</strong></span> <span class='ocrx_word' id='word_1_2' title='bbox 531 167 646 242; x_wconf 72' lang='lat' dir='ltr'><strong>xxm.</strong></span> <span class='ocrx_word' id='word_1_3' title='bbox 673 169 777 248; x_wconf 69' lang='lat' dir='ltr'><strong>cnr.</strong></span> <span class='ocrx_word' id='word_1_4' title='bbox 798 171 960 235; x_wconf 86' lang='lat' dir='ltr'><strong>xxxvu.</strong></span> <span class='ocrx_word' id='word_1_5' title='bbox 1052 255 1059 275; x_wconf 33' lang='grc' dir='ltr'><em>Ι</em></span> <span class='ocrx_word' id='word_1_6' title='bbox 1122 167 1130 227; x_wconf 74' lang='lat'>1</span> <span class='ocrx_word' id='word_1_7' title='bbox 1165 180 1225 237; x_wconf 80' lang='lat' dir='ltr'><strong>ass</strong></span> 
     </span>
    </p>
   </div>
   <div class='ocr_carea' id='block_1_2' title="bbox 165 328 1445 792">
    <p class='ocr_par' dir='ltr' id='par_1_2' title="bbox 165 328 1445 595">
     <span class='ocr_line' id='line_1_2' title="bbox 167 328 1369 424; baseline 0.002 -24"><span class='ocrx_word' id='word_1_8' title='bbox 167 333 321 410; x_wconf 80' lang='lat' dir='ltr'><strong>Romanis</strong></span> <span class='ocrx_word' id='word_1_9' title='bbox 336 355 439 420; x_wconf 82' lang='lat' dir='ltr'><strong>quum</strong></span> <span class='ocrx_word' id='word_1_10' title='bbox 448 332 637 408; x_wconf 72' lang='lat' dir='ltr'><strong>cohibuisset</strong></span> <span class='ocrx_word' id='word_1_11' title='bbox 653 328 785 412; x_wconf 84' lang='lat' dir='ltr'><strong>Siculos,</strong></span> <span class='ocrx_word' id='word_1_12' title='bbox 804 329 979 403; x_wconf 72' lang='lat' dir='ltr'><strong>Marcellus</strong></span> <span class='ocrx_word' id='word_1_13' title='bbox 990 337 1161 424; x_wconf 78' lang='lat' dir='ltr'><strong>Syracusas</strong></span> <span class='ocrx_word' id='word_1_14' title='bbox 1174 361 1263 412; x_wconf 69' lang='lat' dir='ltr'><strong>reu,</strong></span> <span class='ocrx_word' id='word_1_15' title='bbox 1273 364 1301 412; x_wconf 83' lang='lat' dir='ltr'><strong>c,</strong></span> <span class='ocrx_word' id='word_1_16' title='bbox 1312 355 1369 414; x_wconf 67' lang='lat'><strong>590,</strong></span> 
     </span>
     <span class='ocr_line' id='line_1_3' title="bbox 165 419 1445 509; baseline 0.007 -26"><span class='ocrx_word' id='word_1_17' title='bbox 165 419 239 487; x_wconf 87' lang='lat' dir='ltr'><strong>diit:</strong></span> <span class='ocrx_word' id='word_1_18' title='bbox 263 434 382 506; x_wconf 89' lang='lat' dir='ltr'><strong>etpost</strong></span> <span class='ocrx_word' id='word_1_19' title='bbox 403 442 521 506; x_wconf 89' lang='lat' dir='ltr'><strong>paucos</strong></span> <span class='ocrx_word' id='word_1_20' title='bbox 538 421 603 500; x_wconf 82' lang='lat' dir='ltr'><strong>dies</strong></span> <span class='ocrx_word' id='word_1_21' title='bbox 618 419 774 500; x_wconf 77' lang='lat' dir='ltr'>Himilco,</span> <span class='ocrx_word' id='word_1_22' title='bbox 790 422 940 506; x_wconf 75' lang='lat' dir='ltr'><strong>adJuncto</strong></span> <span class='ocrx_word' id='word_1_23' title='bbox 955 422 1166 509; x_wconf 73' lang='lat' dir='ltr'><strong>Hippocrate,</strong></span> <span class='ocrx_word' id='word_1_24' title='bbox 1182 425 1262 490; x_wconf 61' lang='lat' dir='ltr'><strong>ade</strong></span> <span class='ocrx_word' id='word_1_25' title='bbox 1274 428 1301 478; x_wconf 78' lang='lat'><strong>0·</strong></span> <span class='ocrx_word' id='word_1_26' title='bbox 1312 429 1368 476; x_wconf 72' lang='lat'><strong>²¹⁴⁴</strong></span> <span class='ocrx_word' id='word_1_27' title='bbox 1444 459 1445 463; x_wconf 40' lang='lat'>¹</span> 
     </span>
     <span class='ocr_line' id='line_1_4' title="bbox 165 505 1224 595; baseline 0.008 -27"><span class='ocrx_word' id='word_1_28' title='bbox 165 505 283 574; x_wconf 86' lang='lat' dir='ltr'><strong>flumen</strong></span> <span class='ocrx_word' id='word_1_29' title='bbox 299 509 466 592; x_wconf 68' lang='lat' dir='ltr'><strong>Anapum„</strong></span> <span class='ocrx_word' id='word_1_30' title='bbox 477 520 551 571; x_wconf 88' lang='lat' dir='ltr'><strong>octo</strong></span> <span class='ocrx_word' id='word_1_31' title='bbox 564 507 663 571; x_wconf 77' lang='lat' dir='ltr'><strong>ferme</strong></span> <span class='ocrx_word' id='word_1_32' title='bbox 677 507 751 574; x_wconf 86' lang='lat' dir='ltr'><strong>inde</strong></span> <span class='ocrx_word' id='word_1_33' title='bbox 766 507 873 586; x_wconf 88' lang='lat' dir='ltr'><strong>millia,</strong></span> <span class='ocrx_word' id='word_1_34' title='bbox 889 520 992 574; x_wconf 84' lang='lat' dir='ltr'><strong>castra</strong></span> <span class='ocrx_word' id='word_1_35' title='bbox 1004 511 1119 595; x_wconf 87' lang='lat' dir='ltr'><strong>posuit.</strong></span> <span class='ocrx_word' id='word_1_36' title='bbox 1155 511 1224 576; x_wconf 87' lang='lat' dir='ltr'><strong>Sub</strong></span> 
     </span>
    </p>

    <p class='ocr_par' dir='ltr' id='par_1_3' title="bbox 165 590 1388 792">
     <span class='ocr_line' id='line_1_5' title="bbox 165 590 1388 697; baseline 0.008 -43"><span class='ocrx_word' id='word_1_37' title='bbox 165 590 250 658; x_wconf 89' lang='lat' dir='ltr'><strong>idem</strong></span> <span class='ocrx_word' id='word_1_38' title='bbox 273 591 339 658; x_wconf 84' lang='lat' dir='ltr'><strong>fere</strong></span> <span class='ocrx_word' id='word_1_39' title='bbox 360 607 484 677; x_wconf 86' lang='lat' dir='ltr'><strong>tempus</strong></span> <span class='ocrx_word' id='word_1_40' title='bbox 505 605 538 658; x_wconf 91' lang='lat' dir='ltr'><strong>ct</strong></span> <span class='ocrx_word' id='word_1_41' title='bbox 559 593 772 680; x_wconf 80' lang='lat' dir='ltr'><strong>naveslongoe</strong></span> <span class='ocrx_word' id='word_1_42' title='bbox 786 595 927 680; x_wconf 90' lang='lat' dir='ltr'><strong>quinque</strong></span> <span class='ocrx_word' id='word_1_43' title='bbox 948 609 981 662; x_wconf 85' lang='lat' dir='ltr'><strong>et</strong></span> <span class='ocrx_word' id='word_1_44' title='bbox 993 597 1388 697; x_wconf 75' lang='lat' dir='ltr'><strong>quinquagintanuxtuutto-</strong></span> 
     </span>
     <span class='ocr_line' id='line_1_6' title="bbox 168 675 1379 792; baseline 0.006 -50"><span class='ocrx_word' id='word_1_45' title='bbox 168 675 481 764; x_wconf 70' lang='lat' dir='ltr'><strong>Karthaginiensium</strong></span> <span class='ocrx_word' id='word_1_46' title='bbox 504 701 576 744; x_wconf 91' lang='lat' dir='ltr'><strong>cum</strong></span> <span class='ocrx_word' id='word_1_47' title='bbox 594 679 775 760; x_wconf 87' lang='lat' dir='ltr'><strong>Bomilcare</strong></span> <span class='ocrx_word' id='word_1_48' title='bbox 796 683 902 746; x_wconf 86' lang='lat' dir='ltr'><strong>classis</strong></span> <span class='ocrx_word' id='word_1_49' title='bbox 921 681 1073 766; x_wconf 86' lang='lat' dir='ltr'><strong>praefecto</strong></span> <span class='ocrx_word' id='word_1_50' title='bbox 1086 704 1119 748; x_wconf 89' lang='lat' dir='ltr'><strong>ru</strong></span> <span class='ocrx_word' id='word_1_51' title='bbox 1134 705 1223 772; x_wconf 82' lang='lat' dir='ltr'><strong>mag·</strong></span> <span class='ocrx_word' id='word_1_52' title='bbox 1232 696 1273 792; x_wconf 53' lang='lat'><strong>3⁸</strong></span> <span class='ocrx_word' id='word_1_53' title='bbox 1283 688 1308 728; x_wconf 71' lang='lat'><strong>²⁸</strong></span> <span class='ocrx_word' id='word_1_54' title='bbox 1318 681 1379 730; x_wconf 60' lang='lat'>¹1²¹·</span> 
     </span>
    </p>
   </div>
   <div class='ocr_carea' id='block_1_3' title="bbox 164 746 1431 858">
    <p class='ocr_par' dir='ltr' id='par_1_4' title="bbox 164 746 1431 858">
     <span class='ocr_line' id='line_1_7' title="bbox 164 746 1431 858; baseline 0.009 -30"><span class='ocrx_word' id='word_1_55' title='bbox 164 785 242 828; x_wconf 89' lang='lat' dir='ltr'><strong>uum</strong></span> <span class='ocrx_word' id='word_1_56' title='bbox 257 781 387 850; x_wconf 87' lang='lat' dir='ltr'><strong>portum</strong></span> <span class='ocrx_word' id='word_1_57' title='bbox 404 767 573 851; x_wconf 84' lang='lat' dir='ltr'><strong>Syracusas</strong></span> <span class='ocrx_word' id='word_1_58' title='bbox 588 787 629 828; x_wconf 88' lang='lat' dir='ltr'><strong>ex</strong></span> <span class='ocrx_word' id='word_1_59' title='bbox 650 765 715 830; x_wconf 87' lang='lat' dir='ltr'><strong>alto</strong></span> <span class='ocrx_word' id='word_1_60' title='bbox 730 765 897 830; x_wconf 83' lang='lat' dir='ltr'><strong>decurrere</strong></span> <span class='ocrx_word' id='word_1_61' title='bbox 906 791 916 847; x_wconf 71' lang='grc' dir='ltr'><strong><em>ς</em></strong></span> <span class='ocrx_word' id='word_1_62' title='bbox 939 780 972 832; x_wconf 89' lang='lat' dir='ltr'><strong>et</strong></span> <span class='ocrx_word' id='word_1_63' title='bbox 988 769 1133 834; x_wconf 89' lang='lat' dir='ltr'><strong>Romana</strong></span> <span class='ocrx_word' id='word_1_64' title='bbox 1147 770 1221 836; x_wconf 86' lang='lat' dir='ltr'><strong>itam</strong></span> <span class='ocrx_word' id='word_1_65' title='bbox 1232 746 1331 858; x_wconf 56' lang='lat' dir='ltr'><strong>mssfff‘</strong></span> <span class='ocrx_word' id='word_1_66' title='bbox 1427 757 1431 764; x_wconf 37' lang='lat'><em>⁶</em></span> 
     </span>
    </p>
   </div>
   <div class='ocr_carea' id='block_1_4' title="bbox 161 849 1434 3187">
    <p class='ocr_par' dir='ltr' id='par_1_5' title="bbox 161 849 1300 2838">
     <span class='ocr_line' id='line_1_8' title="bbox 164 849 1227 940; baseline 0.004 -22"><span class='ocrx_word' id='word_1_67' title='bbox 164 849 281 930; x_wconf 85' lang='lat' dir='ltr'><strong>classis,</strong></span> <span class='ocrx_word' id='word_1_68' title='bbox 307 851 437 940; x_wconf 86' lang='lat' dir='ltr'><strong>triginta</strong></span> <span class='ocrx_word' id='word_1_69' title='bbox 458 853 709 937; x_wconf 69' lang='lat' dir='ltr'><strong>quinqueremes,</strong></span> <span class='ocrx_word' id='word_1_70' title='bbox 732 851 888 938; x_wconf 86' lang='lat' dir='ltr'><strong>legionem</strong></span> <span class='ocrx_word' id='word_1_71' title='bbox 912 853 1047 938; x_wconf 84' lang='lat' dir='ltr'><strong>primam</strong></span> <span class='ocrx_word' id='word_1_72' title='bbox 1072 855 1227 922; x_wconf 79' lang='lat' dir='ltr'><strong>Panormi</strong></span> 
     </span>
     <span class='ocr_line' id='line_1_9' title="bbox 164 935 1225 1028; baseline 0.006 -26"><span class='ocrx_word' id='word_1_73' title='bbox 164 959 356 1022; x_wconf 81' lang='lat' dir='ltr'><strong>exposuere3</strong></span> <span class='ocrx_word' id='word_1_74' title='bbox 379 959 567 1024; x_wconf 87' lang='lat' dir='ltr'><strong>versamque</strong></span> <span class='ocrx_word' id='word_1_75' title='bbox 581 935 622 1002; x_wconf 91' lang='lat' dir='ltr'><strong>ab</strong></span> <span class='ocrx_word' id='word_1_76' title='bbox 634 937 728 1002; x_wconf 90' lang='lat' dir='ltr'><strong>Italia</strong></span> <span class='ocrx_word' id='word_1_77' title='bbox 743 937 872 1016; x_wconf 89' lang='lat' dir='ltr'><strong>bellum,</strong></span> <span class='ocrx_word' id='word_1_78' title='bbox 883 939 965 1004; x_wconf 86' lang='lat' dir='ltr'><strong>adeo</strong></span> <span class='ocrx_word' id='word_1_79' title='bbox 977 952 1111 1026; x_wconf 91' lang='lat' dir='ltr'><strong>uterque</strong></span> <span class='ocrx_word' id='word_1_80' title='bbox 1121 965 1225 1028; x_wconf 89' lang='lat' dir='ltr'><strong>popu·</strong></span> 
     </span>
     <span class='ocr_line' id='line_1_10' title="bbox 164 1021 1225 1114; baseline 0.008 -28"><span class='ocrx_word' id='word_1_81' title='bbox 164 1023 214 1088; x_wconf 91' lang='lat' dir='ltr'><strong>lus</strong></span> <span class='ocrx_word' id='word_1_82' title='bbox 225 1023 258 1086; x_wconf 93' lang='lat' dir='ltr'><strong>in</strong></span> <span class='ocrx_word' id='word_1_83' title='bbox 273 1023 412 1090; x_wconf 88' lang='lat' dir='ltr'><strong>Siciliam</strong></span> <span class='ocrx_word' id='word_1_84' title='bbox 422 1025 571 1102; x_wconf 82' lang='lat' dir='ltr'><strong>intentus,</strong></span> <span class='ocrx_word' id='word_1_85' title='bbox 582 1021 677 1090; x_wconf 85' lang='lat' dir='ltr'><strong>fuisse</strong></span> <span class='ocrx_word' id='word_1_86' title='bbox 686 1023 786 1092; x_wconf 89' lang='lat' dir='ltr'><strong>videri</strong></span> <span class='ocrx_word' id='word_1_87' title='bbox 797 1035 931 1109; x_wconf 88' lang='lat' dir='ltr'><strong>poterat.</strong></span> <span class='ocrx_word' id='word_1_88' title='bbox 969 1023 1142 1114; x_wconf 83' lang='lat' dir='ltr'><strong>Legionem</strong></span> <span class='ocrx_word' id='word_1_89' title='bbox 1158 1029 1225 1094; x_wconf 87' lang='lat' dir='ltr'><strong>Ro·</strong></span> 
     </span>
     <span class='ocr_line' id='line_1_11' title="bbox 164 1109 1224 1199; baseline 0.004 -23"><span class='ocrx_word' id='word_1_90' title='bbox 164 1131 305 1187; x_wconf 86' lang='lat' dir='ltr'><strong>manam,</strong></span> <span class='ocrx_word' id='word_1_91' title='bbox 327 1133 401 1196; x_wconf 84' lang='lat' dir='ltr'><strong>quae</strong></span> <span class='ocrx_word' id='word_1_92' title='bbox 422 1111 564 1194; x_wconf 84' lang='lat' dir='ltr'><strong>exposita</strong></span> <span class='ocrx_word' id='word_1_93' title='bbox 579 1109 731 1174; x_wconf 83' lang='lat' dir='ltr'><strong>Panormi</strong></span> <span class='ocrx_word' id='word_1_94' title='bbox 750 1124 827 1188; x_wconf 86' lang='lat' dir='ltr'><strong>erat,</strong></span> <span class='ocrx_word' id='word_1_95' title='bbox 843 1112 1018 1189; x_wconf 82' lang='lat' dir='ltr'><strong>venientem</strong></span> <span class='ocrx_word' id='word_1_96' title='bbox 1043 1113 1224 1199; x_wconf 87' lang='lat' dir='ltr'><strong>Syracusas,</strong></span> 
     </span>
     <span class='ocr_line' id='line_1_12' title="bbox 165 1195 1224 1286; baseline 0.004 -26"><span class='ocrx_word' id='word_1_97' title='bbox 165 1196 285 1280; x_wconf 84' lang='lat' dir='ltr'><strong>praedae</strong></span> <span class='ocrx_word' id='word_1_98' title='bbox 301 1195 385 1262; x_wconf 87' lang='lat' dir='ltr'><strong>hand</strong></span> <span class='ocrx_word' id='word_1_99' title='bbox 401 1195 497 1262; x_wconf 88' lang='lat' dir='ltr'><strong>dubie</strong></span> <span class='ocrx_word' id='word_1_100' title='bbox 518 1195 578 1260; x_wconf 89' lang='lat' dir='ltr'><strong>sibi</strong></span> <span class='ocrx_word' id='word_1_101' title='bbox 599 1195 738 1260; x_wconf 83' lang='lat' dir='ltr'><strong>futuram</strong></span> <span class='ocrx_word' id='word_1_102' title='bbox 754 1195 901 1262; x_wconf 88' lang='lat' dir='ltr'><strong>Himilco</strong></span> <span class='ocrx_word' id='word_1_103' title='bbox 920 1211 1018 1276; x_wconf 90' lang='lat' dir='ltr'><strong>ratus,</strong></span> <span class='ocrx_word' id='word_1_104' title='bbox 1034 1200 1085 1264; x_wconf 90' lang='lat' dir='ltr'><strong>via</strong></span> <span class='ocrx_word' id='word_1_105' title='bbox 1106 1199 1224 1286; x_wconf 86' lang='lat' dir='ltr'><strong>decipi·</strong></span> 
     </span>
     <span class='ocr_line' id='line_1_13' title="bbox 167 1282 1300 1372; baseline 0.004 -24"><span class='ocrx_word' id='word_1_106' title='bbox 167 1296 229 1348; x_wconf 90' lang='lat' dir='ltr'><strong>tur.</strong></span> <span class='ocrx_word' id='word_1_107' title='bbox 252 1283 482 1348; x_wconf 87' lang='lat' dir='ltr'><strong>mediterraneo</strong></span> <span class='ocrx_word' id='word_1_108' title='bbox 497 1300 633 1368; x_wconf 84' lang='lat' dir='ltr'><strong>namque</strong></span> <span class='ocrx_word' id='word_1_109' title='bbox 649 1282 770 1348; x_wconf 87' lang='lat' dir='ltr'><strong>Poerrus</strong></span> <span class='ocrx_word' id='word_1_110' title='bbox 794 1284 904 1350; x_wconf 89' lang='lat' dir='ltr'><strong>itinere</strong></span> <span class='ocrx_word' id='word_1_111' title='bbox 925 1283 1041 1360; x_wconf 77' lang='lat' dir='ltr'><strong>duxit3.</strong></span> <span class='ocrx_word' id='word_1_112' title='bbox 1056 1285 1139 1372; x_wconf 80' lang='lat' dir='ltr'><strong>legio</strong></span> <span class='ocrx_word' id='word_1_113' title='bbox 1156 1307 1224 1352; x_wconf 89' lang='lat' dir='ltr'><strong>nra·</strong></span> <span class='ocrx_word' id='word_1_114' title='bbox 1297 1320 1300 1326; x_wconf 53' lang='grc'><strong>»</strong></span> 
     </span>
     <span class='ocr_line' id='line_1_14' title="bbox 164 1367 1223 1460; baseline 0.006 -28"><span class='ocrx_word' id='word_1_115' title='bbox 164 1369 278 1436; x_wconf 86' lang='lat' dir='ltr'><strong>ritimis</strong></span> <span class='ocrx_word' id='word_1_116' title='bbox 299 1368 387 1446; x_wconf 87' lang='lat' dir='ltr'><strong>locis,</strong></span> <span class='ocrx_word' id='word_1_117' title='bbox 407 1367 506 1434; x_wconf 87' lang='lat' dir='ltr'><strong>classe</strong></span> <span class='ocrx_word' id='word_1_118' title='bbox 528 1382 744 1456; x_wconf 84' lang='lat' dir='ltr'><strong>prosequente,</strong></span> <span class='ocrx_word' id='word_1_119' title='bbox 767 1371 806 1434; x_wconf 89' lang='lat' dir='ltr'><strong>ad</strong></span> <span class='ocrx_word' id='word_1_120' title='bbox 822 1374 882 1455; x_wconf 84' lang='lat' dir='ltr'><strong>Ap.</strong></span> <span class='ocrx_word' id='word_1_121' title='bbox 900 1371 1081 1450; x_wconf 86' lang='lat' dir='ltr'><strong>Claudium,</strong></span> <span class='ocrx_word' id='word_1_122' title='bbox 1099 1369 1223 1460; x_wconf 88' lang='lat' dir='ltr'><strong>Pachy-</strong></span> 
     </span>
     <span class='ocr_line' id='line_1_15' title="bbox 165 1453 1223 1543; baseline 0.006 -23"><span class='ocrx_word' id='word_1_123' title='bbox 165 1476 244 1520; x_wconf 87' lang='lat' dir='ltr'><strong>num</strong></span> <span class='ocrx_word' id='word_1_124' title='bbox 270 1467 459 1540; x_wconf 87' lang='lat' dir='ltr'><strong>camparte</strong></span> <span class='ocrx_word' id='word_1_125' title='bbox 488 1453 650 1540; x_wconf 86' lang='lat' dir='ltr'><strong>copiarum</strong></span> <span class='ocrx_word' id='word_1_126' title='bbox 676 1455 801 1520; x_wconf 80' lang='lat' dir='ltr'><strong>obviari</strong></span> <span class='ocrx_word' id='word_1_127' title='bbox 832 1478 1043 1542; x_wconf 88' lang='lat' dir='ltr'><strong>progressum,</strong></span> <span class='ocrx_word' id='word_1_128' title='bbox 1069 1464 1223 1543; x_wconf 81' lang='lat' dir='ltr'><strong>pervenit.</strong></span> 
     </span>
     <span class='ocr_line' id='line_1_16' title="bbox 165 1540 1223 1627; baseline 0 -19"><span class='ocrx_word' id='word_1_129' title='bbox 165 1541 271 1608; x_wconf 79' lang='lat' dir='ltr'><strong>⁸.⁶Nec</strong></span> <span class='ocrx_word' id='word_1_130' title='bbox 289 1541 407 1606; x_wconf 90' lang='lat' dir='ltr'><strong>diutius</strong></span> <span class='ocrx_word' id='word_1_131' title='bbox 431 1540 527 1606; x_wconf 89' lang='lat' dir='ltr'><strong>Poeni</strong></span> <span class='ocrx_word' id='word_1_132' title='bbox 548 1541 589 1605; x_wconf 90' lang='lat' dir='ltr'><strong>ad</strong></span> <span class='ocrx_word' id='word_1_133' title='bbox 612 1543 781 1627; x_wconf 79' lang='lat' dir='ltr'><strong>Syracusas</strong></span> <span class='ocrx_word' id='word_1_134' title='bbox 803 1543 918 1610; x_wconf 90' lang='lat' dir='ltr'><strong>morati</strong></span> <span class='ocrx_word' id='word_1_135' title='bbox 943 1557 1024 1608; x_wconf 86' lang='lat' dir='ltr'><strong>suut.</strong></span> <span class='ocrx_word' id='word_1_136' title='bbox 1048 1560 1080 1609; x_wconf 88' lang='lat' dir='ltr'><strong>et</strong></span> <span class='ocrx_word' id='word_1_137' title='bbox 1102 1545 1223 1610; x_wconf 90' lang='lat' dir='ltr'><strong>Bomil-</strong></span> 
     </span>
     <span class='ocr_line' id='line_1_17' title="bbox 165 1627 1224 1716; baseline 0.005 -25"><span class='ocrx_word' id='word_1_138' title='bbox 165 1650 230 1706; x_wconf 85' lang='lat' dir='ltr'><strong>car,</strong></span> <span class='ocrx_word' id='word_1_139' title='bbox 246 1627 341 1692; x_wconf 92' lang='lat' dir='ltr'><strong>simul</strong></span> <span class='ocrx_word' id='word_1_140' title='bbox 355 1649 467 1712; x_wconf 91' lang='lat' dir='ltr'><strong>parurn</strong></span> <span class='ocrx_word' id='word_1_141' title='bbox 483 1627 585 1692; x_wconf 86' lang='lat' dir='ltr'><strong>fideus</strong></span> <span class='ocrx_word' id='word_1_142' title='bbox 606 1629 739 1692; x_wconf 89' lang='lat' dir='ltr'><strong>navibus</strong></span> <span class='ocrx_word' id='word_1_143' title='bbox 749 1649 750 1652; x_wconf 45' lang='lat'>¹</span> <span class='ocrx_word' id='word_1_144' title='bbox 760 1629 835 1704; x_wconf 88' lang='lat' dir='ltr'><strong>suis,</strong></span> <span class='ocrx_word' id='word_1_145' title='bbox 851 1628 970 1716; x_wconf 83' lang='lat' dir='ltr'><strong>duplici</strong></span> <span class='ocrx_word' id='word_1_146' title='bbox 985 1629 1075 1696; x_wconf 80' lang='lat' dir='ltr'><strong>facile</strong></span> <span class='ocrx_word' id='word_1_147' title='bbox 1088 1653 1224 1697; x_wconf 91' lang='lat' dir='ltr'><strong>numero</strong></span> 
     </span>
     <span class='ocr_line' id='line_1_18' title="bbox 164 1713 1222 1793; baseline 0.006 -15"><span class='ocrx_word' id='word_1_148' title='bbox 164 1713 294 1778; x_wconf 79' lang='lat' dir='ltr'><strong>classem</strong></span> <span class='ocrx_word' id='word_1_149' title='bbox 315 1713 506 1778; x_wconf 87' lang='lat' dir='ltr'><strong>habentibus</strong></span> <span class='ocrx_word' id='word_1_150' title='bbox 528 1713 691 1793; x_wconf 86' lang='lat' dir='ltr'><strong>Romanis,</strong></span> <span class='ocrx_word' id='word_1_151' title='bbox 706 1715 732 1757; x_wconf 79' lang='lat'><strong>⁸⁷</strong></span> <span class='ocrx_word' id='word_1_152' title='bbox 740 1715 832 1779; x_wconf 88' lang='lat' dir='ltr'><strong>simul</strong></span> <span class='ocrx_word' id='word_1_153' title='bbox 854 1715 960 1780; x_wconf 88' lang='lat' dir='ltr'><strong>inutili</strong></span> <span class='ocrx_word' id='word_1_154' title='bbox 980 1738 1071 1782; x_wconf 87' lang='lat' dir='ltr'><strong>mora</strong></span> <span class='ocrx_word' id='word_1_155' title='bbox 1092 1740 1222 1784; x_wconf 88' lang='lat' dir='ltr'><strong>cernens</strong></span> 
     </span>
     <span class='ocr_line' id='line_1_19' title="bbox 165 1799 1221 1888; baseline 0.005 -24"><span class='ocrx_word' id='word_1_156' title='bbox 165 1799 247 1864; x_wconf 89' lang='lat' dir='ltr'><strong>nihil</strong></span> <span class='ocrx_word' id='word_1_157' title='bbox 266 1800 351 1866; x_wconf 88' lang='lat' dir='ltr'><strong>aliud</strong></span> <span class='ocrx_word' id='word_1_158' title='bbox 375 1799 416 1866; x_wconf 92' lang='lat' dir='ltr'><strong>ab</strong></span> <span class='ocrx_word' id='word_1_159' title='bbox 435 1800 499 1864; x_wconf 89' lang='lat' dir='ltr'><strong>suis</strong></span> <span class='ocrx_word' id='word_1_160' title='bbox 518 1821 612 1886; x_wconf 91' lang='lat' dir='ltr'><strong>quam</strong></span> <span class='ocrx_word' id='word_1_161' title='bbox 633 1799 740 1885; x_wconf 90' lang='lat' dir='ltr'><strong>inopia</strong></span> <span class='ocrx_word' id='word_1_162' title='bbox 763 1802 928 1888; x_wconf 85' lang='lat' dir='ltr'><strong>adgravari</strong></span> <span class='ocrx_word' id='word_1_163' title='bbox 950 1803 1051 1868; x_wconf 87' lang='lat' dir='ltr'><strong>socios</strong></span> <span class='ocrx_word' id='word_1_164' title='bbox 1059 1815 1079 1881; x_wconf 85' lang='lat'><strong>²,</strong></span> <span class='ocrx_word' id='word_1_165' title='bbox 1095 1803 1170 1868; x_wconf 87' lang='lat' dir='ltr'><strong>velis</strong></span> <span class='ocrx_word' id='word_1_166' title='bbox 1188 1804 1221 1870; x_wconf 91' lang='lat' dir='ltr'><strong>in</strong></span> 
     </span>
     <span class='ocr_line' id='line_1_20' title="bbox 165 1885 1223 1968; baseline 0.004 -16"><span class='ocrx_word' id='word_1_167' title='bbox 165 1885 265 1952; x_wconf 87' lang='lat' dir='ltr'><strong>altum</strong></span> <span class='ocrx_word' id='word_1_168' title='bbox 289 1886 382 1965; x_wconf 86' lang='lat' dir='ltr'><strong>datis,</strong></span> <span class='ocrx_word' id='word_1_169' title='bbox 404 1887 436 1950; x_wconf 92' lang='lat' dir='ltr'><strong>in</strong></span> <span class='ocrx_word' id='word_1_170' title='bbox 460 1885 600 1952; x_wconf 77' lang='lat' dir='ltr'><strong>Africam</strong></span> <span class='ocrx_word' id='word_1_171' title='bbox 622 1887 803 1952; x_wconf 82' lang='lat' dir='ltr'><strong>transmisit.</strong></span> <span class='ocrx_word' id='word_1_172' title='bbox 847 1887 892 1968; x_wconf 82' lang='lat' dir='ltr'><strong>Et</strong></span> <span class='ocrx_word' id='word_1_173' title='bbox 916 1887 1070 1967; x_wconf 90' lang='lat' dir='ltr'><strong>Himilco,</strong></span> <span class='ocrx_word' id='word_1_174' title='bbox 1098 1903 1223 1956; x_wconf 84' lang='lat' dir='ltr'><strong>secutus</strong></span> 
     </span>
     <span class='ocr_line' id='line_1_21' title="bbox 163 1971 1223 2064; baseline 0.006 -28"><span class='ocrx_word' id='word_1_175' title='bbox 163 1972 378 2060; x_wconf 87' lang='lat' dir='ltr'><strong>nequidquam</strong></span> <span class='ocrx_word' id='word_1_176' title='bbox 395 1971 584 2039; x_wconf 87' lang='lat' dir='ltr'><strong>Marcellum</strong></span> <span class='ocrx_word' id='word_1_177' title='bbox 600 1974 782 2060; x_wconf 88' lang='lat' dir='ltr'><strong>Syracusas,</strong></span> <span class='ocrx_word' id='word_1_178' title='bbox 797 1973 910 2058; x_wconf 85' lang='lat' dir='ltr'><strong>siqua,</strong></span> <span class='ocrx_word' id='word_1_179' title='bbox 926 1975 1109 2061; x_wconf 85' lang='lat' dir='ltr'><strong>priusquam</strong></span> <span class='ocrx_word' id='word_1_180' title='bbox 1125 1979 1223 2064; x_wconf 85' lang='lat' dir='ltr'><strong>majo·</strong></span> 
     </span>
     <span class='ocr_line' id='line_1_22' title="bbox 162 2059 1222 2148; baseline 0.006 -25"><span class='ocrx_word' id='word_1_181' title='bbox 162 2059 250 2124; x_wconf 89' lang='lat' dir='ltr'><strong>ribus</strong></span> <span class='ocrx_word' id='word_1_182' title='bbox 272 2059 372 2145; x_wconf 91' lang='lat' dir='ltr'><strong>copiis</strong></span> <span class='ocrx_word' id='word_1_183' title='bbox 391 2059 591 2146; x_wconf 83' lang='lat' dir='ltr'><strong>jungeretur,</strong></span> <span class='ocrx_word' id='word_1_184' title='bbox 613 2059 735 2124; x_wconf 87' lang='lat' dir='ltr'><strong>occasio</strong></span> <span class='ocrx_word' id='word_1_185' title='bbox 758 2060 922 2146; x_wconf 84' lang='lat' dir='ltr'><strong>pugnandi</strong></span> <span class='ocrx_word' id='word_1_186' title='bbox 943 2075 1031 2138; x_wconf 86' lang='lat' dir='ltr'><strong>esset,</strong></span> <span class='ocrx_word' id='word_1_187' title='bbox 1053 2075 1222 2148; x_wconf 85' lang='lat' dir='ltr'><strong>postquam</strong></span> 
     </span>
     <span class='ocr_line' id='line_1_23' title="bbox 163 2140 1223 2233; baseline -0.001 -20"><span class='ocrx_word' id='word_1_188' title='bbox 163 2140 309 2213; x_wconf 81' lang='lat' dir='ltr'><strong>canulis</strong></span> <span class='ocrx_word' id='word_1_189' title='bbox 330 2148 516 2233; x_wconf 85' lang='lat' dir='ltr'><strong>contigerat,</strong></span> <span class='ocrx_word' id='word_1_190' title='bbox 533 2157 699 2232; x_wconf 90' lang='lat' dir='ltr'><strong>tutumque</strong></span> <span class='ocrx_word' id='word_1_191' title='bbox 720 2145 761 2210; x_wconf 91' lang='lat' dir='ltr'><strong>ad</strong></span> <span class='ocrx_word' id='word_1_192' title='bbox 778 2147 949 2232; x_wconf 87' lang='lat' dir='ltr'><strong>Syracusas</strong></span> <span class='ocrx_word' id='word_1_193' title='bbox 970 2159 1002 2212; x_wconf 86' lang='lat' dir='ltr'><strong>et</strong></span> <span class='ocrx_word' id='word_1_194' title='bbox 1023 2149 1223 2214; x_wconf 87' lang='lat' dir='ltr'><strong>munimento</strong></span> 
     </span>
     <span class='ocr_line' id='line_1_24' title="bbox 162 2231 1222 2319; baseline 0.002 -23"><span class='ocrx_word' id='word_1_195' title='bbox 162 2245 195 2298; x_wconf 90' lang='lat' dir='ltr'><strong>et</strong></span> <span class='ocrx_word' id='word_1_196' title='bbox 210 2232 330 2312; x_wconf 78' lang='lat' dir='ltr'><strong>viribus</strong></span> <span class='ocrx_word' id='word_1_197' title='bbox 347 2231 468 2296; x_wconf 89' lang='lat' dir='ltr'><strong>hostem</strong></span> <span class='ocrx_word' id='word_1_198' title='bbox 483 2233 640 2310; x_wconf 84' lang='lat' dir='ltr'><strong>cernebat,</strong></span> <span class='ocrx_word' id='word_1_199' title='bbox 656 2254 697 2296; x_wconf 85' lang='lat' dir='ltr'><strong>nc</strong></span> <span class='ocrx_word' id='word_1_200' title='bbox 710 2231 825 2298; x_wconf 85' lang='lat' dir='ltr'><strong>iiustra</strong></span> <span class='ocrx_word' id='word_1_201' title='bbox 846 2232 1019 2298; x_wconf 89' lang='lat' dir='ltr'><strong>adsidendo</strong></span> <span class='ocrx_word' id='word_1_202' title='bbox 1034 2235 1222 2319; x_wconf 84' lang='lat' dir='ltr'><strong>spectando-</strong></span> 
     </span>
     <span class='ocr_line' id='line_1_25' title="bbox 161 2318 1221 2468; baseline 0.002 -84"><span class='ocrx_word' id='word_1_203' title='bbox 161 2341 225 2404; x_wconf 90' lang='lat' dir='ltr'><strong>que</strong></span> <span class='ocrx_word' id='word_1_204' title='bbox 246 2318 442 2384; x_wconf 88' lang='lat' dir='ltr'><strong>obsidionem</strong></span> <span class='ocrx_word' id='word_1_205' title='bbox 464 2320 622 2384; x_wconf 88' lang='lat' dir='ltr'><strong>sociorum</strong></span> <span class='ocrx_word' id='word_1_206' title='bbox 644 2331 767 2468; x_wconf 69' lang='lat' dir='ltr'><strong>tempus</strong></span> <span class='ocrx_word' id='word_1_207' title='bbox 788 2332 911 2398; x_wconf 86' lang='lat' dir='ltr'><strong>tereret,</strong></span> <span class='ocrx_word' id='word_1_208' title='bbox 934 2333 1037 2398; x_wconf 89' lang='lat' dir='ltr'><strong>castra</strong></span> <span class='ocrx_word' id='word_1_209' title='bbox 1059 2322 1132 2388; x_wconf 89' lang='lat' dir='ltr'><strong>inde</strong></span> <span class='ocrx_word' id='word_1_210' title='bbox 1153 2342 1221 2386; x_wconf 86' lang='lat' dir='ltr'><strong>mo·</strong></span> 
     </span>
     <span class='ocr_line' id='line_1_26' title="bbox 161 2405 1220 2491; baseline 0.002 -23"><span class='ocrx_word' id='word_1_211' title='bbox 161 2407 224 2469; x_wconf 88' lang='lat' dir='ltr'><strong>vit:</strong></span> <span class='ocrx_word' id='word_1_212' title='bbox 248 2417 292 2482; x_wconf 90' lang='lat' dir='ltr'><strong>ut,</strong></span> <span class='ocrx_word' id='word_1_213' title='bbox 309 2425 509 2490; x_wconf 89' lang='lat' dir='ltr'><strong>quocumque</strong></span> <span class='ocrx_word' id='word_1_214' title='bbox 531 2422 671 2470; x_wconf 85' lang='lat' dir='ltr'><strong>vocasset</strong></span> <span class='ocrx_word' id='word_1_215' title='bbox 715 2405 877 2470; x_wconf 82' lang='lat' dir='ltr'><strong>electionis</strong></span> <span class='ocrx_word' id='word_1_216' title='bbox 899 2405 940 2470; x_wconf 92' lang='lat' dir='ltr'><strong>ab</strong></span> <span class='ocrx_word' id='word_1_217' title='bbox 964 2407 1117 2472; x_wconf 90' lang='lat' dir='ltr'><strong>Romanis</strong></span> <span class='ocrx_word' id='word_1_218' title='bbox 1139 2429 1220 2491; x_wconf 88' lang='lat' dir='ltr'><strong>spes,</strong></span> 
     </span>
     <span class='ocr_line' id='line_1_27' title="bbox 162 2489 1221 2576; baseline 0.002 -20"><span class='ocrx_word' id='word_1_219' title='bbox 162 2490 346 2567; x_wconf 81' lang='lat' dir='ltr'><strong>admoveret</strong></span> <span class='ocrx_word' id='word_1_220' title='bbox 370 2489 558 2572; x_wconf 83' lang='lat' dir='ltr'><strong>exercitum,</strong></span> <span class='ocrx_word' id='word_1_221' title='bbox 576 2495 614 2554; x_wconf 84' lang='lat' dir='ltr'><strong>‘ac</strong></span> <span class='ocrx_word' id='word_1_222' title='bbox 635 2513 775 2576; x_wconf 81' lang='lat' dir='ltr'><strong>praesens</strong></span> <span class='ocrx_word' id='word_1_223' title='bbox 798 2513 869 2556; x_wconf 89' lang='lat' dir='ltr'><strong>suas</strong></span> <span class='ocrx_word' id='word_1_224' title='bbox 894 2514 944 2556; x_wconf 89' lang='lat' dir='ltr'><strong>res</strong></span> <span class='ocrx_word' id='word_1_225' title='bbox 962 2491 1139 2568; x_wconf 85' lang='lat' dir='ltr'><strong>foventibus</strong></span> <span class='ocrx_word' id='word_1_226' title='bbox 1164 2493 1221 2558; x_wconf 84' lang='lat' dir='ltr'><strong>ad-</strong></span> 
     </span>
     <span class='ocr_line' id='line_1_28' title="bbox 162 2575 1222 2678; baseline -0.001 -33"><span class='ocrx_word' id='word_1_227' title='bbox 162 2577 255 2645; x_wconf 86' lang='lat' dir='ltr'><strong>deret</strong></span> <span class='ocrx_word' id='word_1_228' title='bbox 267 2578 400 2642; x_wconf 87' lang='lat' dir='ltr'><strong>animos.</strong></span> <span class='ocrx_word' id='word_1_229' title='bbox 446 2575 663 2678; x_wconf 75' lang='lat' dir='ltr'><strong>Murgantiam</strong></span> <span class='ocrx_word' id='word_1_230' title='bbox 687 2580 837 2662; x_wconf 88' lang='lat' dir='ltr'><strong>primum,</strong></span> <span class='ocrx_word' id='word_1_231' title='bbox 851 2578 981 2663; x_wconf 88' lang='lat' dir='ltr'><strong>prodito</strong></span> <span class='ocrx_word' id='word_1_232' title='bbox 995 2582 1036 2647; x_wconf 86' lang='lat' dir='ltr'><strong>ab</strong></span> <span class='ocrx_word' id='word_1_233' title='bbox 1050 2575 1125 2666; x_wconf 88' lang='lat' dir='ltr'><strong>ipsis</strong></span> <span class='ocrx_word' id='word_1_234' title='bbox 1139 2603 1222 2666; x_wconf 88' lang='lat' dir='ltr'><strong>prae·</strong></span> 
     </span>
     <span class='ocr_line' id='line_1_29' title="bbox 163 2663 1221 2752; baseline 0.004 -24"><span class='ocrx_word' id='word_1_235' title='bbox 163 2663 247 2728; x_wconf 90' lang='lat' dir='ltr'><strong>sidio</strong></span> <span class='ocrx_word' id='word_1_236' title='bbox 264 2665 420 2741; x_wconf 86' lang='lat' dir='ltr'><strong>Romano,</strong></span> <span class='ocrx_word' id='word_1_237' title='bbox 436 2676 570 2750; x_wconf 80' lang='lat' dir='ltr'><strong>recepit:</strong></span> <span class='ocrx_word' id='word_1_238' title='bbox 594 2663 683 2726; x_wconf 83' lang='lat' dir='ltr'><strong>⁸⁸ubi</strong></span> <span class='ocrx_word' id='word_1_239' title='bbox 700 2663 850 2727; x_wconf 81' lang='lat' dir='ltr'><strong>frumenti</strong></span> <span class='ocrx_word' id='word_1_240' title='bbox 872 2687 988 2752; x_wconf 85' lang='lat' dir='ltr'><strong>magna</strong></span> <span class='ocrx_word' id='word_1_241' title='bbox 1003 2667 1050 2732; x_wconf 85' lang='lat' dir='ltr'><strong>vis</strong></span> <span class='ocrx_word' id='word_1_242' title='bbox 1065 2689 1221 2734; x_wconf 83' lang='lat' dir='ltr'><strong>commea·</strong></span> 
     </span>
     <span class='ocr_line' id='line_1_30' title="bbox 161 2750 988 2838; baseline 0 -22"><span class='ocrx_word' id='word_1_243' title='bbox 161 2767 213 2818; x_wconf 89' lang='lat' dir='ltr'><strong>tus</strong></span> <span class='ocrx_word' id='word_1_244' title='bbox 259 2774 275 2814; x_wconf 93' lang='lat' dir='ltr'><strong>e</strong></span> <span class='ocrx_word' id='word_1_245' title='bbox 290 2751 392 2814; x_wconf 90' lang='lat' dir='ltr'><strong>omnis</strong></span> <span class='ocrx_word' id='word_1_246' title='bbox 405 2752 531 2838; x_wconf 84' lang='lat' dir='ltr'><strong>generis</strong></span> <span class='ocrx_word' id='word_1_247' title='bbox 546 2750 809 2817; x_wconf 76' lang='lat' dir='ltr'><strong>convestierant·</strong></span> <span class='ocrx_word' id='word_1_248' title='bbox 825 2750 988 2816; x_wconf 87' lang='lat' dir='ltr'><strong>Romanis.</strong></span> 
     </span>
    </p>

    <p class='ocr_par' dir='ltr' id='par_1_6' title="bbox 161 2835 1434 3187">
     <span class='ocr_line' id='line_1_31' title="bbox 244 2835 1402 2924; baseline 0.004 -23"><span class='ocrx_word' id='word_1_249' title='bbox 244 2835 392 2902; x_wconf 89' lang='lat' dir='ltr'>XXVII.</span> <span class='ocrx_word' id='word_1_250' title='bbox 415 2836 468 2924; x_wconf 84' lang='lat' dir='ltr'><strong>Ad</strong></span> <span class='ocrx_word' id='word_1_251' title='bbox 490 2835 573 2900; x_wconf 86' lang='lat' dir='ltr'><strong>hanc</strong></span> <span class='ocrx_word' id='word_1_252' title='bbox 594 2835 802 2900; x_wconf 85' lang='lat' dir='ltr'><strong>defectionem</strong></span> <span class='ocrx_word' id='word_1_253' title='bbox 825 2839 920 2902; x_wconf 90' lang='lat' dir='ltr'><strong>erecti</strong></span> <span class='ocrx_word' id='word_1_254' title='bbox 935 2851 1017 2904; x_wconf 85' lang='lat' dir='ltr'><strong>sunt</strong></span> <span class='ocrx_word' id='word_1_255' title='bbox 1038 2849 1070 2902; x_wconf 88' lang='lat' dir='ltr'><strong>et</strong></span> <span class='ocrx_word' id='word_1_256' title='bbox 1088 2839 1329 2916; x_wconf 74' lang='lat' dir='ltr'><strong>aliarumsuqua</strong></span> <span class='ocrx_word' id='word_1_257' title='bbox 1342 2865 1402 2906; x_wconf 74' lang='lat' dir='ltr'><strong>un.</strong></span> 
     </span>
     <span class='ocr_line' id='line_1_32' title="bbox 161 2917 1376 3009; baseline 0.003 -21"><span class='ocrx_word' id='word_1_258' title='bbox 161 2923 337 2988; x_wconf 87' lang='lat' dir='ltr'><strong>civitatium</strong></span> <span class='ocrx_word' id='word_1_259' title='bbox 351 2923 466 2988; x_wconf 85' lang='lat' dir='ltr'><strong>animi:</strong></span> <span class='ocrx_word' id='word_1_260' title='bbox 489 2922 696 3008; x_wconf 88' lang='lat' dir='ltr'><strong>praesidiaque</strong></span> <span class='ocrx_word' id='word_1_261' title='bbox 713 2919 859 2987; x_wconf 88' lang='lat' dir='ltr'><strong>Romana</strong></span> <span class='ocrx_word' id='word_1_262' title='bbox 880 2937 934 2989; x_wconf 90' lang='lat' dir='ltr'><strong>aut</strong></span> <span class='ocrx_word' id='word_1_263' title='bbox 955 2924 1154 3009; x_wconf 86' lang='lat' dir='ltr'><strong>pellebantur</strong></span> <span class='ocrx_word' id='word_1_264' title='bbox 1170 2917 1376 2992; x_wconf 42' lang='lat' dir='ltr'><strong>aptamus-</strong></span> 
     </span>
     <span class='ocr_line' id='line_1_33' title="bbox 161 2982 1434 3094; baseline 0.003 -19"><span class='ocrx_word' id='word_1_265' title='bbox 161 3010 262 3087; x_wconf 84' lang='lat' dir='ltr'><strong>cibus,</strong></span> <span class='ocrx_word' id='word_1_266' title='bbox 285 3022 339 3085; x_wconf 84' lang='lat' dir='ltr'><strong>aut</strong></span> <span class='ocrx_word' id='word_1_267' title='bbox 364 3009 491 3094; x_wconf 90' lang='lat' dir='ltr'><strong>prodita</strong></span> <span class='ocrx_word' id='word_1_268' title='bbox 512 3030 569 3093; x_wconf 90' lang='lat' dir='ltr'><strong>per</strong></span> <span class='ocrx_word' id='word_1_269' title='bbox 588 3009 731 3072; x_wconf 89' lang='lat' dir='ltr'><strong>fraudem</strong></span> <span class='ocrx_word' id='word_1_270' title='bbox 745 3009 1025 3094; x_wconf 86' lang='lat' dir='ltr'><strong>obprimebantur.</strong></span> <span class='ocrx_word' id='word_1_271' title='bbox 1071 2982 1366 3094; x_wconf 54' lang='lat' dir='ltr'><strong>Hennaffidefia·</strong></span> <span class='ocrx_word' id='word_1_272' title='bbox 1431 3024 1434 3030; x_wconf 82' lang='lat'>&#39;</span> 
     </span>
     <span class='ocr_line' id='line_1_34' title="bbox 161 3095 1299 3187; baseline 0.004 -26"><span class='ocrx_word' id='word_1_273' title='bbox 161 3097 292 3161; x_wconf 83' lang='lat' dir='ltr'><strong>excelso</strong></span> <span class='ocrx_word' id='word_1_274' title='bbox 305 3095 378 3160; x_wconf 89' lang='lat' dir='ltr'><strong>loco</strong></span> <span class='ocrx_word' id='word_1_275' title='bbox 393 3117 430 3159; x_wconf 90' lang='lat' dir='ltr'><strong>ac</strong></span> <span class='ocrx_word' id='word_1_276' title='bbox 444 3107 607 3180; x_wconf 86' lang='lat' dir='ltr'><strong>praerupto</strong></span> <span class='ocrx_word' id='word_1_277' title='bbox 622 3096 764 3181; x_wconf 90' lang='lat' dir='ltr'><strong>undique</strong></span> <span class='ocrx_word' id='word_1_278' title='bbox 778 3098 846 3172; x_wconf 87' lang='lat' dir='ltr'><strong>sita,</strong></span> <span class='ocrx_word' id='word_1_279' title='bbox 863 3119 960 3182; x_wconf 89' lang='lat' dir='ltr'><strong>quum</strong></span> <span class='ocrx_word' id='word_1_280' title='bbox 976 3097 1048 3161; x_wconf 92' lang='lat' dir='ltr'><strong>loco</strong></span> <span class='ocrx_word' id='word_1_281' title='bbox 1061 3098 1219 3187; x_wconf 84' lang='lat' dir='ltr'><strong>inexpug·</strong></span> <span class='ocrx_word' id='word_1_282' title='bbox 1296 3165 1299 3174; x_wconf 75' lang='grc'>,</span> 
     </span>
    </p>
   </div>
   <div class='ocr_carea' id='block_1_5' title="bbox 159 3180 1373 3301">
    <p class='ocr_par' dir='ltr' id='par_1_7' title="bbox 159 3180 1373 3301">
     <span class='ocr_line' id='line_1_35' title="bbox 159 3180 1373 3301; baseline 0.002 -54"><span class='ocrx_word' id='word_1_283' title='bbox 159 3183 274 3248; x_wconf 87' lang='lat' dir='ltr'><strong>nabilis</strong></span> <span class='ocrx_word' id='word_1_284' title='bbox 288 3193 366 3260; x_wconf 90' lang='lat' dir='ltr'><strong>erat,</strong></span> <span class='ocrx_word' id='word_1_285' title='bbox 382 3193 450 3247; x_wconf 90' lang='lat' dir='ltr'><strong>turn</strong></span> <span class='ocrx_word' id='word_1_286' title='bbox 464 3180 648 3266; x_wconf 65' lang='lat' dir='ltr'><strong>presidium</strong></span> <span class='ocrx_word' id='word_1_287' title='bbox 671 3181 703 3244; x_wconf 92' lang='lat' dir='ltr'><strong>in</strong></span> <span class='ocrx_word' id='word_1_288' title='bbox 715 3203 794 3247; x_wconf 84' lang='lat' dir='ltr'><strong>arce</strong></span> <span class='ocrx_word' id='word_1_289' title='bbox 807 3182 957 3262; x_wconf 87' lang='lat' dir='ltr'><strong>validum,</strong></span> <span class='ocrx_word' id='word_1_290' title='bbox 974 3181 1220 3272; x_wconf 73' lang='lat' dir='ltr'><strong>praefectumque</strong></span> <span class='ocrx_word' id='word_1_291' title='bbox 1228 3191 1373 3301; x_wconf 53' lang='lat' dir='ltr'><strong>gmon</strong></span> 
     </span>
    </p>
   </div>
   <div class='ocr_carea' id='block_1_6' title="bbox 192 3324 1313 3431">
    <p class='ocr_par' dir='ltr' id='par_1_8' title="bbox 192 3324 1313 3431">
     <span class='ocr_line' id='line_1_36' title="bbox 192 3324 1313 3431; baseline -0.002 -13"><span class='ocrx_word' id='word_1_292' title='bbox 192 3345 330 3418; x_wconf 61' lang='lat' dir='ltr'><strong>eratenim</strong></span> <span class='ocrx_word' id='word_1_293' title='bbox 341 3369 410 3417; x_wconf 83' lang='lat' dir='ltr'><strong>Crev.</strong></span> <span class='ocrx_word' id='word_1_294' title='bbox 474 3367 663 3418; x_wconf 69' lang='lat' dir='ltr'><strong>*adaaGron</strong></span> <span class='ocrx_word' id='word_1_295' title='bbox 719 3363 837 3427; x_wconf 41' lang='lat' dir='ltr'><strong>,bunnae</strong></span> <span class='ocrx_word' id='word_1_296' title='bbox 855 3369 894 3418; x_wconf 89' lang='lat' dir='ltr'><strong>Sic</strong></span> <span class='ocrx_word' id='word_1_297' title='bbox 904 3383 1013 3431; x_wconf 70' lang='lat' dir='ltr'><strong>tempere</strong></span> <span class='ocrx_word' id='word_1_298' title='bbox 1031 3371 1106 3418; x_wconf 86' lang='lat' dir='ltr'><strong>Gran.</strong></span> <span class='ocrx_word' id='word_1_299' title='bbox 1117 3369 1186 3418; x_wconf 83' lang='lat' dir='ltr'><strong>Creu.</strong></span> <span class='ocrx_word' id='word_1_300' title='bbox 1228 3324 1313 3366; x_wconf 60' lang='lat' dir='ltr'><strong>nom</strong></span> 
     </span>
    </p>
   </div>
   <div class='ocr_carea' id='block_1_7' title="bbox 160 3557 1221 3816">
    <p class='ocr_par' dir='ltr' id='par_1_9' title="bbox 160 3557 1221 3816">
     <span class='ocr_line' id='line_1_37' title="bbox 192 3557 1219 3627; baseline -0.002 -15"><span class='ocrx_word' id='word_1_301' title='bbox 192 3563 224 3612; x_wconf 71' lang='lat'><strong>86</strong></span> <span class='ocrx_word' id='word_1_302' title='bbox 240 3557 294 3611; x_wconf 80' lang='lat' dir='ltr'><strong>Nec</strong></span> <span class='ocrx_word' id='word_1_303' title='bbox 310 3563 398 3612; x_wconf 78' lang='lat' dir='ltr'><strong>diutius</strong></span> <span class='ocrx_word' id='word_1_304' title='bbox 413 3563 483 3611; x_wconf 79' lang='lat' dir='ltr'><strong>Pani</strong></span> <span class='ocrx_word' id='word_1_305' title='bbox 501 3561 532 3609; x_wconf 82' lang='lat' dir='ltr'><strong>ad</strong></span> <span class='ocrx_word' id='word_1_306' title='bbox 548 3563 675 3624; x_wconf 74' lang='lat' dir='ltr'><strong>Syracusas</strong></span> <span class='ocrx_word' id='word_1_307' title='bbox 707 3566 787 3626; x_wconf 78' lang='lat' dir='ltr'><strong>inopia</strong></span> <span class='ocrx_word' id='word_1_308' title='bbox 805 3565 936 3627; x_wconf 66' lang='lat' dir='ltr'><strong>wauari</strong></span> <span class='ocrx_word' id='word_1_309' title='bbox 950 3561 1029 3610; x_wconf 70' lang='lat' dir='ltr'><strong>sorici.</strong></span> <span class='ocrx_word' id='word_1_310' title='bbox 1063 3561 1164 3623; x_wconf 85' lang='lat' dir='ltr'><strong>Scripti:</strong></span> <span class='ocrx_word' id='word_1_311' title='bbox 1185 3565 1219 3610; x_wconf 77' lang='lat' dir='ltr'><strong>ss·-</strong></span> 
     </span>
     <span class='ocr_line' id='line_1_38' title="bbox 161 3627 1219 3691; baseline 0 -17"><span class='ocrx_word' id='word_1_312' title='bbox 161 3627 330 3691; x_wconf 65' lang='lat' dir='ltr'><strong>maraticam]</strong></span> <span class='ocrx_word' id='word_1_313' title='bbox 358 3629 425 3676; x_wconf 84' lang='lat' dir='ltr'><strong>Editi</strong></span> <span class='ocrx_word' id='word_1_314' title='bbox 447 3635 503 3676; x_wconf 84' lang='lat' dir='ltr'><strong>ante</strong></span> <span class='ocrx_word' id='word_1_315' title='bbox 525 3629 674 3676; x_wconf 87' lang='lat' dir='ltr'><strong>Gronovium</strong></span> <span class='ocrx_word' id='word_1_316' title='bbox 706 3631 880 3690; x_wconf 60' lang='lat' dir='ltr'><strong>mediantibus</strong></span> <span class='ocrx_word' id='word_1_317' title='bbox 896 3643 984 3676; x_wconf 82' lang='lat' dir='ltr'><strong>murum</strong></span> <span class='ocrx_word' id='word_1_318' title='bbox 1001 3643 1102 3682; x_wconf 67' lang='lat' dir='ltr'><strong>mamus,</strong></span> <span class='ocrx_word' id='word_1_319' title='bbox 1118 3627 1179 3674; x_wconf 78' lang='lat' dir='ltr'><strong>nibil</strong></span> <span class='ocrx_word' id='word_1_320' title='bbox 1193 3643 1219 3674; x_wconf 86' lang='lat' dir='ltr'><strong>u·</strong></span> 
     </span>
     <span class='ocr_line' id='line_1_39' title="bbox 160 3693 1221 3759; baseline 0.002 -21"><span class='ocrx_word' id='word_1_321' title='bbox 160 3699 186 3738; x_wconf 86' lang='lat' dir='ltr'><strong>et</strong></span> <span class='ocrx_word' id='word_1_322' title='bbox 197 3693 304 3753; x_wconf 86' lang='lat' dir='ltr'><strong>plerique</strong></span> <span class='ocrx_word' id='word_1_323' title='bbox 317 3693 388 3740; x_wconf 87' lang='lat' dir='ltr'><strong>Mss.</strong></span> <span class='ocrx_word' id='word_1_324' title='bbox 401 3693 533 3754; x_wconf 72' lang='lat' dir='ltr'><strong>Syracusis,</strong></span> <span class='ocrx_word' id='word_1_325' title='bbox 544 3694 596 3740; x_wconf 89' lang='lat' dir='ltr'><strong>sine</strong></span> <span class='ocrx_word' id='word_1_326' title='bbox 613 3707 676 3754; x_wconf 81' lang='lat' dir='ltr'><strong>prae·</strong></span> <span class='ocrx_word' id='word_1_327' title='bbox 705 3693 757 3741; x_wconf 77' lang='lat' dir='ltr'><strong>llari</strong></span> <span class='ocrx_word' id='word_1_328' title='bbox 775 3693 803 3740; x_wconf 78' lang='lat' dir='ltr'><strong>ab</strong></span> <span class='ocrx_word' id='word_1_329' title='bbox 818 3697 867 3742; x_wconf 80' lang='lat' dir='ltr'><strong>ruis</strong></span> <span class='ocrx_word' id='word_1_330' title='bbox 884 3709 955 3758; x_wconf 79' lang='lat' dir='ltr'><strong>quam</strong></span> <span class='ocrx_word' id='word_1_331' title='bbox 971 3695 1074 3759; x_wconf 79' lang='lat' dir='ltr'><strong>inopiam</strong></span> <span class='ocrx_word' id='word_1_332' title='bbox 1091 3695 1221 3756; x_wconf 79' lang='lat' dir='ltr'><strong>aggravari</strong></span> 
     </span>
     <span class='ocr_line' id='line_1_40' title="bbox 160 3757 1076 3816; baseline 0.004 -14"><span class='ocrx_word' id='word_1_333' title='bbox 160 3757 284 3816; x_wconf 85' lang='lat' dir='ltr'><strong>positione.</strong></span> <span class='ocrx_word' id='word_1_334' title='bbox 319 3757 374 3804; x_wconf 89' lang='lat' dir='ltr'><strong>Put.</strong></span> <span class='ocrx_word' id='word_1_335' title='bbox 387 3764 412 3805; x_wconf 89' lang='lat' dir='ltr'><strong>et</strong></span> <span class='ocrx_word' id='word_1_336' title='bbox 426 3759 487 3804; x_wconf 87' lang='lat' dir='ltr'><strong>alter</strong></span> <span class='ocrx_word' id='word_1_337' title='bbox 502 3757 587 3804; x_wconf 87' lang='lat' dir='ltr'><strong>itidem</strong></span> <span class='ocrx_word' id='word_1_338' title='bbox 604 3759 673 3804; x_wconf 81' lang='lat' dir='ltr'><strong>bonae</strong></span> <span class='ocrx_word' id='word_1_339' title='bbox 705 3759 826 3807; x_wconf 69' lang='lat' dir='ltr'><strong>rociorm</strong></span> <span class='ocrx_word' id='word_1_340' title='bbox 1074 3794 1076 3798; x_wconf 67' lang='lat'><strong>,</strong></span> 
     </span>
    </p>
   </div>
   <div class='ocr_carea' id='block_1_8' title="bbox 60 3818 1220 3884">
    <p class='ocr_par' dir='ltr' id='par_1_10' title="bbox 60 3818 1220 3884">
     <span class='ocr_line' id='line_1_41' title="bbox 60 3818 1220 3884; baseline 0.003 -18"><span class='ocrx_word' id='word_1_341' title='bbox 60 3841 64 3848; x_wconf 91' lang='lat'><strong>·</strong></span> <span class='ocrx_word' id='word_1_342' title='bbox 159 3821 276 3878; x_wconf 56' lang='lat' dir='ltr'><strong>natumsed</strong></span> <span class='ocrx_word' id='word_1_343' title='bbox 291 3821 422 3882; x_wconf 64' lang='lat' dir='ltr'><strong>Syracusis.</strong></span> <span class='ocrx_word' id='word_1_344' title='bbox 456 3821 516 3868; x_wconf 90' lang='lat' dir='ltr'><strong>Inde</strong></span> <span class='ocrx_word' id='word_1_345' title='bbox 532 3832 596 3868; x_wconf 86' lang='lat' dir='ltr'><strong>recte</strong></span> <span class='ocrx_word' id='word_1_346' title='bbox 608 3818 673 3884; x_wconf 89' lang='lat' dir='ltr'><strong>judi·</strong></span> <span class='ocrx_word' id='word_1_347' title='bbox 737 3824 769 3870; x_wconf 79' lang='lat'><strong>88</strong></span> <span class='ocrx_word' id='word_1_348' title='bbox 789 3820 1040 3872; x_wconf 77' lang='lat' dir='ltr'><strong>Uli...cmnmeutus</strong></span> <span class='ocrx_word' id='word_1_349' title='bbox 1055 3853 1101 3872; x_wconf 89' lang='grc'><strong>...</strong></span> <span class='ocrx_word' id='word_1_350' title='bbox 1119 3825 1220 3872; x_wconf 73' lang='lat' dir='ltr'><strong>emereri</strong></span> 
     </span>
    </p>
   </div>
   <div class='ocr_carea' id='block_1_9' title="bbox 158 3885 1220 4404">
    <p class='ocr_par' dir='ltr' id='par_1_11' title="bbox 158 3885 1220 4404">
     <span class='ocr_line' id='line_1_42' title="bbox 159 3885 1219 3951; baseline 0.001 -19"><span class='ocrx_word' id='word_1_351' title='bbox 159 3887 225 3932; x_wconf 87' lang='lat' dir='ltr'><strong>cavit</strong></span> <span class='ocrx_word' id='word_1_352' title='bbox 238 3885 381 3938; x_wconf 79' lang='lat' dir='ltr'><strong>Gronovius¹</strong></span> <span class='ocrx_word' id='word_1_353' title='bbox 391 3888 439 3950; x_wconf 83' lang='lat' dir='ltr'><strong>legi</strong></span> <span class='ocrx_word' id='word_1_354' title='bbox 456 3887 541 3934; x_wconf 82' lang='lat' dir='ltr'><strong>debere</strong></span> <span class='ocrx_word' id='word_1_355' title='bbox 555 3885 586 3934; x_wconf 81' lang='lat' dir='ltr'><strong>ud</strong></span> <span class='ocrx_word' id='word_1_356' title='bbox 599 3887 674 3947; x_wconf 73' lang='lat' dir='ltr'><strong>Syru·</strong></span> <span class='ocrx_word' id='word_1_357' title='bbox 704 3889 772 3934; x_wconf 79' lang='lat' dir='ltr'><strong>erant</strong></span> <span class='ocrx_word' id='word_1_358' title='bbox 793 3887 919 3950; x_wconf 66' lang='lat' dir='ltr'><strong>Boinasa]</strong></span> <span class='ocrx_word' id='word_1_359' title='bbox 955 3889 1033 3950; x_wconf 76' lang='lat' dir='ltr'><strong>Vulgo</strong></span> <span class='ocrx_word' id='word_1_360' title='bbox 1058 3887 1219 3951; x_wconf 17' lang='lat' dir='ltr'><strong>anliourunis.</strong></span> 
     </span>
     <span class='ocr_line' id='line_1_43' title="bbox 160 3951 1220 4013; baseline 0.005 -18"><span class='ocrx_word' id='word_1_361' title='bbox 160 3963 232 3995; x_wconf 81' lang='lat' dir='ltr'><strong>curor.</strong></span> <span class='ocrx_word' id='word_1_362' title='bbox 706 3951 793 4011; x_wconf 85' lang='lat' dir='ltr'><strong>Scripti</strong></span> <span class='ocrx_word' id='word_1_363' title='bbox 803 3953 853 4000; x_wconf 82' lang='lat' dir='ltr'><strong>fere</strong></span> <span class='ocrx_word' id='word_1_364' title='bbox 869 3967 953 4000; x_wconf 87' lang='lat' dir='ltr'><strong>omnes</strong></span> <span class='ocrx_word' id='word_1_365' title='bbox 969 3953 1088 3999; x_wconf 87' lang='lat' dir='ltr'><strong>omittunt</strong></span> <span class='ocrx_word' id='word_1_366' title='bbox 1104 3955 1220 4013; x_wconf 80' lang='lat' dir='ltr'><strong>praeposi·</strong></span> 
     </span>
     <span class='ocr_line' id='line_1_44' title="bbox 170 4013 1218 4076; baseline 0.002 -14"><span class='ocrx_word' id='word_1_367' title='bbox 170 4013 225 4072; x_wconf 64' lang='lat' dir='ltr'><strong>,Si</strong></span> <span class='ocrx_word' id='word_1_368' title='bbox 241 4015 321 4061; x_wconf 77' lang='lat' dir='ltr'><strong>Simul</strong></span> <span class='ocrx_word' id='word_1_369' title='bbox 330 4013 410 4060; x_wconf 79' lang='lat' dir='ltr'><strong>inutili</strong></span> <span class='ocrx_word' id='word_1_370' title='bbox 424 4030 489 4063; x_wconf 82' lang='lat' dir='ltr'><strong>mora</strong></span> <span class='ocrx_word' id='word_1_371' title='bbox 505 4030 597 4063; x_wconf 81' lang='lat' dir='ltr'><strong>cerneus</strong></span> <span class='ocrx_word' id='word_1_372' title='bbox 613 4015 673 4065; x_wconf 73' lang='lat' dir='ltr'><strong>avril</strong></span> <span class='ocrx_word' id='word_1_373' title='bbox 705 4015 805 4063; x_wconf 85' lang='lat' dir='ltr'><strong>tionem.</strong></span> <span class='ocrx_word' id='word_1_374' title='bbox 837 4015 1218 4076; x_wconf 74' lang='lat' dir='ltr'><strong>Etsicminusoli&#39;endetriubr&#39;,</strong></span> 
     </span>
     <span class='ocr_line' id='line_1_45' title="bbox 159 4077 1218 4142; baseline 0.006 -20"><span class='ocrx_word' id='word_1_375' title='bbox 159 4077 225 4124; x_wconf 81' lang='lat' dir='ltr'><strong>aliud</strong></span> <span class='ocrx_word' id='word_1_376' title='bbox 235 4079 262 4126; x_wconf 82' lang='lat' dir='ltr'><strong>ab</strong></span> <span class='ocrx_word' id='word_1_377' title='bbox 279 4079 328 4124; x_wconf 79' lang='lat' dir='ltr'><strong>ruis</strong></span> <span class='ocrx_word' id='word_1_378' title='bbox 342 4093 411 4140; x_wconf 83' lang='lat' dir='ltr'><strong>quam</strong></span> <span class='ocrx_word' id='word_1_379' title='bbox 425 4081 526 4140; x_wconf 80' lang='lat' dir='ltr'><strong>inopiam</strong></span> <span class='ocrx_word' id='word_1_380' title='bbox 541 4083 673 4140; x_wconf 60' lang='lat' dir='ltr'><strong>aggravas·</strong></span> <span class='ocrx_word' id='word_1_381' title='bbox 704 4081 768 4140; x_wconf 88' lang='lat' dir='ltr'><strong>quod</strong></span> <span class='ocrx_word' id='word_1_382' title='bbox 780 4094 805 4128; x_wconf 88' lang='lat' dir='ltr'><strong>se</strong></span> <span class='ocrx_word' id='word_1_383' title='bbox 816 4095 963 4140; x_wconf 88' lang='lat' dir='ltr'><strong>concoquere</strong></span> <span class='ocrx_word' id='word_1_384' title='bbox 975 4095 1023 4126; x_wconf 89' lang='lat' dir='ltr'><strong>non</strong></span> <span class='ocrx_word' id='word_1_385' title='bbox 1035 4096 1104 4142; x_wconf 89' lang='lat' dir='ltr'><strong>posse</strong></span> <span class='ocrx_word' id='word_1_386' title='bbox 1119 4083 1159 4128; x_wconf 91' lang='lat' dir='ltr'><strong>hic</strong></span> <span class='ocrx_word' id='word_1_387' title='bbox 1171 4086 1218 4128; x_wconf 90' lang='lat' dir='ltr'><strong>tes·</strong></span> 
     </span>
     <span class='ocr_line' id='line_1_46' title="bbox 158 4143 1218 4206; baseline 0.002 -16"><span class='ocrx_word' id='word_1_388' title='bbox 158 4143 282 4206; x_wconf 65' lang='lat' dir='ltr'><strong>warum]</strong></span> <span class='ocrx_word' id='word_1_389' title='bbox 305 4143 378 4190; x_wconf 85' lang='lat' dir='ltr'><strong>Hanc</strong></span> <span class='ocrx_word' id='word_1_390' title='bbox 395 4143 523 4192; x_wconf 84' lang='lat' dir='ltr'><strong>lectionem</strong></span> <span class='ocrx_word' id='word_1_391' title='bbox 543 4145 671 4192; x_wconf 82' lang='lat' dir='ltr'><strong>concinna·</strong></span> <span class='ocrx_word' id='word_1_392' title='bbox 704 4151 769 4190; x_wconf 87' lang='lat' dir='ltr'><strong>tatur</strong></span> <span class='ocrx_word' id='word_1_393' title='bbox 795 4144 855 4191; x_wconf 83' lang='lat' dir='ltr'><strong>Tan.</strong></span> <span class='ocrx_word' id='word_1_394' title='bbox 884 4143 968 4192; x_wconf 85' lang='lat' dir='ltr'><strong>Faber.</strong></span> <span class='ocrx_word' id='word_1_395' title='bbox 1006 4147 1056 4192; x_wconf 80' lang='lat' dir='ltr'><strong>Ubi</strong></span> <span class='ocrx_word' id='word_1_396' title='bbox 1081 4150 1218 4194; x_wconf 76' lang='lat' dir='ltr'><strong>coarmantur</strong></span> 
     </span>
     <span class='ocr_line' id='line_1_47' title="bbox 160 4206 1216 4270; baseline 0.007 -21"><span class='ocrx_word' id='word_1_397' title='bbox 160 4206 240 4252; x_wconf 82' lang='lat' dir='ltr'><strong>vimus</strong></span> <span class='ocrx_word' id='word_1_398' title='bbox 258 4207 351 4270; x_wconf 86' lang='lat' dir='ltr'><strong>partim</strong></span> <span class='ocrx_word' id='word_1_399' title='bbox 372 4221 403 4254; x_wconf 83' lang='lat' dir='ltr'><strong>ex</strong></span> <span class='ocrx_word' id='word_1_400' title='bbox 424 4209 503 4262; x_wconf 84' lang='lat' dir='ltr'><strong>editis,</strong></span> <span class='ocrx_word' id='word_1_401' title='bbox 525 4209 613 4268; x_wconf 87' lang='lat' dir='ltr'><strong>partim</strong></span> <span class='ocrx_word' id='word_1_402' title='bbox 641 4223 671 4256; x_wconf 87' lang='lat' dir='ltr'><strong>ex</strong></span> <span class='ocrx_word' id='word_1_403' title='bbox 703 4210 805 4256; x_wconf 79' lang='lat' dir='ltr'><strong>conuecti</strong></span> <span class='ocrx_word' id='word_1_404' title='bbox 822 4214 888 4256; x_wconf 71' lang='lat' dir='ltr'><strong>eruin</strong></span> <span class='ocrx_word' id='word_1_405' title='bbox 904 4209 1025 4266; x_wconf 76' lang='lat' dir='ltr'><strong>Runzanis,</strong></span> <span class='ocrx_word' id='word_1_406' title='bbox 1043 4213 1107 4257; x_wconf 83' lang='lat' dir='ltr'><strong>idem</strong></span> <span class='ocrx_word' id='word_1_407' title='bbox 1125 4217 1161 4258; x_wconf 87' lang='lat' dir='ltr'><strong>est</strong></span> <span class='ocrx_word' id='word_1_408' title='bbox 1180 4217 1216 4256; x_wconf 89' lang='lat' dir='ltr'><strong>at·</strong></span> 
     </span>
     <span class='ocr_line' id='line_1_48' title="bbox 159 4269 1216 4333; baseline 0.007 -18"><span class='ocrx_word' id='word_1_409' title='bbox 159 4269 261 4329; x_wconf 84' lang='lat' dir='ltr'><strong>scriptis.</strong></span> <span class='ocrx_word' id='word_1_410' title='bbox 294 4271 360 4318; x_wconf 85' lang='lat' dir='ltr'><strong>Editi</strong></span> <span class='ocrx_word' id='word_1_411' title='bbox 375 4272 480 4318; x_wconf 82' lang='lat' dir='ltr'><strong>habent:</strong></span> <span class='ocrx_word' id='word_1_412' title='bbox 504 4273 575 4321; x_wconf 71' lang='lat' dir='ltr'><strong>sinent</strong></span> <span class='ocrx_word' id='word_1_413' title='bbox 590 4274 673 4328; x_wconf 75' lang='lat' dir='ltr'><strong>inutili</strong></span> <span class='ocrx_word' id='word_1_414' title='bbox 703 4288 759 4333; x_wconf 86' lang='lat' dir='ltr'><strong>que,</strong></span> <span class='ocrx_word' id='word_1_415' title='bbox 779 4273 821 4320; x_wconf 90' lang='lat' dir='ltr'><strong>ubi</strong></span> <span class='ocrx_word' id='word_1_416' title='bbox 843 4274 964 4322; x_wconf 83' lang='lat' dir='ltr'><strong>habebant</strong></span> <span class='ocrx_word' id='word_1_417' title='bbox 989 4281 1139 4324; x_wconf 80' lang='lat' dir='ltr'><strong>commeatus</strong></span> <span class='ocrx_word' id='word_1_418' title='bbox 1158 4287 1216 4324; x_wconf 83' lang='lat' dir='ltr'><strong>con·</strong></span> 
     </span>
     <span class='ocr_line' id='line_1_49' title="bbox 160 4335 1074 4404; baseline 0.011 -24"><span class='ocrx_word' id='word_1_419' title='bbox 160 4345 331 4384; x_wconf 65' lang='lat' dir='ltr'><strong>taurustaurus</strong></span> <span class='ocrx_word' id='word_1_420' title='bbox 348 4335 672 4400; x_wconf 73' lang='lat' dir='ltr'><strong>tribiloliudabruirquam</strong></span> <span class='ocrx_word' id='word_1_421' title='bbox 703 4335 908 4404; x_wconf 80' lang='lat' dir='ltr'><strong>vectosRomani.</strong></span> <span class='ocrx_word' id='word_1_422' title='bbox 1052 4341 1074 4366; x_wconf 76' lang='grc'><strong>”</strong></span> 
     </span>
    </p>
   </div>
   <div class='ocr_carea' id='block_1_10' title="bbox 0 0 1574 4972">
    <p class='ocr_par' dir='ltr' id='par_1_12' title="bbox 0 0 1574 4972">
     <span class='ocr_line' id='line_1_50' title="bbox 0 0 1574 4972; baseline 0 2"><span class='ocrx_word' id='word_1_423' title='bbox 0 0 1574 4972; x_wconf 95' lang='lat' dir='ltr'><strong> </strong></span> 
     </span>
    </p>
   </div>
  </div>
 </body>
</html>
