3036 4972
373 175 466 256 ura.
487 196 608 258 xxm.
634 197 737 259 esa.
756 199 904 260 xxxix.
1026 197 1029 204 ·
1094 203 1163 266 rsa·

107 355 148 424 P.
160 355 307 426 Valerius
321 355 453 427 Flaccus
466 359 633 445 praelectus
671 361 795 444 rrsa'rat,
811 357 923 450 ‘viginti
943 355 1068 448 paratas
1082 367 1304 436 elissaeus
1360 405 1365 410 ·

105 441 295 511 decernunt.
339 444 403 512 His
426 447 616 534 comparatis
637 383 780 516 deductis
802 471 851 539 ue,
875 461 906 514 et
928 450 1043 516 additis
1067 455 1159 540 quin·
1168 449 1236 530 ⁶1⁰·
1247 449 1302 497 ²¹&

105 551 167 615 que
181 530 325 608 navibus,
340 554 413 616 quas
427 533 616 598 advexerant
633 533 772 618 captivos
781 471 923 623 legatos,
940 535 1089 622 triginta*
1103 561 1159 604 ua·
1217 568 1218 571 ¹

104 638 157 682 ves
180 617 222 682 ab
247 617 340 696 Ostia
362 617 537 684 Tarentum
556 620 727 704 prolectas:
754 621 923 708 jussusque
949 623 987 687 P.
1003 623 1158 706 Valerius,

103 701 257 768 militibus
279 704 494 782 Varronianis,
517 705 630 792 quibus
654 706 694 770 L.
708 707 860 790 Apustius
881 707 1002 796 legatus
1028 710 1159 776 Tarenti

103 801 251 874 praeerat,
268 790 302 854 in
316 812 412 858 naves
425 791 578 878 inpositis,
591 791 665 877 quin
690 793 818 880 uagintu
840 795 966 858 navium
981 795 1077 860 classe
1092 819 1158 864 non

103 876 185 940 tueri
199 875 297 940 modo
313 876 415 942 ltaliae
429 899 528 955 cram,
543 877 596 942 sed
612 815 776 962 explorare
787 879 828 943 de
839 879 1053 948 Macedonico
1061 883 1156 950 bello.

103 961 128 1026 si
142 965 351 1046 congruentia
370 962 466 1028 literis
486 963 724 1065 legatorumque
747 963 871 1028 indiciis
892 965 1034 1052 Philippi
1055 971 1157 1052 consi-

102 1046 145 1112 lia
163 1059 277 1124 esseut,
300 1061 337 1112 ut
359 1048 410 1115 M.
425 1049 587 1115 Valerium
607 1065 776 1135 praetorem
797 1049 893 1116 literis
917 1050 1081 1117 certiorem
1109 1058 1157 1119 t'a-

102 1145 202 1198 ceret:
236 1134 334 1220 isque,
359 1134 398 1200 L.
415 1137 552 1220 Apustio
572 1136 677 1223 legato
705 1136 856 1202 exercitui
884 1138 1065 1222 praeposito,
1090 1140 1156 1204 Ta-

102 1231 230 1286 rentum
266 1221 307 1285 ad
342 1221 468 1286 classem
506 1222 674 1304 proiectus,
704 1222 809 1306 primo
847 1244 973 1311 quoque
1011 1237 1156 1310 tempore

101 1305 135 1370 iu
162 1305 389 1372 Macedoniam
415 1309 656 1374 transmitteret:
689 1307 841 1396 daretque
861 1328 999 1394 operam,
1024 1323 1059 1376 ut
1078 1311 1155 1376 Pbi-

101 1391 227 1477 lippum
241 1395 275 1456 in
290 1413 389 1480 regno
402 1397 588 1460 contineret.
633 1395 770 1460 Pecunia
791 1393 831 1458 ad
854 1384 981 1460 classem
1006 1397 1154 1462 tuendam

102 1477 284 1566 bellumque
311 1479 553 1546 Macedonicum
582 1503 621 1545 ea
648 1482 773 1545 decreta
794 1493 851 1558 est,
876 1503 947 1582 quae
969 1484 1032 1566 Ap.
1058 1483 1154 1550 Clau·

102 1563 156 1628 dio
170 1565 205 1628 iu
221 1565 361 1631 Siciliam
384 1566 479 1630 missa
497 1580 574 1642 erat,
592 1580 625 1631 ut
646 1564 830 1630 redderetur
847 1566 983 1632 Hreroni
1006 1570 1094 1655 regi:
1117 1593 1155 1635 ea

101 1671 159 1736 per
182 1651 415 1738 L.,Apustium
442 1651 471 1714 lle
495 1663 580 1716 mum
612 1652 787 1718 Tarentum
817 1665 863 1717 est
891 1654 1031 1718 devecta.
1061 1655 1154 1722 simul

102 1738 141 1800 ab
158 1736 305 1802 Hierone
319 1739 414 1803 missa
427 1738 452 1778 ⁸¹
461 1675 598 1804 alimenta
612 1738 707 1802 millia
721 1738 863 1803 modium
880 1739 985 1817 tritici,
997 1753 1029 1806 et
1043 1740 1155 1807 bordei

100 1837 239 1888 centum.

145 1905 316 1974 XXXIX.
337 1909 427 1975 Dum
448 1908 518 1974 boec
534 1909 669 1974 Romani
693 1923 807 1994 parant
832 1924 1002 1998 aguntque,
1018 1913 1058 1978 ad
1077 1913 1154 1978 Pbi-

99 1994 223 2080 lippum
242 1995 366 2082 oaptiva
379 1996 557 2075 naviuuna
572 2017 611 2060 ex
625 1995 672 2076 iis,
687 2017 759 2082 quae
775 1995 909 2060 Romam
934 1999 1038 2062 missae
1053 2013 1315 2078 erantsneramre.

100 2103 141 2144 ex
163 2103 258 2146 cursu
280 2082 415 2168 refugit:
442 2083 515 2145 inde
536 2082 658 2158 scitum,
674 2081 793 2168 legatos
818 2104 889 2147 cum
913 2081 1012 2148 literis
1034 2085 1290 2170 captossuiqnem,

100 2167 213 2252 ltaque
235 2168 397 2253 85ignarus
421 2167 461 2232 de
483 2166 532 2243 iis,
554 2189 626 2254 quae
649 2189 720 2232 cunr
746 2167 929 2232 Hannibale
953 2169 1063 2252 legatis
1088 2147 1308 2260 suisff¹d¹¹1¹4¹ssuffi¹1¹L

99 2254 329 2331 convenissent,
345 2275 479 2340 quaeque
500 2251 595 2340 legati
618 2254 684 2338 ejus
699 2253 738 2316 ad
754 2275 786 2316 se
801 2253 937 2319 adlaturi
951 2254 1090 2332 luissent,
1106 2257 1149 2321 le·
1159 2277 1247 2325 belem.

139 2340 259 2404 tionem
285 2340 377 2405 aliam
404 2361 476 2404 cum
500 2339 619 2404 eisdem
646 2339 802 2403 mandatis
826 2341 935 2404 mittit.
978 2339 1091 2428 Legati
1112 2343 1154 2408 ad
1259 2353 1263 2356 ’

136 2426 316 2491 annibalem
341 2426 436 2503 missi,
452 2424 646 2501 Heraclitus,
662 2426 714 2489 cui
730 2425 861 2490 Scotino
882 2447 1059 2514 cognomen
1075 2441 1157 2507 erat,

96 2524 127 2576 et
141 2511 271 2578 8⁴¹Crito
291 2512 483 2588 Beroeaeus²,
499 2523 531 2575 et
554 2509 718 2575 Sositheus
741 2510 888 2596 Magnes.
933 2511 982 2578 Hi
1002 2535 1155 2600 prospere

95 2597 240 2664 tulerunt
253 2621 291 2663 ac
305 2597 479 2663 retulerunt
491 2596 654 2661 mandata.
676 2596 730 2660 sed
745 2599 831 2680 prius
846 2619 879 2662 se
893 2612 984 2663 aestas
999 2600 1154 2668 circume-

95 2687 152 2770 git,
170 2705 275 2770 quam·
289 2705 414 2748 movere
434 2705 473 2747 ac
494 2683 598 2747 moliri
613 2681 785 2768 quidquam
807 2703 863 2754 rex
883 2697 1006 2770 posset:
1030 2698 1154 2752 tantum

94 2770 184 2838 navis
206 2792 271 2834 uua
292 2782 385 2855 capta
405 2791 478 2834 cum
501 2768 609 2832 lestis
631 2768 785 2832 momenti
805 2768 888 2846 fecit,
905 2769 945 2834 ad
967 2770 1151 2838 dilationem

94 2855 278 2922 inminentis
301 2855 451 2920 Romanis
476 2792 561 2918 bell.
606 2852 649 2918 Et
670 2855 756 2918 circa
778 2855 935 2942 Capuam,
956 2868 1153 2945 transgresso

61 2955 65 2966 ‘
93 2943 288 3008 Vulturnum
305 2941 409 3018 Fabio
420 2955 492 3026 post
510 2939 637 3024 expiata
650 2938 778 3004 tandem
791 2942 945 3090 ρτοᾶίξε,
961 2944 1057 3008 ‘ambo
1075 2948 1164 3010 con·x

94 3029 176 3095 sulas
198 3036 266 3092 rem
288 3026 450 3114 gerebant.
495 3025 756 3110 Compulteriam,
772 3041 804 3090 et
820 3027 885 3090 Tre
911 3028 1004 3106 ulam,
1021 3043 1052 3094 et
1069 3032 1151 3097 Sati-

94 3114 209 3191 culam,
228 3113 332 3195 urbes‚
347 3135 418 3200 quae
439 3111 481 3176 ad
497 3112 636 3176 Poenum
658 3109 847 3188 defecerant,
865 3113 983 3178 Fabius
996 3116 1027 3178 vi
1049 3119 1150 3204 cepitt

93 3201 303 3286 praesidiaque
318 3203 351 3265 iu
370 3199 408 3264 iis
425 3197 627 3276 Hannibalis,
644 3197 860 3284 Campanique
883 3201 1032 3284 permulti
1054 3205 1150 3288 capti.

239 3365 255 3394 ²
264 3361 431 3422 qulnquaginta
441 3359 515 3406 Gron.
706 3359 838 3406 *serrem
848 3360 923 3409 Gran.
935 3361 1005 3410 Crev.

94 3515 200 3576 captivos
211 3511 372 3572 deportandos
383 3509 487 3556 Romam
498 3507 608 3556 P-Vale·
639 3507 783 3554 Parisienses
801 3506 905 3557 154166.
944 3508 1042 3556 catum
1063 3509 1150 3570 millia,

94 3582 143 3628 ritas
165 3593 180 3624 a
202 3578 279 3624 classe
298 3589 343 3622 sua
370 3573 478 3628 miserat,
499 3573 607 3622 effictum
639 3571 725 3620 77083.
885 3638 901 3650 ..
1040 3589 1042 3596 a

93 3647 608 3761 immutaturum
639 3635 1152 3762 ..iln¹i.”l⁸sl,l.'.l”s“lssllassli

94 3773 167 3820 Porro
189 3772 256 3831 quod
274 3768 394 3816 edidimus
412 3767 511 3826 triginta
529 3778 606 3817 naver,
638 3765 767 3811 emendat:
782 3767 881 3826 ignarus
895 3779 939 3812 rea
952 3779 1090 3826 ecquoecam
1100 3767 1152 3815 Aa·

93 3850 168 3896 quum
195 3833 290 3894 vulgati
312 3833 416 3878 habeant
437 3831 608 3890 qrdnqaagtstc
639 3828 714 3874 atlete
724 3830 863 3890 legnttssuts
872 3831 1033 3877 munissent.

93 3915 169 3954 naues,
181 3899 295 3946 dedimus
305 3897 331 3941 id
342 3907 391 3941 uon
408 3895 487 3940 solum
503 3893 609 3940 certissi-
670 3893 709 3939 st.
728 3893 795 3940 curo
821 3889 941 3955 Bareas]
968 3895 997 3940 In
1021 3898 1151 3956 posteriore

91 3979 138 4012 mre
167 3960 279 4025 ejusdem
308 3959 426 4006 Perizonii
453 3954 607 4018 conjecturis,
639 3971 697 4005 voce
713 3959 807 4004 variant
824 3959 930 4004 multum
948 3961 1030 4020 scripti
1041 3968 1065 4007 et
1077 3961 1153 4008 editis

92 4029 132 4076 sed
149 4036 174 4078 ct
186 4025 334 4076 auctoritati
349 4023 528 4082 uniuseregiis
542 4022 607 4070 codi-
639 4035 683 4068 nec
694 4022 738 4068 ulli
754 4023 804 4066 lere
820 4023 966 4082 antiquiores
984 4025 1073 4071 habent
1091 4041 1166 4088 quo..
1273 4055 1274 4062 .

92 4095 165 4140 cibus.
184 4078 317 4137 ''Vocem
343 4089 442 4150 quinque
470 4087 606 4146 transponit
638 4087 711 4132 modo
730 4098 795 4130 nunc
814 4088 909 4146 tegitur.
941 4086 996 4136 Jac.
1015 4091 1151 4136 Gronovius

92 4157 141 4206 Jae.
161 4159 238 4206 Gron.
253 4153 370 4215 legitque,
386 4152 417 4198 ad
431 4151 605 4210 mavtgtuti.
638 4163 668 4195 ex
686 4149 793 4208 vestigiis
815 4150 888 4198 MSS.
914 4152 1061 4210 suspicatur,
1084 4155 1151 4202 Crito

92 4224 250 4282 quim...
261 4221 374 4278 perenm,
392 4219 483 4277 viginti
506 4218 607 4276 quinqua
638 4214 760 4262 Bottioeur.
793 4215 1150 4280 BottiaeqestregioMacedo·

89 4282 393 4348 paramuusdeurnsnt.
574 4327 578 4334 Ι
636 4277 690 4324 nias.

121 4351 152 4400 82
167 4351 280 4400 Durata
296 4343 374 4391 millia
392 4343 506 4407 modium]
524 4343 602 4390 Modii

689 4414 747 4468 ut
