3060 4960
377 132 437 197 ⁵46
640 199 646 206 ,
756 138 870 204 TlTl
899 141 1038 204 LlVll

214 304 283 356 uc·
295 315 354 390 ⁵⁴⁹:
377 299 491 368 eodem
505 313 588 368 antu
610 301 789 388 respublica
801 316 909 371 staret.
954 305 997 372 Et
1017 327 1114 374 novas
1134 308 1418 399 religionesexoita·

214 373 283 484 ᾗῇ
295 379 352 450 3⁰³·
376 387 455 454 baut
470 390 501 452 in
517 390 631 454 animis
646 387 812 456 hominum
826 391 984 479 prodigia,
999 394 1197 480 expluribus
1213 399 1289 468 locis
1303 404 1417 472 nuncia·

284 451 332 500 μ’
377 489 420 540 ta.
464 475 635 552 Aurumin
652 475 812 562 Capitolio
826 478 912 542 corvi
933 501 998 544 non
1020 469 1171 550 lacerasse
1190 498 1308 552 tuntum
1323 488 1419 552 rostris

378 560 502 640 crediti,
514 563 566 626 sed
583 563 675 628 etiam
692 562 800 628 edisse.
846 563 959 632 Mures
974 567 1061 632 Antii
1075 590 1224 638 coronam
1239 593 1359 648 auream
1373 573 1420 638 ud·

378 669 496 716 rosere.
542 647 636 713 Circa
656 647 798 734 Capuam
820 672 947 716 onmem
973 675 1085 739 agrum
1108 654 1297 722 locustarum
1317 660 1360 724 vis
1380 661 1421 724 iu·

400 757 466 812 ens,
485 735 528 802 ita
552 749 596 812 ut,
615 737 696 800 unde
717 735 928 818 advenissent,
942 760 1054 824 parum
1077 756 1244 824 constaret,
1259 745 1421 830 complevit.

377 759 542 906 hquulem
556 821 656 886 Reate
666 843 738 886 cum
750 824 891 910 quinque
905 823 1038 909 pedibus
1055 840 1156 894 uatus.
1178 830 1333 916 Auaguiae
1345 849 1422 916 spar-

378 910 403 972 si
420 909 556 994 primum
574 909 661 998 ignes
681 909 712 973 iu
729 911 821 988 coelo,
837 909 909 974 dein
926 911 979 976 fax
1003 912 1114 998 ingens
1128 915 1215 994 arsit.
1260 917 1422 982 Frusinone

378 1017 470 1060 orcus
485 994 582 1059 solem
607 996 694 1060 tenui
715 993 799 1060 linea
819 995 984 1082 amplexus
999 1012 1062 1074 est;
1085 999 1237 1066 circulum
1253 1003 1364 1068 deinde
1382 1005 1422 1088 ip·

378 1104 448 1147 sum
474 1082 575 1168 major
600 1079 674 1145 solis
699 1081 784 1145 orbis
809 1083 1006 1148 extrinsecus
1032 1085 1170 1150 inclusit.
1214 1090 1329 1174 Arpini
1351 1105 1423 1157 terra

377 1169 547 1254 campestri
561 1190 640 1254 agro
657 1168 688 1230 in
703 1168 863 1254 ingentem
886 1170 989 1234 sinum
1003 1172 1156 1238 consedit.
1201 1175 1373 1241 Consulum
1386 1177 1424 1239 al·

378 1257 449 1335 teri,
474 1254 608 1340 primam
638 1251 773 1318 hostiam
803 1251 979 1340 inmolanti,
1005 1255 1123 1342 ⁹caput
1146 1260 1300 1345 jocinoris
1326 1263 1422 1326 deluit.

376 1337 428 1406 Ea
453 1339 600 1441 prodigio
626 1340 797 1428 majoribus
821 1339 929 1406 hostiis
953 1359 1133 1426 procurata.
1158 1345 1233 1412 editi
1262 1371 1282 1412 a
1305 1349 1425 1436 collegio

276 1427 287 1440 “
375 1427 562 1512 pontificum
579 1425 647 1503 Dii,
664 1425 778 1512 quibus
791 1427 1027 1493 sacrificaretur.

419 1513 486 1600 ΠΙ.
509 1512 553 1578 lis
583 1512 759 1588 transactis,
785 1513 929 1600 consules
959 1530 1173 1606 praetoresque
1198 1518 1229 1584 in
1286 1521 1425 1588 rctincias

376 1598 520 1686 proiecti.
546 1598 695 1664 omnibus
720 1612 836 1680 tumen,
860 1599 945 1665 velut
970 1623 1038 1666 eam
1063 1605 1192 1682 sortitis,
1218 1610 1247 1670 A
1281 1607 1337 1672 icae
1360 1629 1425 1672 cura

376 1699 461 1764 erat;
484 1707 537 1750 seu
552 1683 627 1772 quia
641 1683 686 1748 ibi
708 1689 863 1750 summam
879 1709 984 1752 rerum
1005 1687 1142 1776 bellique
1156 1693 1236 1758 verti
1252 1693 1423 1769 cernebant3

376 1795 432 1838 seu
452 1785 488 1837 ut
508 1771 649 1858 Scipioni
673 1771 935 1862 gratificareutur,
954 1775 987 1838 in
1012 1797 1106 1861 quem
1129 1789 1196 1842 tum
1222 1781 1329 1844 omnis
1349 1801 1424 1844 versa

376 1859 485 1926 civitas
506 1871 582 1922 erat
628 1857 741 1946 Itaque
763 1881 828 1922 non
849 1881 890 1924 ex
916 1861 1063 1926 Sardinia
1084 1876 1221 1945 tantum,
1247 1869 1342 1948 (sient
1363 1876 1425 1930 aute

376 1943 498 2012 dictum
521 1947 580 2024 est)
596 1943 650 2010 sed
676 1965 718 2010 ex
734 1943 842 2010 Sicilia
862 1967 988 2034 quoqne
1009 1958 1041 2012 et
1059 1947 1222 2033 Hispania
1241 1953 1424 2030 vestimenta,

376 2031 644 2119 iiumentumque,
665 2045 698 2095 et
722 2053 811 2096 arma
835 2033 929 2096 etium
955 2055 996 2098 ex
1021 2032 1138 2114 Sicilia,
1161 2050 1193 2101 et
1218 2059 1317 2104 omne
1340 2060 1425 2125 genus
1487 2113 1488 2120 ἵ

376 2131 569 2184 commeatus
590 2141 629 2182 eo
653 2119 873 2204 portabantur.
917 2117 986 2184 Nec
1003 2120 1112 2206 Scipio
1126 2120 1192 2185 ullo
1212 2125 1424 2210 temporehie·
1487 2133 1488 2142 ’

375 2205 436 2272 mis
457 2205 531 2272 b‘elli
554 2227 652 2290 opera
675 2204 846 2282 remiserat,
868 2227 940 2290 quoe
965 2205 1065 2272 multa
1085 2207 1180 2272 simul
1202 2211 1344 2298 undique
1362 2233 1424 2274 eum

374 2293 629 2366 circumstabant.
681 2289 810 2362 Uticam
847 2289 1021 2358 obsidebat.
1058 2307 1160 2359 castra
1195 2296 1229 2360 in
1268 2311 1424 2384 conspectu

375 2377 590 2446 Hasdrubalis
604 2390 704 2444 erant.
732 2375 1011 2464 Karthaginienses
1026 2377 1224 2448 deduxerant
1239 2405 1347 2450 naves.
1359 2384 1425 2450 clas·

374 2489 440 2532 sem
472 2479 611 2550 paratam
639 2465 886 2614 instructamgue
913 2463 951 2528 ud
977 2481 1170 2531 commeatus
1193 2469 1425 2556 intercipiendos

374 2551 542 2616 habebant.
588 2551 676 2616 Inter
689 2549 759 2615 haec
774 2572 814 2614 ne
850 2547 984 2700 pphacis
999 2551 1125 2636 quidem
1141 2556 1367 2622 reconciliandi
1379 2579 1424 2621 cu-

361 2661 442 2706 ·ram
457 2660 497 2704 ex
512 2636 619 2702 animo
636 2637 779 2714 miserat3
803 2637 829 2700 si
863 2654 931 2700 orte
947 2638 1031 2724 jam‘
1045 2637 1137 2704 satias
1157 2642 1277 2708 amoris
1291 2644 1324 2708 in
1339 2663 1425 2708 uxore

372 2749 414 2792 ex
439 2723 539 2792 multa
565 2721 658 2809 copia
682 2723 824 2808 cepisset.
869 2722 923 2788 Ab
950 2723 1095 2810 Syphace
1123 2726 1224 2812 magis
1253 2731 1340 2814 pacis
1363 2751 1423 2794 cum

375 2808 693 2900 Karthaginiensibus
722 2807 929 2886 conditiones,
960 2823 994 2875 ut
1023 2809 1161 2876 Romani
1193 2813 1316 2894 Africa,
1343 2814 1423 2880 Poeui

307 2937 312 2944 ·
374 2899 469 2966 Italia
483 2895 683 2972 excederent,
699 2917 805 2984 quam,
821 2895 848 2958 si
871 2893 1050 2986 bellaretur,
1066 2919 1137 2982 spes
1156 2899 1220 2964 nlla
1243 2901 1423 2968 desciturum

373 2984 584 3050 adferebatur.
629 2983 711 3048 Hoec
732 3004 790 3067 per
808 2981 941 3045 nuncios
955 2983 1054 3070 magis
1069 2983 1216 3070 equidem
1239 3005 1313 3054 acta
1337 2986 1423 3054 credi·

372 3071 487 3149 desim,
504 3071 605 3156 (etita
620 3091 693 3154 pars
708 3069 809 3154 major
823 3080 966 3134 auctores
982 3070 1069 3152 sunt)
1082 3092 1176 3157 quam
1190 3073 1299 3157 ipsum
1316 3073 1424 3161 Sypha·

373 3177 452 3235 cem,
472 3170 504 3222 ut
523 3156 636 3220 Antias
651 3155 794 3218 Valerius
808 3151 925 3238 prodit,
943 3155 975 3218 in
991 3167 1094 3220 castra
1112 3157 1260 3224 Romana
1275 3161 1314 3225 ad
1330 3159 1423 3225 conlo·

372 3243 628 3332 quiumvenisse.
675 3241 784 3312 Primo
806 3262 858 3306 eas
873 3239 1069 3306 conditiones
1083 3241 1258 3328 imperator
1275 3247 1424 3312 Romanus

371 3333 426 3398 vix
450 3331 579 3396 auribus
601 3327 738 3393 admisit.
760 3340 878 3411 postea,
895 3342 930 3392 ut
951 3349 1061 3392 caussa
1082 3331 1258 3413 probabilis
1274 3336 1338 3398 suis
1352 3351 1423 3396 cout-

371 3417 500 3486 meandi
513 3415 595 3482 soret
610 3416 642 3479 in
658 3428 761 3479 castra
777 3411 928 3490 hostium,
943 3413 1071 3480 mollius
1092 3413 1201 3480 eadem
1216 3419 1274 3484 illa
1289 3419 1423 3493 abnuere,

372 3529 409 3571 ac
424 3527 512 3592 spem
535 3501 649 3578 facere,
665 3499 782 3584 soepius
803 3497 887 3564 ultro
904 3498 1048 3587 citroque
1069 3502 1265 3590 agitantibus
1282 3528 1348 3570 rem
1361 3525 1424 3570 con·

209 3590 547 3657 Cumis-venturam.
582 3585 798 3653 Hibemacula
813 3584 1140 3674 Karthaginiensium,
1156 3605 1309 3680 congesta
1322 3604 1424 3657 temera

132 3735 137 3746 ,
209 3654 349 3783 {ml-‘Ji
371 3701 412 3746 ex
430 3677 514 3764 agris
531 3673 661 3740 materia
676 3672 884 3752 eraedificata,
898 3672 1004 3762 lignea
1017 3671 1115 3740 ferme
1130 3688 1198 3740 tota
1212 3693 1315 3746 eraut.
1337 3677 1422 3744 ¹⁰Nu·
1485 3769 1486 3778 ἵ

1485 3785 1486 3810 r

780 3817 793 3846 θ
804 3829 857 3862 mm
867 3815 942 3864 Gran.
954 3813 1022 3863 Gran.

369 4005 398 4049 nt
417 4007 442 4049 et
459 4001 607 4050 Gmnoriaui
625 4001 748 4064 permulti,
758 4001 890 4064 jactareris.
918 3999 1034 4063 (plerique
1056 3997 1148 4066 eornm)
1171 4009 1249 4051 storea
1272 4014 1364 4064 qnoqm
1381 4001 1422 4042 teo·
1485 4047 1486 4074 ,

368 4065 425 4114 vid.
436 4071 487 4115 not.
499 4069 540 4115 6³.
550 4069 579 4116 ad
591 4067 607 4115 Ι.
618 4067 689 4115 vm.
700 4082 721 4114 c.
733 4071 757 4116 9.
917 4065 960 4125 tis,
976 4065 1132 4128 narratam
1150 4070 1245 4130 qnidam
1263 4071 1330 4115 extra
1346 4067 1421 4112 bam

344 4129 346 4137 '
404 4137 433 4178 lu
450 4131 563 4180 Numidae
575 4129 708 4198 precipue]
726 4131 801 4178 Paulo
816 4130 885 4178 intri-
917 4131 990 4178 etiam
1006 4132 1190 4194 nullumquam
1207 4136 1233 4182 in
1249 4133 1311 4181 loci·
1327 4127 1422 4178 sinain·

368 4197 444 4244 ratior
459 4197 499 4246 hic
513 4202 550 4246 est
566 4197 690 4246 verborum
707 4197 884 4256 ordo,quaaie
915 4197 1121 4259 periooccupatia.
1155 4199 1240 4248 storea
1253 4197 1420 4254 efficitureps

327 4263 330 4272 “
368 4263 472 4325 digerere
506 4264 613 4312 ridemur
652 4275 729 4324 posse.
758 4261 884 4328 'Numidae
916 4261 1161 4325 lea,velulrntexta.

367 4330 484 4392 praecipue
499 4329 586 4391 passim
602 4328 670 4376 nullo
681 4327 762 4375 ordine
775 4327 883 4375 Ιιίῠενηα-

402 3938 515 3999 acapna
527 3933 656 4000 jecinoris]
679 3933 738 3982 'l'ras
756 3950 770 3983 e
787 3935 884 3994 nostris,
918 3935 980 3982 aab
1004 3935 1120 3984 arundine
1142 3939 1224 3997 uatis,
1246 3949 1302 4000 pm
1325 3933 1421 3986 marin&
