3064 4976
392 223 486 285 mn.
507 220 593 318 uxr.
622 216 891 284 cannxxvr.
1127 225 1180 282 aa·

121 390 197 454 cilius
210 389 277 454 fuit.
293 388 397 453 omnis
417 388 501 453 enirn
523 386 623 452 ferme
642 387 694 451 via
704 408 869 473 -praeceps,
885 397 1031 475 angusta,
1045 385 1166 452 lubrica
1173 405 1205 453 u.
1217 403 1319 453 aaut

121 493 192 540 erat:
219 489 254 540 ut
274 476 414 560 ⁵*neque
439 475 591 539 sustinere
616 497 693 539 aea
722 476 810 559 lapsu
835 489 982 560 possent3
1006 469 1310 560 nmquid-&²12

119 561 278 646 paullulum
303 562 499 639 titubassent,
521 560 645 625 haerere
665 560 783 626 adflicti
806 561 938 647 vestigio
952 581 1027 637 suo;
1050 560 1167 647 aliique

120 671 200 732 super
213 649 301 726 alios,
318 661 350 713 et
362 651 505 734 jumenta
517 661 548 712 et
563 646 719 725 homines,
735 647 925 712 occiderent.

153 735 307 800 XXXVI.
333 735 473 799 Ventum
489 733 605 798 deinde
624 733 665 798 ad
688 732 790 796 multo
812 733 1026 820 angustiorem
1042 755 1165 817 rupem,

118 835 198 906 atque
211 822 255 886 ita
268 822 365 886 rectis
386 820 479 898 saxis,
500 830 537 884 ut
557 839 643 908 aegte
657 819 825 905 expeditus
838 820 928 884 miles
941 819 1167 901 tentabundus,

118 907 311 994 manibusque
331 908 470 972 retinens
485 906 623 992 virgulta
637 929 674 972 aa
688 907 800 990 stirpes
814 906 898 972 circa
912 906 1096 984 eminentes,
1111 906 1168 971 de-

117 995 227 1060 mittere
241 1017 310 1060 sese
325 1009 440 1078 posset.
475 993 599 1057 Natura
610 992 698 1057 locus
707 994 776 1078 jam
790 1007 864 1057 ante
877 1013 1030 1078 praeceps,
1046 995 1167 1058 receuti

116 1079 192 1166 lapsu
205 1095 299 1146 terrae
313 1081 382 1144 ⁵⁵in
397 1079 515 1165 pedum
531 1077 618 1143 mille
632 1077 805 1144 admodum
828 1079 1027 1145 altitudinem
1048 1080 1167 1164 abrup-

116 1177 242 1232 luserat.
288 1167 342 1233 lbi
379 1189 467 1245 uum,
482 1164 568 1229 velut
590 1163 631 1229 ad
656 1163 752 1228 finem
775 1165 846 1242 viae,
866 1166 987 1252 equites
1010 1167 1167 1230 constitis-

117 1266 185 1330 sent,
199 1254 329 1320 miranti
346 1189 533 1330 flmnibali,
549 1273 622 1338 quae
638 1273 687 1316 rea
701 1264 880 1316 moraretur
894 1273 1018 1339 agmen,
1034 1253 1166 1317 nuncia·

118 1352 171 1418 tur,
183 1362 292 1426 rupem
310 1340 428 1403 inviam
443 1359 519 1403 esse.
543 1337 702 1421 digressus
715 1337 831 1404 deinde
845 1338 913 1423 ipse
934 1339 976 1402 ad
997 1336 1103 1403 locum
1119 1342 1166 1403 vi-

118 1426 242 1492 sendum.
265 1427 294 1466 ⁵⁶
303 1425 391 1491 haud
406 1424 504 1490 dubia
517 1447 566 1488 res
580 1425 657 1506 visa,
668 1426 744 1511 quin
757 1446 814 1509 per
829 1425 913 1489 invia
926 1425 1011 1490 circa
1022 1447 1081 1490 nec
1092 1425 1169 1490 trita

118 1525 204 1592 antea,
225 1514 375 1602 quamvis
398 1512 496 1612 longo
518 1510 651 1589 ambitu,
674 1511 927 1576 circumduceret
948 1531 1072 1598 agmen.
1118 1511 1168 1576 Ea

116 1600 239 1664 veroria
254 1598 481 1684 insuperabilis
495 1595 566 1662 fuit.
588 1619 662 1661 narn
685 1595 818 1682 ⁵⁷quutn
841 1619 936 1684 super
958 1610 1094 1662 veterem
1117 1599 1168 1664 ni·

115 1705 177 1748 vem
186 1687 339 1752 intactam
360 1707 442 1750 nova
457 1683 592 1748 modieae
611 1682 787 1748 altitudinis
801 1683 996 1762 esset,molli
1010 1706 1071 1748 nec
1084 1705 1167 1769 prae-

117 1771 181 1836 altoe
194 1774 253 1837 aivi
268 1771 366 1838 facile
380 1771 478 1856 pedes
493 1769 737 1858 ingredientium
760 1769 958 1838 insistebant.
979 1782 1015 1835 ut
1029 1793 1105 1835 vcro
1120 1783 1168 1836 tut

116 1857 263 1924 homiuum
284 1861 576 1946 jumentorumque
601 1857 723 1920 incessu
748 1855 870 1942 dilapsa
893 1869 950 1936 est,
965 1877 1025 1942 per
1046 1857 1167 1922 nudam

116 1943 186 2009 infra
203 1947 341 2034 glaciem
356 1945 604 2028 ⁵⁸iluentemque
626 1943 731 2008 tabem
752 1941 952 2029 liquescentis
966 1943 1047 2007 niuis
1061 1945 1168 2032 ingre-

115 2031 276 2098 diebantur.
326 2029 426 2096 Tetra
440 2030 484 2094 ibi
495 2029 625 2094 luctatio
636 2042 715 2093 erat.
729 2028 800 2093 ⁶⁹ut
813 2052 833 2093 a
847 2029 970 2097 lubrica
1002 2029 1092 2108 lucie,
1101 2053 1167 2095 non

115 2119 272 2204 recipiente
286 2119 467 2206 vestigium,
483 2127 516 2180 et
538 2115 570 2178 in
593 2137 697 2200 prono
711 2115 804 2180 eitius
817 2116 900 2201 pede
914 2139 949 2182 se
983 2117 1107 2204 allepte,
1123 2129 1167 2195 et,

116 2227 161 2269 seu
173 2207 321 2272 manibus
341 2205 375 2268 in
397 2202 600 2290 adsurgendo
621 2223 677 2266 seu
695 2221 782 2290 genu
796 2223 829 2267 se
843 2201 1043 2292 adjuvissent,
1058 2203 1168 2289 ⁶⁰ipsis

459 2363 471 2392 ὓ
482 2359 548 2422 pail.
558 2360 582 2418 qi
592 2359 634 2420 pua·
644 2359 719 2408 Gran.
731 2333 800 2406 Creu.

114 2537 176 2582 quam
188 2528 290 2576 tinnant
306 2528 399 2588 aliquot
410 2525 484 2574 MSS.
495 2531 550 2572 tum
560 2525 621 2573 Gra·
685 2525 717 2574 67
735 2523 813 2582 Quam
826 2539 902 2588 ,saper
920 2529 1018 2574 murm
1036 2527 1114 2574 etiams
1129 2527 1167 2574 ia·

114 2591 245 2646 novi0‚tum
256 2593 331 2639 nobis
345 2591 459 2652 inspecti.
491 2589 620 2638 Editorum
652 2590 927 2654 aerumnosa...axt]
945 2589 985 2638 Sic
1000 2591 1099 2651 quidem
1113 2605 1167 2638 om·

116 2655 175 2701 turba
184 2657 256 2704 babet
270 2657 387 2704 arctiora.-
404 2655 503 2703 metrice.
652 2668 696 2704 nea
710 2654 766 2702 libri
782 2668 844 2716 quos
861 2656 1021 2717 inspeximus.
1054 2655 1111 2702 Non
1123 2658 1170 2704 du·

141 2716 170 2765 tt
183 2720 272 2782 Nepae
281 2721 394 2768 sattim
408 2733 432 2767 se
448 2734 463 2767 a
482 2721 619 2779 iamnes,
652 2721 761 2768 bitenius
786 2724 880 2780 nmen,
905 2721 965 2782 quin
987 2722 1168 2768 rescribendum

117 2782 135 2827 si
151 2785 187 2844 pat
204 2784 334 2846 pedalum
362 2783 506 2838 titulum,
535 2783 622 2830 herere
653 2786 695 2840 ait,
716 2785 821 2832 lammae
848 2787 915 2846 quod
941 2785 1067 2846 epitheton
1097 2785 1170 2848 longe

115 2846 181 2905 ‘M
205 2849 307 2910 uestigio
332 2849 386 2960 susq]
423 2849 482 2896 liae
503 2848 622 2908 impedita
653 2849 742 2896 melius
758 2850 822 2897 eadit
838 2849 865 2895 in
884 2862 974 2896 novam
991 2851 1169 2911 niuem,quarn

115 2918 163 2957 sunt
179 2921 204 2976 et
218 2915 332 2962 obscura.
386 2914 487 2962 meula
502 2912 629 2959 necvide-¹
653 2914 803 2961 inveterant-

115 2979 148 3021 tur
161 2977 185 3023 ia
198 2978 310 3026 alienum
329 2979 412 3026 locum
430 2985 522 3025 temere
541 2977 623 3024 immi·
687 2977 719 3024 68
734 2979 900 3040 Fluminaque
916 2977 1001 3040 bima]
1020 2978 1098 3026 Proba
1109 2979 1169 3027 Gro-

116 3051 192 3098 gratae.
223 3043 319 3089 Sensus
336 3043 438 3089 tortam
455 3039 541 3089 elaridr
559 3048 623 3089 esset
655 3039 878 3092 neviieon'eetura·
911 3043 960 3091 cic.
977 3045 1008 3090 de
1025 3043 1083 3091 Nat.
1096 3043 1170 3092 Deor.

116 3102 154 3150 hae
169 3109 258 3154 modo:
287 3111 316 3153 ut
335 3117 406 3166 aeque
432 3107 544 3154 mmm
565 3119 623 3153 sca
655 3058 806 3155 inmiti.
826 3108 966 3169 Frigoribus
976 3107 1075 3155 durescit
1086 3107 1170 3156 immor

107 3165 172 3227 'lapsa
181 3175 285 3232 peremi,
302 3171 380 3233 rique·
392 3171 516 3232 paaltslum
527 3169 622 3216 titubas·
653 3176 676 3220 et
694 3171 793 3220 idem..
806 3203 832 3222 ..
845 3173 938 3220 tabescit
953 3172 1035 3220 miore.
1069 3173 1175 3232 Seneca,

117 3237 167 3292 tent,
185 3249 225 3283 nee
247 3235 337 3284 herere
355 3235 435 3297 afflicti
453 3235 551 3296 acmiglo
572 3249 620 3282 ma.
654 3236 714 3285 Nat.
724 3235 816 3289 Queat.
832 3236 851 3285 l.
868 3237 919 3286 111.
930 3252 951 3284 c.
963 3237 1003 3285 27.
1014 3242 1126 3298 congestae
1135 3251 1171 3284 re·

117 3291 230 3347 Nimirum
242 3313 290 3347 nee
300 3301 478 3361 poterant,qui
493 3299 621 3359 paululum
653 3301 711 3348 ealle
727 3300 850 3348 tabuerant
868 3304 941 3349 niver.
975 3302 1042 3350 Male
1053 3303 1093 3350 irie
1109 3303 1170 3348 elim

117 3360 263 3419 emmeant,
279 3365 399 3411 sustinere
414 3376 440 3412 se
455 3377 470 3411 a
484 3365 564 3424 lapsu,
576 3377 621 3412 nac
653 3367 779 3426 legebatur
789 3365 869 3414 ladem

116 3425 234 3484 afflictis.
258 3441 280 3476 e.
301 3435 431 3490 postquam
459 3428 521 3489 lapsi
542 3431 620 3482 erant,
686 3428 1005 3495 69'Utalulm'mglacie]
1022 3431 1085 3485 Quia
1101 3443 1170 3477 nem·

116 3487 197 3540 herere
211 3492 381 3557 vestigiosuo,
393 3493 537 3540 sivelocum
548 3505 621 3538 suum
653 3507 684 3556 pe
702 3493 750 3542 illia
769 3507 808 3541 rea
826 3500 878 3542 erat
895 3508 953 3541 cum
970 3494 1064 3542 lubrica
1082 3493 1169 3556 glaeie,

116 3557 193 3603 tenen.
225 3557 622 3618 Neminpraeeipitiaetabmpte
653 3558 694 3606 eui
713 3557 843 3620 vestigium
865 3559 934 3620 infigi
953 3573 1001 3607 non
1023 3567 1120 3620 possets
1145 3567 1171 3606 et

116 3616 304 3670 devolvebantur.
654 3637 732 3685 quum
753 3631 870 3682 praeterea
890 3625 958 3670 locus
980 3637 1071 3684 pronus
1097 3631 1170 3680 esset,

145 3681 174 3730 55
187 3687 219 3732 In
236 3687 324 3748 pedum
342 3685 406 3734 mille
425 3685 547 3733 admodum
568 3683 622 3730 olli·
654 3688 1118 3750 peaeitiusaeiallebatlabebaturque.

118 3746 222 3815 ludium]
250 3751 398 3798 Emendatio
419 3749 506 3798 Veliae.
551 3749 622 3796 Prius
686 3754 719 3801 60
734 3753 799 3812 lpse
809 3752 957 3799 admemordit
970 3753 1075 3814 prolapsi
1090 3756 1112 3802 si
1128 3756 1170 3806 lle·

118 3809 233 3871 legebatur
255 3815 379 3876 impeditus
400 3819 452 3862 lum
475 3815 514 3862 tue
543 3813 623 3862 admo·
655 3831 710 3865 ram
725 3818 926 3872 commacularet
936 3818 1111 3879 mrpesetrm.
1124 3850 1174 3876 ...¹

116 3873 172 3948 dtur.
211 3881 306 3928 Firmat
329 3880 525 3927 emendationem
552 3879 624 3938 Poly·
654 3881 733 3944 mant]
751 3881 777 3928 Si
793 3882 847 3928 haec
865 3881 937 3928 lectio
949 3891 1056 3942 maneat,
1065 3886 1171 3945 particu-

118 3939 231 4005 brus,qui
248 3947 295 3993 hae
315 3945 369 4004 ipsa
386 3945 460 3990 dere
478 3955 561 4006 agens,
576 3956 622 3988 nn·
654 3946 921 4006 lanceinterpretanda
931 3953 968 3994 est
982 3961 1058 3994 ne...
1071 3949 1169 4009 quidem.

118 4014 197 4067 meret,
207 4006 284 4072 exulis
295 4005 349 4076 epia
358 4004 472 4070 inarata.
655 4012 689 4060 At
705 4010 802 4071 plenius
818 4015 843 4057 et
857 4011 992 4071 expeditius
1011 4014 1091 4060 multo
1107 4014 1170 4060 foret

146 4071 176 4119 bd
190 4074 264 4122 Hand
279 4074 353 4122 dubia
369 4087 407 4120 rer
422 4072 485 4137 ulra]
502 4073 624 4135 Apparuit
655 4078 749 4138 tegere:
773 4075 830 4135 {ptris
845 4075 993 4124 adminiculis
1005 4077 1113 4140 prolapsi
1127 4079 1170 4126 ite·

118 4134 211 4185 dubium
225 4153 274 4186 non
290 4153 352 4194 eam,
366 4139 426 4198 quin
442 4139 625 4190 circumducen.
649 4155 711 4187 mm
731 4139 872 4186 mlum.
905 4141 940 4188 Et
953 4142 1052 4202 quidem
1071 4144 1111 4190 hic
1126 4145 1176 4190 atta

118 4199 622 4265 dumeaaetagmenperloeainviaclrca:
656 4206 785 4265 quidesse
806 4205 859 4250 vitii
878 4205 985 4258 indicare
1001 4207 1098 4254 videtin
1118 4209 1172 4268 ipsa

119 4265 169 4322 quia
185 4280 270 4329 nempe
287 4279 362 4328 rupes
379 4267 421 4313 illa
438 4267 558 4328 adquam
570 4285 624 4331 per·
657 4269 729 4316 MSS.
747 4268 859 4328 varietas,
876 4283 980 4330 quorum
1002 4272 1110 4332 plerique
1128 4273 1172 4320 hc·

120 4335 211 4378 rentum
226 4340 287 4388 erat,
307 4337 404 4380 rectum
422 4331 469 4378 iter
490 4333 625 4395 relinquere
657 4336 716 4380 bent
729 4334 847 4395 prolapsis
862 4335 1068 4396 iteram‚quitlam
1086 4338 1170 4394 etiam,

119 4394 324 4462 anmnomgebut.
657 4402 795 4446 corruerent.
