3122 4962
428 177 521 242 aru.
541 163 685 240 siritu.⁴
702 165 803 241 cur.
823 179 891 242 xv.
1149 179 1208 249 aas

145 343 288 412 etuaud
312 347 429 434 magno
453 340 624 411 certamine
647 344 812 430 dissipatos
836 335 1091 430 trepidantesque
1115 354 1347 406 aver-uuus

147 444 230 497 tuut.
261 430 359 496 'Tum
375 433 409 496 in
424 431 577 517 fugientes
597 433 770 518 equitatum
780 425 922 495 inmittit
944 426 1130 508 Marcellus,
1145 421 1242 494 nec*
1253 419 1279 467 ⁰·
1291 416 1349 469 ²⁰⁹·

144 530 220 582 ante
248 517 321 582 linis
349 518 499 604 sequendi
528 531 574 583 est
601 518 710 596 factus,
741 537 835 604 quam
865 516 897 578 iu
924 525 1026 579 castra
1056 483 1369 600 paventcsssliffm'*

145 604 302 689 compulsi
317 616 400 668 sunt.
445 605 529 670 Nam
553 625 647 689 super
664 603 734 681 alia,
759 625 830 689 qua
853 614 1003 666 terrorem
1019 599 1203 684 trepidatio-

144 711 284 776 nemque
296 689 447 772 iacerent,
462 690 620 774 elephanti
636 713 763 776 quoque
783 689 848 753 duo
869 688 902 750 in
925 688 993 774 ipsa
1013 700 1106 772 porta
1127 708 1203 750 con·

145 785 286 854 ruerant,
302 778 466 864 coactique
479 789 569 840 erant
583 776 697 840 milites
716 799 771 861 per
783 774 895 838 fossam
911 773 1090 860 vallumque
1111 793 1203 837 ruere

146 866 306 928 incastra.
331 864 372 926 ibi
396 864 533 926 maxima
555 859 691 938 hostium
717 861 819 925 caedes
840 859 940 925 sacia:
963 882 1045 925 caesa
1067 857 1107 922 ad
1129 874 1210 937 octo¹

143 947 764 1035 milliahuminum,quinque'elephanti.
809 947 877 1010 Nec
894 947 1046 1010 Romanis
1057 945 1211 1014 inomaus·

144 1050 177 1098 ta
192 1036 323 1100 timoris
333 1035 407 1101 tuit.
430 1035 523 1098 millev
537 1035 635 1098 ferme
649 1047 680 1098 et
700 1033 888 1118 septingenti
903 1031 943 1102 de
958 1031 1080 1095 duabus
1105 1029 1200 1122 legio·

143 1121 248 1200 nibus,
262 1135 295 1186 et
307 1122 465 1186 sociorum
480 1141 576 1206 supra
597 1120 683 1184 mille
697 1133 728 1184 et
743 1130 898 1184 trecentos
921 1117 1032 1182 occisi:
1055 1115 1201 1181 vulnera·

142 1207 333 1292 tipermulti
352 1208 466 1272 civium
482 1208 710 1293 sociorumque.
757 1205 921 1270 Hannibal
942 1217 1036 1268 nocte
1057 1203 1346 1288 proximaltetmedtt

142 1307 247 1378 castra
278 1295 386 1358 movit.
432 1294 620 1379 Cupientem
654 1293 775 1379 insequi
813 1289 1003 1356 Marcellum
1038 1283 1341 1374 prohibuitfflm'ffl

145 1377 317 1444 multitudo
329 1381 519 1445 sauciorum.
661 1395 685 1414 ”
1206 1441 1208 1448 .

158 1483 162 1497 ·
188 1465 266 1530 XV.
291 1467 519 1552 Speculatores,
531 1468 585 1554 qui
599 1480 865 1553 prosequerentur
875 1487 997 1552 agmen,
1014 1465 1110 1540 missi,
1126 1487 1199 1548 pos-

142 1566 212 1616 tero
234 1552 286 1616 die
310 1553 493 1629 retulerunt,
516 1553 658 1617 Bruttios
687 1553 899 1617 Hannibalem
923 1566 1039 1638 petere.
1084 1551 1334 1616 li,demueserltur

142 1638 209 1702 fere
229 1638 339 1702 diebus
354 1655 385 1703 et
399 1639 439 1702 ad
457 1639 499 1714 Q.
517 1639 660 1703 Fulvium
678 1637 836 1702 consulem
860 1638 1002 1724 Hirpini,
1019 1652 1045 1702 et
1066 1637 1198 1715 Lucani,
1207 1621 1362 1735 ffiifflffiffl'·

142 1724 394 1802 etVolcentes¹',
411 1726 534 1789 traditis
548 1725 702 1810 praesidiis·
719 1725 918 1800 Hannibalis,
933 1747 1004 1810 quae
1019 1725 1050 1786 in
1070 1723 1199 1790 urbibus
1250 1699 1278 1748 sq
1309 1717 1316 1734 ⁸

141 1811 312 1888 habebant,
328 1811 517 1875 dediderunt
529 1835 606 1888 sese,
620 1812 851 1897 clementerque
862 1835 880 1874 a
891 1809 1028 1884 consule,
1045 1832 1116 1874 cum
1132 1831 1200 1875 ver·

143 1900 256 1961 borum
268 1910 395 1982 ¹tanturn
411 1897 615 1985 castigatione
629 1901 671 1961 ob
691 1919 828 1961 errorem
849 1896 1054 1981 praeteritum,
1071 1899 1209 1982 accepti.'

144 1983 188 2047 lu
204 1983 337 2047 Bruttiis
352 1984 461 2048 similis
477 2005 548 2068 spes
562 1985 662 2048 veniae
681 1984 763 2048 sacta
780 1995 844 2046 est:
868 2003 965 2070 quum
981 1982 1020 2046 ab
1035 1983 1072 2044 iis
1088 1983 1220 2063 Vibiusx

142 2082 176 2134 et
200 2070 326 2134 Pactius
351 2070 471 2147 fratres,
490 2071 583 2156 longe
608 2069 792 2134 nobilissimi
817 2069 918 2152 gentis
941 2069 1017 2153 ejus,
1045 2069 1200 2151 eamdem,

139 2177 215 2243 quae
229 2157 304 2220 data
320 2156 456 2220 Lucanis
474 2169 551 2233 erat,
573 2157 787 2220 conditionem
802 2155 971 2219 deditionis
993 2168 1132 2239 petentes
1149 2179 1200 2220 ve-

141 2243 271 2310 nissent.
316 2244 360 2318 Q.
374 2242 491 2307 Fabius
506 2243 615 2307 consul
626 2243 779 2327 oppidum
795 2242 827 2304 in
842 2241 1043 2306 Sallentinis'
1059 2241 1200 2306 Mandu·

141 2329 221 2393 riam
237 2330 269 2392 ti
283 2331 376 2412 cepit.
399 2329 443 2393 ibi
457 2329 498 2393 ad
513 2341 646 2414 quatuor
661 2330 758 2392 millia
773 2328 936 2391 hominum
953 2340 1056 2410 capta,
1072 2339 1104 2392 et
1118 2341 1200 2394 cete·
1252 2342 1256 2351 ‘

140 2435 187 2478 rae
201 2415 321 2500 praedoe
336 2416 543 2501 aliquantum.
588 2415 668 2478 lnde
690 2415 866 2480 Tarentum
892 2412 1060 2498 proiectus,
1078 2416 1109 2478 in
1125 2415 1199 2502 ipsis
1208 2427 1298 2480 Fabius
1311 2429 1359 2478 ua-

141 2499 283 2565 l'aucibus
306 2513 417 2586 portus
440 2503 545 2586 posuit
568 2513 680 2566 castra.
703 2523 807 2574 naves,
823 2523 902 2588 quas
927 2501 1038 2564 Livius
1059 2498 1361 2567 ,utandpsrentumob

139 2588 368 2652 commeatibus
388 2587 551 2663 habuerat,
574 2589 688 2672 partim
713 2587 998 2652 machinationibus
1016 2601 1128 2652 onerat
1142 2569 1307 2653 {ld-pugnae

140 2684 315 2759 paratuque
341 2674 494 2738 moenium
519 2673 816 2760 obpugnandorum,
841 2674 954 2758 partim
978 2676 1143 2739 tormentis
1168 2689 1200 2742 et

138 2761 221 2824 saxis
241 2761 392 2846 omnique
412 2760 576 2824 missilium
598 2761 732 2824 telorum
755 2783 869 2844 genere
884 2760 1023 2836 instruit,
1039 2763 1200 2827 onerarias

138 2865 276 2932 quoque,
292 2869 356 2908 non
372 2869 424 2910 eas
435 2846 547 2924 solum,
560 2868 633 2934 quae
648 2847 741 2910 remis
755 2861 940 2934 agerentur3
962 2860 998 2911 ut
1012 2847 1064 2910 alii
1079 2849 1198 2913 machi-

141 2953 198 2996 nas
212 2933 371 3017 scalasque
391 2933 431 2996 ad
454 2954 561 2996 muros
581 2931 711 3010 ferrent,
726 2933 779 2998 alii
802 2933 911 3016 procul
928 2955 966 2996 ex
980 2934 1113 2998 navibus
1128 2936 1198 3000 vul-

138 3031 287 3083 nerarent
313 3021 463 3084 rnoenium
478 3031 753 3106 'propugnatores
798 3019 857 3083 Eae
885 3041 990 3098 naves,
1017 3020 1057 3086 ab
1087 3037 1197 3108 aperto

138 3105 221 3170 mari
246 3117 282 3168 ut
307 3105 417 3168 urbem
442 3105 699 3192 adgrederentur,
716 3106 879 3171 instructae
903 3119 1087 3194 parataeque
1112 3122 1195 3176 sunt.

139 3190 185 3256 Et
202 3203 270 3255 erat
288 3191 423 3255 liberum
445 3213 542 3267 mare,
558 3193 656 3255 classe
680 3191 810 3266 Punica,
828 3213 924 3278 quum
948 3192 1114 3278 Philippus
1139 3195 1197 3259 ob-

136 3299 282 3365 pugnare
297 3277 424 3342 AEtolos
438 3290 574 3361 pararet,
591 3279 762 3364 Corcyram
773 3281 962 3342 transmissa.
1007 3280 1046 3343 Iu
1064 3280 1197 3346 Bruttiis

136 3364 265 3428 iuterim
286 3363 437 3428 Caulonis
452 3363 696 3451 obpugnatores,
717 3364 776 3428 sub
798 3365 966 3429 adventum
992 3364 1196 3445 Hannibalis,

136 3471 179 3514 ne
200 3450 468 3534 obprimerentur,
491 3449 522 3513 in
546 3452 712 3526 tumulum,
729 3453 909 3534 apraesenti
931 3451 1040 3537 inpetu
1061 3464 1195 3531 tutum0,

136 3559 172 3600 se
185 3555 343 3619 recepere.
383 3535 528 3612 Fabium,
541 3537 717 3600 Tarentum
732 3535 938 3616 obsidentem,
951 3537 1018 3601 leve
1028 3539 1113 3603 dictu
1127 3561 1196 3604 mo·
1214 3563 1221 3582 ·

136 3635 279 3686 mentum
292 3621 332 3686 ad
345 3643 411 3685 rem
424 3623 583 3709 ingentem
598 3621 785 3709 potiundam
800 3623 935 3709 adjuvit.
969 3624 995 3664 ⁸³
1005 3624 1196 3690 Praesidium

138 3708 338 3774 Bruttiorum
360 3707 469 3774 datum
492 3710 533 3773 ab
557 3708 742 3772 Hannibale
755 3707 923 3776 Tarentini
936 3710 1107 3777 habebant.
1130 3713 1196 3799 eJus

134 3793 276 3881 praesidii
290 3793 636 3880 proeiectus‘deperibat
649 3817 758 3859 amore
771 3796 975 3876 mulierculae,
992 3799 1080 3884 cujus
1099 3797 1197 3866 frater

166 3951 188 3981 ὓ
203 3948 327 3996 vonam
337 3951 411 3996 Gran.
424 3949 493 3997 Cres.
581 3953 595 3984 ¹¹
606 3949 733 4000 taunucus
744 3951 818 3998 Gran.
909 3956 1009 4000 ⁰tattaeus
1018 3955 1050 4002 ad
1059 3961 1133 4006 atem
1144 3961 1195 4010 iao·
1215 3912 1217 3921 Ι

130 4025 188 4075 μ
196 4025 222 4060 ee
230 4025 334 4074 recepere
343 4015 418 4064 Gran.
430 4015 500 4062 Cres.
1120 4045 1124 4052 '

166 4157 373 4208 oswendam
383 4159 545 4225 Bruttiorum]
562 4163 592 4211 ld
601 4169 648 4218 est,
681 4164 756 4224 tione,
772 4169 827 4210 tum
845 4177 928 4212 versus
945 4163 1018 4230 hujus
1028 4183 1049 4216 c.
1062 4171 1145 4227 finem,
1156 4173 1196 4222 hi·

116 4223 261 4288 'cebmtem
278 4225 507 4288 aureorumque
518 4229 544 4275 iu
555 4233 650 4288 pestem
681 4229 775 4276 verbis:
793 4241 844 4274 cam
857 4233 951 4289 partem
968 4234 1043 4292 muri,
1055 4249 1102 4298 qua
1119 4237 1195 4284 Brut.

136 4288 231 4335 vescet
247 4291 345 4338 tuende
355 4291 431 4340 urbis.
464 4291 503 4339 Ita
514 4305 565 4340 sese
575 4293 652 4354 expli·
682 4293 769 4339 tiorum
796 4291 910 4344 eudonem
931 4295 1071 4358 prauum
1103 4302 1195 4362 agitare

133 4359 176 4399 cat
191 4352 244 4415 ipse
262 4353 357 4416 Livius,
368 4369 445 4418 quum
462 4356 488 4402 in
507 4362 650 4405 totanarra·
678 4357 822 4420 proditionis
832 4359 967 4410 meditator
977 4363 1133 4410 mutuarat.
