3136 4970
237 207 241 216 ,
353 146 418 208 408.
747 145 857 210 TiTl
885 143 1023 212 Livii

142 361 148 368 .
195 315 331 372 theam
354 312 383 377 ri
402 321 517 400 posset.
563 309 683 378 Eadem
705 295 816 380 oestate
837 311 1049 380 musterus
1074 333 1146 378 cum
1168 312 1266 380 clusae
1284 322 1416 378 centuni

194 385 347 497 2122&
355 399 484 464 navium
505 411 547 463 ex*
568 398 676 464 Sicilia
698 399 732 463 in
753 399 894 465 Africam
916 399 1106 465 transmitit:
1128 413 1170 478 et,
1194 399 1236 465 ad
1258 398 1416 484 Clupeam

195 528 269 562 mn·
282 486 466 562 Affiurbem
492 486 695 550 exscensione
717 483 810 564 factu,
836 507 949 572 agrum
977 485 1050 564 late,
1077 485 1167 556 nullo
1194 485 1292 551 ferme
1319 487 1417 550 obvio

195 645 269 692 ΜΨ·
357 659 432 744 quia
446 668 575 742 repente
588 656 672 722 lama
685 658 810 735 accidit,
826 659 954 724 classem
981 659 1133 724 Punicam
1158 660 1338 724 adventare.
1359 679 1417 724 oc·

356 745 480 832 toginta
501 757 592 808 eraut
605 757 638 809 et
652 760 714 809 tres
729 749 840 810 'neves
885 745 967 810 Cum
988 745 1027 810 iis
1047 745 1130 810 haud
1153 745 1266 832 procul
1292 743 1417 829 Clupea

156 853 160 860 ’
195 848 349 895 vtnutcns-
357 851 508 916 prospere
530 843 651 918 pugnat
675 833 848 910 Romanus.
870 831 979 896 decern
1001 846 1033 896 et
1053 843 1127 896 octo
1150 833 1283 897 navibus
1302 831 1415 918 captis,

195 911 338 1025 xiim*
356 917 471 1005 fugati·
485 917 565 994 alil&
582 939 654 982 curu
672 941 786 1007 magna
799 919 939 983 terrestri
954 918 1117 1004 navalique
1136 918 1257 1004 praeda,
1273 917 1417 1003 Lilybae.

357 1025 410 1068 um
427 1003 531 1068 rediit.
570 1003 691 1068 Eadem
705 1015 814 1069 aestate
825 1017 857 1066 et
868 1003 1033 1090 Philippus
1045 1005 1277 1089 inplorantibus
1287 1003 1418 1069 Achaeis

356 1091 510 1156 auxilium
532 1090 616 1155 tulit.
638 1111 719 1172 quos
732 1102 765 1154 et
780 1090 806 1130 ⁶⁸
817 1089 1030 1155 Machanidas
1041 1104 1194 1177 tyrannus
1210 1089 1416 1156 Laccdaemo-

356 1179 483 1243 nicrum
499 1176 635 1241 finitimo
651 1175 733 1240 bello
749 1177 879 1252 urebatr
899 1189 931 1239 et
946 1175 1055 1254 AEtoli,
1066 1177 1198 1242 navibus
1211 1199 1269 1264 per
1287 1176 1416 1255 fretum,

356 1265 442 1351 quod
458 1264 659 1348 Naupactum
673 1275 705 1327 et
722 1263 831 1327 Patras
846 1262 1006 1340 interfluit,
1023 1263 1146 1347 (Rhion
1161 1263 1276 1328 incolae
1286 1265 1416 1344 vocant)

355 1350 498 1416 exercitu
513 1351 652 1434 trajecto,
668 1348 852 1434 depopulati
866 1361 966 1414 erant.
1010 1348 1153 1415 Attalum
1167 1371 1293 1436 quoque
1307 1371 1416 1437 regem

360 1437 457 1515 Asiae,
472 1436 546 1520 quia
561 1433 663 1499 AEtoli
678 1447 838 1509 summum
852 1436 954 1523 gentis
968 1457 1034 1500 suae
1048 1437 1266 1525 magistratum
1286 1435 1416 1500 adeum

356 1522 383 1564 ⁶⁰
393 1522 539 1606 proximo
549 1521 684 1587 concilio
694 1521 882 1599 detulerant,
898 1521 981 1586 fama
994 1535 1062 1589 erat
1075 1523 1108 1586 in
1126 1521 1289 1608 Europam
1303 1524 1417 1610 trajec-

357 1622 476 1673 turnm.
702 1615 708 1626 '

401 1684 522 1758 XXX.
545 1694 599 1760 Ob
610 1696 680 1760 lraec
696 1693 846 1781 Philippo
860 1695 893 1758 in
904 1693 1066 1778 Graeciam
1081 1695 1283 1762 descendenti
1297 1695 1339 1760 ad
1354 1695 1416 1760 La·

357 1781 452 1846 miam
464 1781 574 1845 urbem
591 1781 704 1859 AEtoli,
716 1781 797 1846 duce
813 1781 959 1868 Pyrrhia,
972 1784 1026 1868 qui
1036 1794 1155 1868 praetor
1167 1783 1200 1846 in
1211 1803 1283 1846 enm
1295 1800 1417 1846 anuum

356 1889 429 1933 cum
440 1867 569 1932 absente
584 1868 695 1932 Attalo
708 1880 830 1933 creatus
842 1881 919 1945 erat,
931 1869 1151 1934 obcurrerunt.
1197 1867 1372 1933 Habebunt
1385 1881 1418 1934 et
1472 1923 1475 1932 .

357 1955 397 2018 ah
414 1952 524 2036 Attalo
543 1955 664 2020 auxilia
677 1977 801 2020 secum
824 1967 856 2020 et
875 1955 961 2020 mille
969 1954 1079 2034 ierme
1089 1977 1129 2020 ex
1146 1955 1293 2020 Romana
1306 1953 1417 2032 classe,

356 2064 375 2106 a
393 2041 429 2105 P.
446 2039 588 2125 Sulpicio
602 2041 724 2105 missos.
767 2040 929 2106 Adversus
942 2041 1030 2108 hunc
1042 2040 1156 2106 ducem
1170 2055 1265 2127 atque
1286 2040 1344 2105 haa'
1363 2061 1417 2106 co-

356 2128 424 2210 pias
438 2127 605 2214 Philippus
614 2128 663 2192 bis
674 2148 827 2214 prospero
836 2141 949 2192 eventu
961 2129 1131 2215 pugnavit:
1147 2128 1232 2192 mille
1242 2126 1415 2192 admodum

195 2212 494 2282 multaret-hostium
520 2227 655 2302 utroque
676 2235 784 2314 pugna
806 2213 932 2279 occidit.
977 2214 1058 2279 Inde
1083 2235 1180 2302 quum
1203 2212 1303 2278 AEtoli
1329 2225 1416 2277 metu

195 2301 262 2362 lippo
273 2303 338 2348 vicu
356 2300 511 2384 compulsi
529 2300 650 2364 Lamiae
664 2299 752 2365 urbis
766 2299 924 2366 moenibus
942 2312 1083 2367 tenerent
1098 2323 1173 2382 sese,
1190 2297 1361 2385 Philippus
1375 2299 1416 2364 ad

358 2387 495 2452 Phalara
510 2387 683 2452 exercitum
697 2387 833 2451 reduxit.
855 2387 922 2452 ⁷⁰in
940 2387 1078 2452 Maliaco
1099 2388 1170 2452 sinu
1196 2389 1222 2452 is
1246 2387 1336 2452 locus
1357 2398 1415 2463 est,

356 2473 518 2558 quondam
529 2473 709 2558 frequenter
720 2473 879 2538 habitatus
894 2485 1025 2559 propter
1038 2473 1200 2562 egregium
1214 2486 1354 2558 portum,
1366 2486 1416 2540 tu·

357 2572 467 2644 tasque
488 2558 572 2622 circa
593 2560 752 2636 stationes,
775 2574 807 2624 et
821 2559 912 2624 aliam
935 2583 978 2646 op
1001 2562 1203 2626 ortunitatem
1225 2561 1417 2624 maritimam

195 2667 280 2727 Legati
290 2681 346 2712 con.
356 2655 609 2734 terrestremque
651 2644 702 2709 Eo
715 2645 810 2731 legati
825 2647 866 2710 ab
882 2668 955 2731 rege
1080 2649 1104 2711 ti
1124 2646 1307 2723 Ptolemaeo,
1326 2645 1419 2710 Rho-

195 2733 297 2778 veniunt
308 2733 345 2808 {¹4-
357 2732 489 2817 diisque,
503 2743 535 2794 et
547 2730 803 2808 Atheniensibus,
820 2745 852 2796 et
868 2733 957 2798 Chiis
969 2748 1132 2809 venerunt,
1148 2733 1189 2797 ad
1202 2731 1416 2796 dirimendum

194 2797 440 2908 2²23¹g¹ggfl¹¹rnter
457 2816 642 2902 Philippum
657 2832 752 2903 atque
765 2816 890 2883 AEsotos
904 2819 1032 2884 utrum.
1076 2819 1247 2884 Attienus
1267 2817 1308 2882 su
1322 2818 1417 2884 ruso-

234 2929 259 2966 »
357 2905 397 2968 lis
415 2917 448 2968 ot
468 2925 510 2968 ex
530 2903 671 2969 finitimis
685 2905 868 2988 pacificator
883 2905 1100 2990 Amynander,
1116 2927 1171 2970 rex
1188 2906 1417 2970 Athamanum.

359 2991 513 3054 Omnium
535 2999 640 3054 autem
656 3013 719 3054 non
736 3003 823 3055 tanta
843 3013 902 3075 pro
923 2991 1042 3056 AEtolie
1061 3013 1137 3056 cura
1155 3005 1235 3068 erat,
1248 2990 1419 3056 ⁷1ferocio-

358 3077 446 3141 ribus
460 3097 555 3163 quam
571 3099 631 3162 pro
642 3077 776 3164 ingeniis
791 3078 979 3143 Graecorum
995 3078 1117 3165 gentis:
1139 3099 1235 3186 quam
1249 3076 1326 3142 ⁷²ue
1339 3076 1417 3143 Phi·
1466 3167 1470 3180 Ι

391 3351 424 3402 68
443 3349 601 3401 Machanidas
627 3357 741 3415 tyrannus
767 3349 872 3401 Ζωὼ-
904 3367 1038 3416 exponere:
1054 3353 1210 3403 ferocioribus
1227 3365 1302 3415 quam
1318 3365 1363 3414 pro
1380 3351 1418 3398 iu·

358 3419 501 3483 mour'oram]
511 3419 566 3466 vid.
574 3425 624 3466 not.
632 3421 672 3468 82.
680 3421 734 3466 adl.
746 3419 877 3468 XXXlV.·
903 3419 981 3480 geniis
991 3420 1070 3481 gentis
1080 3416 1182 3481 alicujus
1192 3420 1343 3466 Graecorum.
1372 3416 1419 3462 Sed

359 3484 514 3532 eremana.
904 3483 950 3530 hoe
961 3484 1086 3546 illepidum
1102 3491 1139 3532 eet
1150 3491 1174 3530 et
1183 3484 1315 3544 inelegans.
1347 3479 1418 3527 MSS.

391 3549 423 3596 69
440 3547 555 3595 Prorimo
565 3548 660 3595 nauto
669 3545 808 3612 detulerant]
820 3549 874 3594 Put.
908 3548 1024 3596 hactenus
1038 3545 1137 3610 juvant,
1149 3554 1177 3594 ut
1193 3548 1321 3594 exhibeant
1333 3558 1419 3592 omnes

359 3619 385 3659 et
403 3613 446 3658 alii
464 3613 556 3674 aliquot
574 3613 667 3672 scripti,
686 3615 793 3670 monimo
814 3627 875 3659 uano
907 3614 957 3660 fere
971 3613 1105 3675 ferocioris.
1136 3613 1251 3658 Libenter
1266 3612 1420 3658 metemus

360 3677 456 3724 concido
471 3675 609 3726 dormi.
642 3676 688 3722 Sed
705 3673 733 3722 ri
746 3676 875 3724 uremur
902 3678 1001 3726 deuna
1019 3675 1269 3738 Liuiumrserocr'ori,
1287 3688 1357 3735 quom
1372 3687 1419 3734 pro

360 3742 464 3801 probum
492 3743 601 3790 videtur.⁴
627 3741 682 3788 Vox
708 3755 769 3786 aurio
795 3744 874 3800 potuit
907 3743 1008 3804 ingeniis
1017 3742 1252 3802 &emungentes
1265 3737 1420 3797 'idest‚cu·

361 3805 417 3852 addi
439 3805 518 3863 primo
540 3809 657 3866 tanquam
676 3805 876 3864 interpretamen-
903 3803 946 3869 jus
964 3808 1053 3854 ferocia
1068 3807 1132 3854 mals
1148 3805 1355 3852 conventreteum
1376 3802 1420 3848 hu·

362 3879 416 3914 tum
429 3887 469 3919 rou
479 3869 583 3928 concilio,
594 3870 651 3917 inde
659 3870 685 3915 in
693 3875 834 3916 contextum
844 3870 875 3916 ir-
907 3872 1055 3918 muniaaimis
1066 3873 1205 3925 Graeeorum
1218 3869 1335 3916 moribus.

361 3933 470 3992 repsisse.
504 3933 590 3995 ltaque
604 3935 729 3996 vulgatam
747 3933 876 3982 lectionem
941 3935 972 3984 ta
989 3935 1030 3982 Ne
1048 3933 1175 3996 Philippus
1197 3945 1339 4010 τιμωρίαι
1358 3931 1418 3994 ψ]

121 4048 123 4059 ’
174 4105 177 4113 ,
290 4085 298 4098 ·
362 3999 613 4111 am'lppecplpupidm
631 4063 697 4127 airu]
724 4062 754 4110 ln
773 4077 815 4111 ora
834 4063 876 4110 ad·
908 3995 1420 4125 iddiifeletelegaridlhidbsstdldrffi‘ihhrd

249 4169 255 4178 ,
359 4121 591 4186 jacenteadtinum
603 4127 743 4176 Maliacum·
768 4127 875 4174 Vid.to-
909 4127 993 4190 Polyb.
1010 4129 1068 4176 libb.
1086 4127 1134 4174 tx.
1151 4133 1176 4174 et
1193 4125 1239 4173 Xl.
1256 4122 1373 4188 majoram
1390 4123 1422 4168 ab

362 4191 400 4238 ira
412 4197 462 4240 not.
473 4191 509 4239 19.
522 4188 727 4240 adxxv111.5.
747 4247 752 4254 ι
906 4193 1023 4240 Romanis
1033 4191 1128 4240 metunt
1144 4193 1229 4250 inisse,
1244 4203 1318 4252 quam
1334 4203 1350 4236 u
1364 4187 1420 4234 Phi·

397 4257 425 4304 71
444 4257 604 4304 Feroriorr'tm
620 4258 694 4317 quant
707 4271 751 4314 pro
773 4257 875 4317 ingeniis
906 4259 979 4319 lippo.

365 4321 498 4370 Groeoorum
522 4321 611 4384 gentis]
644 4319 725 4366 Possis
752 4327 875 4384 utcunque

195 592 337 641 oampopu-
356 583 488 649 armato,
505 572 654 636 vastabat.
676 572 751 636 iude
766 573 806 636 ad
829 593 927 637 naves
942 574 1057 658 raptim
1072 573 1275 658 predatores·
1283 571 1416 656 recepti,
1465 647 1473 662 .
1535 551 1536 576 ¹
