3036 4972
298 175 361 231 rss
685 159 971 234 T1T1L1vr1'
1031 177 1065 186 ’·

136 352 166 400 a.
178 351 205 401 c.
216 353 272 408 ast.
295 344 327 398 et
350 332 487 400 Herium
502 337 528 378 ⁹⁹
539 335 707 415 Pettium&
723 338 764 402 ad
784 337 988 422 conloquium
1011 349 1165 416 evocatos,
1180 339 1350 424 permissu·

135 421 271 476 b12²1&
293 440 356 505 que
373 419 516 486 Marcelli
532 445 680 508 egressos,
696 445 755 506 per
768 423 971 508 interpretem
986 423 1176 511 adloquitur.
1210 425 1349 496 ¹Hanni·

293 504 372 570 balis
386 507 533 573 virtutem
555 508 775 596 fortunamque
789 509 930 574 extollitr
952 509 1063 595 populi
1081 511 1216 574 Romani
1232 511 1349 578 obterit

293 609 505 658 senescentem
529 616 602 660 cum
616 594 732 659 viribus
753 596 954 680 majestatem.
1001 595 1119 672 Quasi
1135 597 1226 679 paria
1240 609 1347 681 essent,

274 687 326 763 ¹ut
347 683 497 762 quondam
511 679 652 761 fuissent,
676 688 777 745 tamen
798 683 935 766 expertis,
951 703 1042 766 quom
1060 703 1157 766 mave
1169 683 1348 748 Romanum

256 781 263 792 “
291 763 449 846 imperium
462 768 560 844 sociis
576 777 692 856 quantu¹
703 767 887 852 indulgentia
905 767 1086 832 Hannibalis
1106 769 1199 832 etiam
1220 769 1252 833 in
1273 791 1347 853 cape

291 849 368 914 ticos
387 873 490 916 ornnes
501 853 604 918 Italici
623 851 871 934 nominissuisset,
885 855 1036 918 Punicam
1050 855 1200 918 Βοπιαηιε
1219 856 1346 920 societa-

206 1003 211 1010 ,
289 947 350 1001 tem
361 947 449 1022 atque
462 939 624 1003 amicitiam
637 941 864 1020 p'roeoptandom
875 960 946 1004 erse.
988 941 1022 1004 Si
1035 941 1123 1002 umbo
1138 941 1347 1008 concalescunt

289 1022 351 1088 rute
365 1025 537 1090 eccardus
550 1027 591 1088 od
605 1024 719 1088 Nolam
733 1035 839 1101 essent,
857 1036 1029 1088 tamennon
1043 1027 1143 1110 magis
1153 1047 1242 1108 pares
1254 1029 1345 1092 Han..

289 1107 522 1190 nidulisuturos,
539 1131 630 1195 quam
645 1115 686 1174 cd
702 1109 981 1191 Conrracfirissent:
997 1107 1112 1174 'nedum
1132 1122 1244 1192 praetor
1257 1133 1343 1192 unus,

289 1196 471 1277 campaneis
493 1201 520 1258 et
541 1195 625 1259 nonis
645 1196 793 1273 militibus,
811 1197 924 1261 Nolom
946 1197 1041 1260 tutari
1059 1198 1158 1279 possit.
1184 1197 1343 1281 ¹iprmunr,

289 1302 379 1366 quam
402 1282 591 1357 Hannibalis,
607 1281 757 1358 interesse,
778 1293 867 1366 copta
890 1304 929 1346 arr
953 1283 1067 1347 tradita
1084 1283 1168 1348 Nolo
1183 1286 1342 1366 potiretur.

284 1367 450 1448 potiturum
464 1368 551 1444 euim,
566 1378 600 1430 ut
616 1369 721 1450 Capua
738 1369 926 1452 Nuceriaque
944 1369 1057 1450 potitur
1074 1379 1170 1432 esset:
1192 1371 1345 1455 seuquid
1375 1384 1378 1390 '

136 1526 140 1534 ⁴
287 1453 367 1516 inter
390 1453 502 1534 Capuae
524 1453 717 1539 Nuceriaque
728 1452 887 1536 sarnanum
909 1453 1072 1532 interesset,
1092 1456 1174 1536 ipsos
1193 1475 1283 1538 prope
1310 1457 1343 1521 iu

180 1573 188 1583 -
287 1538 385 1603 medio
397 1538 469 1602 sitos
479 1539 617 1604 Nolanos
631 1541 717 1603 scire.
761 1540 851 1604 Nolle
863 1539 1000 1616 ominari,
1016 1543 1266 1624 quoecuptaeurbi
1277 1563 1341 1605 ces-

286 1622 491 1706 suraforent:
513 1627 567 1688 sed
585 1626 685 1706 potius
701 1628 854 1708 spondere,
868 1629 898 1690 si
912 1626 1092 1691 Marcellum
1114 1647 1181 1690 cum
1199 1629 1359 1710 prasidio,

287 1729 325 1774 ac
351 1711 465 1776 Nolam
488 1711 688 1787 tradidissent,
711 1713 855 1775 uerrinem
881 1712 982 1787 alitam
1007 1734 1095 1796 quam
1119 1714 1210 1795 ipsos,
1235 1714 1340 1798 legem,

285 1818 348 1882 quo
368 1797 400 1860 in
422 1799 589 1862 scrutatam
616 1797 842 1882 amicitiamque
866 1797 1048 1863 Hannibalis
1075 1799 1219 1880 venirent,
1245 1801 1341 1865 dicta
1430 1828 1432 1834 ·

285 1905 367 1948 rum.
628 1937 634 1944 .
1020 1939 1022 1944 .

327 1949 452 2034 xilv.
474 1970 529 2034 Ad
551 1993 588 2034 ea
610 1969 793 2036 Herennius
809 1972 924 2035 Bassus
944 1970 1124 2056 respondit:
1148 1970 1265 2058 Multos
1283 1992 1340 2036 an·

284 2055 415 2141 nosjam
427 2058 503 2120 inter
518 2057 686 2121 Romanum
701 2057 910 2142 Nolanumque
928 2058 1071 2140 populum
1085 2057 1249 2122 amicitiam
1264 2079 1339 2136 esse,

284 2141 367 2228 cujus
384 2153 504 2206 neutros
523 2145 565 2206 ad
586 2165 654 2207 earn
668 2144 745 2207 diem
769 2145 930 2224 portuen,-
952 2154 984 2207 et
1004 2144 1103 2208 sibisi
1125 2163 1192 2208 cum
1205 2141 1340 2224 fortuna

283 2229 517 2309 mutandofides
523 2227 640 2310 suerat,
655 2229 737 2293 'sero
747 2229 820 2312 jam
836 2251 898 2294 esse
918 2239 1032 2293 mutare
1048 2251 1126 2293 eam.
1149 2230 1293 2294 dedituris
1306 2251 1340 2295 se

136 2387 140 2396 q
284 2317 455 2382 Hannibali
467 2337 527 2379 noa
537 2314 639 2396 fuisse
652 2317 862 2379 arcessendum
876 2316 1049 2378 Romnum
1060 2315 1255 2398 padanus
1272 2337 1338 2380 mm

230 2477 235 2486 ι
281 2403 327 2478 iis,
344 2404 396 2486 qui
409 2404 453 2466 od
463 2423 498 2465 se
511 2403 631 2466 tuendos
644 2403 800 2479 venissent,
812 2401 914 2465 ornnio
923 2400 981 2464 sibi
993 2410 1023 2465 et
1037 2423 1101 2465 esse
1115 2401 1293 2478 connodata,
1310 2412 1339 2465 et

282 2490 325 2552 ad
338 2485 561 2568 ultimumscre.
606 2486 683 2551 Hoc
696 2487 900 2573 conloquium
914 2487 1042 2552 abstulit
1055 2507 1141 2571 spem
1158 2485 1338 2552 Hannibali

212 2622 221 2641 .
281 2595 340 2659 per
357 2573 568 2657 proditionem
591 2573 779 2657 recipiendae
794 2572 897 2637 Nolae.
919 2573 1025 2658 itaque
1045 2572 1196 2658 oppidum
1219 2594 1338 2639 corona

281 2657 501 2735 circumdedit,
518 2671 554 2722 ut
570 2657 662 2722 simul
683 2658 724 2722 ab
744 2659 831 2722 omni
853 2669 941 2742 porte
962 2659 1080 2722 moenia
1099 2657 1337 2745 adgrederetur.

282 2744 390 2823 Quem
409 2757 446 2809 ut
466 2743 653 2828 subcessisse
674 2745 773 2807 muris
789 2743 959 2808 Marcellus
974 2743 1064 2823 vidit,
1078 2744 1232 2809 instructa
1253 2745 1339 2810 intra

279 2845 406 2920 portam
420 2830 498 2906 acie,
514 2851 586 2894 cum
604 2851 719 2916 magno
733 2829 871 2895 tumultu
892 2830 1007 2916 erupit.
1029 2829 1148 2915 aliquot
1168 2831 1273 2914 primo
1287 2829 1337 2894 in-

200 2914 203 2927 '
279 2931 358 3004 petu
379 2917 515 3004 perculsi
537 2915 672 3002 cresique
697 2928 770 2980 sunt
777 2940 786 2993 3
810 2917 894 2994 dein,
917 2937 1074 2980 concursu
1096 2915 1138 2981 sd
1159 2928 1336 3003 pugnantes

279 3004 375 3085 facto,
401 3003 593 3090 aequatisque
613 3000 742 3080 viribus,
765 3015 857 3068 stror
877 3002 973 3086 coepit
992 3023 1057 3066 esse
1077 3023 1192 3088 pugna
1215 3012 1336 3066 memo-

278 3091 451 3176 rabilisque
471 3090 554 3154 inter
576 3109 691 3172 paucas
704 3087 821 3166 suisset,
838 3087 870 3152 ni
891 3087 1071 3175 ingentibus
1092 3087 1237 3173 procellis
1254 3087 1335 3154 effu-
1445 3149 1450 3158 .

278 3199 332 3242 sus
344 3175 446 3242 imber
460 3175 635 3242 diremisset
656 3189 841 3261 pugnantes.
885 3173 937 3239 Eo
950 3173 1002 3239 die
1023 3174 1190 3238 commisso
1206 3173 1335 3238 modico

279 3263 461 3342 certamine,
481 3273 575 3349 atque
596 3261 724 3326 irritatis
744 3261 869 3338 animis,
884 3260 918 3324 in
939 3262 1050 3324 urbem
1074 3259 1222 3336 Romani,
1239 3259 1334 3324 Poeni

278 3350 313 3416 in
327 3361 429 3418 castra
443 3373 511 3414 sese
525 3359 720 3432 receperunt.
742 3361 846 3412 tamen
860 3347 1053 3411 ‘Poenorum
1074 3344 1178 3431 primo
1191 3345 1334 3430 eruptio·

263 3457 320 3509 ne
338 3436 477 3525 perculsi
497 3433 681 3502 cecideruut
697 3433 785 3498 haud
807 3433 989 3520 plusquam
1011 3433 1151 3519 triginta,
1169 3431 1333 3497 Marsuae

622 3663 625 3672 .
702 3600 718 3640 ¹²
731 3604 835 3651 Pettium
846 3601 916 3650 Cret.

309 3779 343 3829 99
358 3773 534 3836 Perculsae
553 3783 641 3818 nomen
664 3769 710 3816 hoc
731 3769 789 3815 sorl-
820 3767 865 3815 tur.
896 3763 986 3827 Irnlrr]
1003 3763 1061 3814 Put.
1078 3763 1181 3810 muana
1197 3759 1270 3808 ltierr
1291 3771 1334 3806 m-

277 3845 345 3894 bitur
362 3843 389 3888 in
409 3839 521 3902 plurimis
541 3836 611 3884 codd
641 3833 722 3894 Vulgo
739 3832 790 3895 ,Po-
820 3845 865 3892 pra
890 3831 1021 3877 munmm
1045 3829 1154 3874 litterum
1183 3824 1333 3898 adscriptum

277 3909 360 3956 anm
820 3901 859 3942 est
879 3909 903 3941 rr.
936 3894 997 3941 Inde
1017 3893 1140 3954 ingeniose
1158 3889 1255 3950 conjicit
1270 3888 1333 3934 Gro-

312 3953 673 4033 l'IpmrtimquamAurrllalis]
691 3961 789 4022 Suppri-
821 3961 908 4007 nonno
921 3957 1022 4004 Romani
1038 3958 1071 4005 L.
1086 3957 1137 4002 siva
1154 3952 1331 4030 quinquagina·

277 4034 481 4094 mtturnugtrex
496 4043 565 4076 more
579 4027 678 4089 optimis
689 4027 791 4088 scripto-
820 4023 905 4071 Imber.
938 4021 1013 4068 Favet
1033 4022 1070 4068 illi
1087 4019 1249 4094 emendamur
1267 4027 1332 4062 unm

279 4095 586 4149 ribusinterdumusitato.
708 4127 710 4134 .
821 4087 982 4134 enostrirvel
998 4087 1097 4146 optimae
1112 4088 1186 4138 notre,
1199 4095 1242 4142 qm
1258 4081 1332 4126 babet

311 4163 401 4212 adero
412 4163 468 4223 jum
481 4157 539 4221 erec]
564 4157 655 4206 Melius
671 4155 788 4203 fortassee
821 4153 923 4199 ramat
948 4150 1035 4197 Imber.
1067 4149 1207 4196 Numerum
1234 4157 1332 4206 quoque

277 4243 363 4280 remim.
395 4227 558 4274 Gaonomus.
821 4218 921 4278 triginta
940 4214 1031 4261 falsum
1049 4217 1120 4274 putat
1138 4210 1285 4266 Gronovius,
1305 4212 1332 4256 et

310 4291 495 4342 saeuum.
510 4320 517 4334 .
534 4285 709 4336 ..ceciderant
727 4281 790 4328 laud
819 4276 1166 4344 proeolegipossetrenntt..

273 4358 399 4423 plusquam
418 4356 533 4419 tergun.-
560 4352 719 4402 mucrona
735 4345 788 4394 nul·
