3060 4960
394 135 396 144 s
464 187 557 246 LlB.
579 185 678 246 XXX.
706 183 807 244 CAP.
829 183 947 244 XLIII.
1171 188 1230 251 589

167 365 245 410 nouo
272 347 351 412 botta
364 344 498 428 fortune
523 351 574 428 sit,
599 351 766 432 inpotentes
794 349 905 412 latitia
933 347 1075 412 imane.
1113 346 1230 428 Populo
1238 359 1305 404 Utc·
1318 363 1375 404 ⁵⁶1.

167 428 308 502 Reium
316 435 428 500 usitata
450 458 487 502 ac
497 449 592 519 prope
596 436 669 522 jam
683 436 815 500 obsoleto
829 457 867 498 ea
882 435 1009 499 uictoria
1022 432 1141 517 gaudia
1154 425 1267 515 estest*
1279 424 1309 472 ⁶·
1320 429 1376 470 ²⁰¹·

168 538 205 582 ac
217 519 287 600 plus
298 526 536 604 peneparoenelo
550 525 641 601 uictis,
658 544 749 607 quam
762 523 913 598 macentia,
929 521 1087 603 imperium
1101 521 1228 584 aarum.
1380 517 1385 526 ’

168 603 356 670 Ceterorum
370 608 396 692 ΤΞ
408 609 616 674 miserabilior
629 609 732 674 oratio
748 608 818 686 fuit,
835 606 1161 682 commemorantium,
1178 608 1232 670 Ee

159 695 290 775 ‚monta
303 695 408 776 opibus
428 719 485 780 qua
506 698 677 761 recidissent
690 695 986 780 Karthaginiensium
1001 715 1059 759 res.
1082 693 1163 756 nibil*
1177 695 1229 770 eis,

166 779 220 861 qui
234 782 323 843 morlo
336 783 436 846 orbem
454 805 546 865 prope
566 794 716 850 terrarum
735 783 927 847 obtinuissent
948 780 1229 863 erumperent,

164 874 278 944 preter
290 867 499 968 Karthaginis
511 871 632 934 mania.
676 870 721 934 Its
734 869 873 945 inclusos,
888 890 945 932 noo
966 878 1056 944 terro,
1072 887 1132 930 aon
1152 867 1232 932 mari

168 951 336 1037 quidquam
349 956 484 1040 suijuris
497 979 627 1022 cerame.
676 957 787 1022 Urbem
800 977 920 1039 quoque
940 955 1047 1036 ἐρεαηι,
1055 975 1093 1016 ac
1103 963 1232 1034 penates

168 1036 388 1120 ito-habituros,
403 1043 431 1106 si
444 1065 501 1108 tun
515 1045 549 1106 in
565 1066 604 1108 ea
618 1064 743 1128 quoque,
760 1064 819 1128 quo
833 1041 908 1105 uilul
921 1041 1042 1104 ulterius
1061 1040 1111 1119 sit,
1127 1040 1232 1104 saeaiw

165 1125 296 1208 populus
320 1129 479 1196 &manus
505 1131 588 1194 velit.
633 1129 744 1205 Quam
769 1128 853 1194 flecti
880 1125 1096 1191 misericordia
1120 1124 1232 1190 Patres

167 1207 343 1292 adpareret,
356 1227 537 1282 senatorum
553 1239 653 1282 unum
667 1215 814 1280 infestum
828 1213 973 1300 perfidias
984 1211 1231 1300 Karthaginien·

159 1296 248 1360 ¹siam
265 1299 477 1368 subclamasse
490 1302 605 1381 ferunt,
626 1305 687 1369 Per
701 1323 776 1388 quos
790 1303 878 1366 Deos
890 1297 998 1382 fedus
1018 1299 1107 1364 icturi
1125 1308 1230 1374 essent,

169 1403 259 1465 quum
273 1407 333 1462 ecs,
346 1410 402 1468 per
452 1412 485 1454 os
498 1400 571 1454 ante
584 1392 673 1454 ictum
695 1399 780 1464 esset,
788 1385 1002 1469 fefellissent?
1024 1388 1090 1450 Per
1104 1386 1231 1461 eosdma,

167 1467 201 1530 in
227 1469 272 1533 uit
291 1412 483 1554 Hasdruiial,
493 1477 548 1560 qui
563 1487 626 1540 tam
639 1475 742 1557 instuli
754 1485 820 1539 sunt
826 1470 951 1555 federa
964 1473 1152 1560 muniam.

253 1555 348 1622 LIII.
371 1559 535 1626 Inclinatis
549 1562 693 1628 omnium
707 1561 750 1626 ad
769 1581 880 1646 pacem
895 1558 1018 1636 animis,
1036 1558 1097 1623 Cn.
1114 1561 1233 1622 Lentu-

168 1638 218 1706 lus
232 1645 351 1723 consul,
368 1647 420 1710 cui
435 1647 542 1713 classis
565 1649 730 1734 provincis
751 1644 1116 1724 e1·at,senatusconsulto
1136 1647 1233 1708 inter·

162 1729 270 1792 cessit.
294 1730 380 1796 Tum
395 1733 421 1778 ⁷⁶
433 1733 493 1799 M'.
509 1735 633 1800 Acilius
649 1734 740 1812 etQ.
757 1732 922 1800 Minucius
936 1724 1058 1796 tribuni
1076 1730 1178 1816 plebis
1192 1729 1394 1796 ,dercensium

169 1815 324 1900 populum
345 1819 497 1898 tulerant,
528 1823 651 1900 Vellent,
662 1820 843 1906 jaceatne
860 1829 995 1884 saecum
1016 1820 1182 1897 decernere,
1199 1800 1345 1884 αἰψ’·

170 1921 237 1965 oum
252 1905 554 1993 Karthaginiensibus
570 1929 638 1992 pax
647 1908 761 1988 fieret.-
784 1918 813 1972 et
835 1915 924 1991 quem
938 1925 1006 1968 eam
1026 1926 1133 1986 pacem
1147 1907 1232 1982 dare,

76 2057 80 2064 ,
168 2009 314 2075 quemque
339 2015 377 2058 ee·
391 1993 505 2078 Africa
528 1997 675 2060 eaerulus
699 1998 858 2076 deportare
874 1989 1038 2078 joannet
1081 1990 1134 2056 De
1154 2013 1235 2075 pace

131 2085 135 2092 '
156 2073 195 2118 ·⁷⁷
206 2076 252 2140 uti
267 2096 440 2166 rogassent,
455 2103 564 2149 omncs
579 2081 680 2146 tribus
688 2081 869 2167 jusserant:
892 2099 1002 2163 pacem
1018 2077 1095 2142 dare
1112 2077 1148 2141 P.
1166 2075 1233 2143 sei.

168 2161 308 2244 pionem,
335 2167 481 2232 eumdem
505 2169 662 2234 exercitus
683 2169 861 2253 deportare.
907 2165 961 2230 Ex
987 2163 1048 2228 hac
1068 2163 1234 2251 rogatione

169 2262 295 2314 senatus
317 2252 466 2332 decrevit,
483 2267 519 2322 ut
535 2256 573 2320 Ρ.
590 2255 698 2339 Scipio
718 2277 759 2318 ex
776 2254 884 2318 decern
908 2251 1084 2340 legatorum
1107 2263 1266 2322 senten-ss
1278 2263 1307 2310 c.
1318 2262 1346 2308 ue

169 2334 215 2400 tia
228 2359 338 2421 pacem
355 2361 427 2404 oum
449 2342 569 2427 populo
586 2341 855 2429 Karthaginiensi,
872 2339 986 2426 quibus
1006 2338 1171 2425 legibusei
1186 2339 1304 2402 vi-W‘·
1345 2377 1348 2384 .
1367 2409 1369 2420 Ι

119 2493 124 2506 ,
169 2420 308 2505 deretur,
323 2424 448 2492 faceret.
493 2429 620 2494 Gratias
641 2428 759 2496 deiude
775 2426 923 2492 Patribus
943 2447 1035 2508 egere
1059 2414 1233 2511 Kbuhagi·
1270 2436 1273 2444 ’
1344 2507 1348 2522 Ι

165 2508 302 2590 ruienses,
318 2511 551 2601 petieruntque,
567 2528 604 2581 ut
617 2515 676 2579 sibi
693 2515 725 2578 in
742 2513 853 2580 urbem
869 2513 1014 2593 introire,
1029 2524 1061 2575 et
1083 2511 1233 2599 conloqui

163 2617 241 2680 ,cum
258 2598 378 2664 civibus
393 2601 457 2665 suis
470 2601 589 2681 liceret,
600 2602 657 2688 qui
672 2601 757 2686 capiti
770 2600 804 2664 in
818 2598 947 2685 publica
962 2598 1105 2663 custodia
1120 2597 1234 2662 essent.

168 2705 234 2748 csse
250 2685 334 2750 iniis
349 2687 464 2770 partim
480 2691 677 2775 propinquos
696 2689 876 2774 amicosque
889 2709 973 2762 suos,
986 2684 1108 2750 nobiles
1129 2684 1234 2749 hornis

169 2791 243 2847 ⁰⁶⁵3
263 2772 520 2861 partimadquos
534 2760 1082 2860 mindataapropinquisbeberent.
1105 2770 1234 2846 Quibus

167 2859 342 2938 corruentis,
357 2882 456 2946 quum
473 2884 580 2928 rursus
594 2873 749 2948 peterent,
765 2873 800 2926 ut
818 2860 888 2935 sibi,
905 2881 984 2945 quos
993 2858 1124 2936 vellem,
1140 2881 1180 2922 ex
1196 2858 1233 2924 iis
1334 2883 1339 2898 ·

170 2942 347 3010 redimendi
372 2961 511 3032 potestas
533 2949 643 3030 fieret3
662 2949 741 3034 jussi
771 2946 904 3030 nomIna
929 2945 1048 3032 edere:
1064 2956 1106 3023 et,
1134 2967 1233 3030 quum

165 3027 320 3096 ducentos
333 3031 432 3098 ferme
440 3023 579 3116 ederint,
593 3032 902 3102 senatusconsultum
917 3031 1114 3116 factumest,
1135 3033 1177 3097 Ut
1193 3033 1234 3096 le·

166 3119 239 3200 gali
252 3119 386 3184 Romani
395 3124 537 3188 autentos
546 3147 584 3186 eu·
594 3123 731 3206 captiuis,
744 3141 819 3204 quos
828 3119 1105 3204 Karthaginienses
1114 3119 1233 3196 uellent,

170 3205 212 3266 ad
228 3206 270 3270 P.
287 3208 452 3274 Cornelium
479 3211 647 3294 Scipionem
667 3209 700 3272 in
714 3206 856 3289 Africam
879 3207 1086 3288 deportarent.-
1109 3206 1234 3268 amuda·

166 3299 289 3374 eantque
303 3296 339 3369 ei,
356 3305 399 3371 ut,
415 3297 518 3378 sipon
532 3297 721 3372 conomisseu
736 3295 800 3358 siae
818 3294 916 3374 ructio
930 3313 981 3356 eos
995 3291 1234 3376 Karthaginien·

167 3377 249 3441 siben
262 3383 409 3448 redderet.
455 3383 483 3446 F
483 3381 593 3448 eciales
608 3403 706 3469 quum
728 3383 760 3444 ln
777 3379 918 3444 Africam
940 3377 980 3444 ad
1003 3376 1104 3442 foedus
1120 3376 1352 3442 serien-recuro.

168 3462 246 3528 dum
269 3467 316 3531 ire
332 3468 538 3553 juberentur3
560 3469 634 3553 ipsis
656 3465 900 3552 postulantibus,
923 3466 1232 3530 senatusconsultum

168 3551 201 3614 in
217 3551 287 3616 haec
309 3553 404 3618 verba
425 3549 621 3619 factumest:
650 3557 693 3619 Ut
705 3553 838 3637 l⁸prioos
860 3553 974 3635 lapides
996 3552 1100 3627 silices,
1115 3552 1233 3634 priuas-

168 3663 226 3724 que
239 3639 265 3682 ⁷⁹
274 3643 418 3716 ambesas
430 3663 527 3706 secum
529 3641 672 3724 ferrent:
693 3641 739 3705 uti
752 3640 893 3723 8⁰portitor
909 3639 1065 3704 Romanus
1080 3639 1127 3702 bis
1139 3639 1233 3720 impe-

167 3829 248 3878 animo
266 3832 416 3880 immodiutm
436 3832 552 3890 letitiam.
573 3833 603 3882 ud
619 3834 683 3882 intu-
716 3834 812 3882 v1.ss.

168 3896 231 3942 ulam
244 3897 327 3944 efferri.
749 3899 896 3950 assertam
914 3898 1005 3958 lapides
1028 3893 1118 3957 udices]
1146 3895 1234 3942 Prinos

202 3955 435 4026 75‘Miserobilioe]
458 3966 534 4022 Manis
552 3979 682 4016 accommc-
715 3965 777 4014 idem
794 3971 832 4012 cst
845 3979 873 4011 ac
889 3964 1005 4024 singulos.
1038 3961 1145 4023 Lapides
1154 3962 1234 4008 silices

168 4027 225 4072 data
235 4029 263 4076 ad
275 4031 414 4076 movendam
427 4031 611 4084 miserabamur.
716 4031 750 4077 sic
765 4031 823 4077 dicit
842 4030 888 4075 hoo
905 4029 956 4075 loco
973 4027 1064 4086 Lirim,
1080 4033 1196 4089 utsupra
1213 4025 1232 4072 I.

202 4096 233 4140 76
249 4094 319 4140 Mon.
331 4091 439 4158 Acilius]
458 4097 568 4156 Vulgati,
579 4095 682 4144 Atilius.
716 4103 757 4144 st.
773 4095 925 4144 Scantillae.
942 4095 988 4141 viu
1000 4093 1033 4140 ibi
1047 4098 1098 4141 not.
1111 4100 1151 4142 74.

168 4157 274 4204 Mutavit
285 4161 335 4206 Jac.
354 4161 500 4218 Gronovius,
512 4161 618 4208 cumdem
633 4176 680 4208 me·
748 4167 778 4210 79
799 4155 1234 4222 Verbmas...sagmina]Vid.uct.

168 4223 215 4269 rito
226 4229 291 4270 ratus
311 4239 372 4284 esse,
385 4225 454 4285 cujus
465 4227 556 4273 mentIo
567 4226 630 4272 facta
646 4231 683 4272 est
714 4229 756 4273 63.
764 4227 794 4274 ab
803 4228 818 4273 1.
832 4225 852 4273 1.
863 4241 883 4272 c.
895 4231 935 4272 2⁴.

167 4303 269 4349 caprae.
283 4296 323 4337 4ο.
370 4301 371 4306 ’
749 4293 907 4338 80*Proetor
924 4283 1234 4352 ...presumpturo-

199 4361 229 4405 77
239 4357 254 4389 *
264 4355 307 4403 Uti
316 4352 452 4418 rogassent]
469 4355 523 4402 vid.
540 4361 589 4402 not.
604 4360 642 4405 59.
654 4357 683 4406 ad
716 4358 893 4406 remanebimus
911 4357 950 4404 hic
968 4357 1066 4416 antique
1080 4357 1171 4404 dictum
1189 4370 1232 4419 pro
