3122 4962
504 147 751 228 srauxvn.
777 166 880 225 cnr.
903 166 943 226 u.
1197 174 1253 235 sn
1318 147 1325 156 '

191 328 335 418 peditum
359 330 532 396 certamine
556 329 647 396 multi
671 329 857 396 cecidissent
881 331 1113 410 Romanorum,
1135 345 1399 400 ausoniaene.

191 431 297 482 tamen
312 417 439 482 ordines
453 418 618 518 signaque,
633 417 786 518 equestris
800 440 821 480 a
834 429 924 505 tergo
938 417 1103 496 tumultus,
1126 420 1220 484 simul
1234 415 1293 486 ,n
1305 411 1398 464 ⁰·'²¹⁰·

151 581 154 586 ¹
189 502 301 568 metris
323 507 444 568 clamor
462 503 584 569 hostilis
598 503 737 581 auditus,
751 515 872 568 sextam
892 516 964 568 ante
985 503 1152 590 legionem,
1167 527 1251 594 quse,

190 590 223 654 in
239 590 379 655 secunda
392 591 460 668 acie
479 590 591 675 posits,
607 590 696 675 prior
710 589 751 654 ab
766 587 916 654 Numidis
931 590 1057 656 turbate
1071 606 1133 670 est3
1157 594 1252 679 quin·

190 689 256 740 tsm
276 675 392 742 deinde
410 690 506 764 atque
528 699 594 754 eos,
619 677 674 762 qui
695 675 859 762 adprime
884 676 975 762 signa
1000 692 1103 759 eraut,
1127 681 1250 746 evertit.

190 761 270 828 Pars
292 763 326 828 iu
345 762 454 850 fugam
474 763 577 841 effusi,
597 785 670 848 pars
690 762 722 826 in
743 763 849 826 medio
868 765 959 828 cresi:
984 763 1036 828 ubi
1059 779 1092 830 et
1106 767 1172 850 ipse
1189 766 1250 834 Cn.

190 849 322 914 Fulvius
332 872 405 914 cum
416 849 564 916 undecim
576 849 711 915 tribunis
722 848 860 914 militum
871 849 993 914 cecidit.
1030 850 1250 918 Romanorum

188 935 410 1024 sociorumque
424 949 503 1023 quot
517 959 598 1002 coesa
612 936 646 1000 in
661 934 780 1020 proelio
802 935 902 1000 millis
915 935 988 1013 sint,
1004 937 1075 1023 quis
1088 959 1149 1024 pro
1163 953 1251 1006 certo

187 1021 360 1087 adfirmet?
381 1045 479 1109 quum
490 1022 639 1089 tredecim
654 1021 754 1086 millia
767 1020 854 1099 alibi,
868 1022 944 1086 alibi
958 1021 1043 1088 haud
1056 1022 1136 1108 plus,
1174 1049 1248 1092 uam

187 1121 319 1194 septem,
336 1109 503 1174 inveniam.
549 1109 669 1174 Castris
683 1107 856 1194 proedsque
866 1108 968 1174 victor
981 1109 1115 1194 potitur.
1152 1049 1248 1178 ller-
1258 1127 1413 1176 Herdoneam

188 1193 338 1273 donesm,
360 1198 435 1281 quia
456 1210 488 1261 et
509 1194 701 1260 defecturam
719 1193 815 1259 fuisse
833 1193 875 1260 ud
900 1195 1062 1262 Romanos
1084 1201 1247 1284 comperit,
1257 1193 1331 1281 ⁶⁰¹&
1342 1194 1411 1254 ⁰Pll·

187 1302 247 1346 nec
262 1304 445 1348 mansuram
460 1280 583 1357 infide,
599 1283 626 1346 si
640 1282 713 1346 inde
723 1281 928 1358 abscessisset,
945 1281 1149 1350 multitudine
1159 1288 1247 1350 omni
1257 1260 1380 1378 {mlle

188 1366 415 1454 Metapontum
429 1393 467 1434 sc
482 1367 624 1434 Thurios
638 1367 793 1446 traducta,
809 1368 965 1434 incendit:
989 1369 1146 1436 ⁴occiditd
1159 1371 1331 1458 prin-juset.
1386 1358 1389 1375 ¹

184 1454 283 1539 cipes,
299 1456 353 1542 qui
375 1477 447 1520 cum
475 1453 588 1520 Fulvio
602 1454 771 1540 conloquia
784 1453 908 1520 occulta
928 1454 1074 1522 babuisse
1094 1461 1248 1543 comperti

187 1553 269 1606 suut.
317 1543 465 1619 Romani,
480 1541 592 1628 quiex
606 1553 695 1606 tanta
709 1541 797 1606 clade
819 1556 992 1620 evaserant,
1009 1543 1137 1608 diversis
1156 1545 1248 1610 itine-

186 1628 276 1710 ribus
290 1642 476 1695 semermes‘
493 1627 535 1692 sd
552 1626 743 1693 Marcellum
764 1627 925 1694 consulem
940 1629 972 1694 in
990 1630 1156 1696 Samnium
1177 1653 1249 1717 per·

261 1727 345 1780 runt.

251 1801 277 1866 Ι.
302 1799 485 1877 Marcellus,
500 1799 580 1864 nihil
595 1799 765 1876 admodum
781 1812 868 1866 tanta
882 1800 972 1868 clade
986 1803 1126 1881 territus,
1141 1803 1249 1870 literas

188 1886 326 1952 Romam
338 1887 378 1952 sd
390 1900 535 1952 senatum
544 1887 584 1952 de
593 1886 675 1952 duee
684 1899 716 1952 et
727 1887 870 1952 exercitu
880 1887 920 1952 sd
934 1887 1143 1958 Herdoneam
1155 1893 1249 1960 amis·

184 1996 221 2037 so
235 1973 355 2040 scribit.
376 1985 515 2050 ceteram,
532 1975 662 2038 eamdem
681 1996 723 2052 se,
742 1976 798 2058 qui
814 1983 885 2056 post
906 1975 1093 2042 Cannensem
1109 1999 1250 2064 Ριῳιαιιι

171 2061 311 2144 seruam
320 2062 452 2146 victoria
463 2060 674 2126 Hannibalern
681 2061 874 2136 comederet,
886 2062 935 2125 irc
942 2063 1086 2126 aduersus
1093 2085 1169 2141 eum,
1181 2066 1249 2130 bre-

184 2169 247 2212 oem
263 2149 315 2212 illi
327 2149 482 2223 letitiam,
497 2167 558 2230 quo
571 2147 886 2230 exsultetsoctmnm.
932 2146 975 2212 Et
991 2147 1106 2213 Romae
1120 2149 1249 2235 quidem

185 2255 283 2384 ἓιὲιιιιι
295 2232 399 2298 luctus
415 2233 526 2319 ingens
537 2254 577 2297 ex
592 2234 766 2316 praeterito,
782 2243 849 2296 tum
863 2232 960 2296 timor
969 2233 1003 2296 in
1014 2232 1157 2300 futurum
1169 2250 1248 2302 erat.

237 2318 319 2400 usui,
329 2343 369 2384 ex
383 2319 513 2384 Samnio
524 2319 556 2382 in
568 2321 711 2384 Lucanos
723 2331 948 2404 transgressus,
957 2319 998 2384 sd
1009 2321 1248 2388 Numistronem
1257 2349 1388 2396 mercerius

182 2404 217 2470 in
240 2419 410 2492 conspectu
432 2403 625 2470 Hannibalis
648 2405 719 2470 loco
741 2404 847 2490 pleno,
870 2427 967 2491 quum
992 2406 1110 2472 Poenus
1133 2409 1395 2476 collemfldflssnni·

184 2505 317 2570 teneret,
343 2492 449 2577 posuit
473 2505 584 2562 castra.
602 2490 774 2557 '⁶Addidit
787 2504 819 2558 et
833 2490 926 2556 aliam
948 2491 1074 2558 fidentis
1096 2479 1401 2591 speciemfflffssfffl'

182 2578 271 2681 qaod
291 2580 381 2664 prior
403 2579 436 2642 in
458 2577 558 2644 aciem
582 2576 705 2644 eduxit.
727 2599 787 2642 nec
808 2579 993 2644 detrectavit
1016 2579 1194 2662 Hannibal,
1210 2596 1247 2650 ut

182 2688 274 2753 sigua
287 2666 388 2752 portis
401 2663 505 2730 efferri
521 2663 608 2728 vidit.
655 2663 704 2728 lts
718 2677 823 2730 tamen
842 2666 942 2732 aciem
965 2665 1196 2752 instruxerunt,
1211 2686 1248 2737 ut

184 2751 304 2818 Poenus
315 2751 465 2818 dextrum
479 2772 586 2842 cornu·
595 2749 628 2814 in
642 2751 754 2816 collem
770 2751 914 2837 erigeret,
932 2752 1072 2818 Romani
1086 2755 1247 2822 sinistrum

181 2839 222 2906 ad
238 2838 390 2926 oppidum
407 2837 615 2924 adplicarent.
658 2837 735 2902 “Ab
748 2836 829 2904 bora
843 2839 935 2903 tertia
949 2861 1046 2925 quum
1063 2841 1104 2910 ad
1119 2854 1246 2914 noctem

426 3022 439 3060 ⁴
455 3023 580 3086 sciditque
591 3023 667 3074 Gron.
763 3028 775 3056 e
791 3025 921 3072 ramleram
930 3025 1002 3078 Creu.

214 3193 339 3244 tondit
352 3193 484 3257 principes]
502 3193 695 3241 Delevimusco·
728 3201 807 3242 stante
835 3195 1001 3242 Romanorum
1029 3196 1067 3242 his
1094 3200 1243 3258 temporibus

180 3259 326 3321 pulativam,
344 3260 484 3308 auctoribus
505 3257 560 3306 Put.
583 3265 608 3304 et
627 3257 693 3306 Vict.
727 3273 804 3314 more,
817 3265 871 3306 tum
883 3273 913 3306 ex
930 3273 950 3307 c.
963 3259 1002 3306 28.
1020 3260 1037 3305 1.
1049 3261 1147 3310 xxvi.
1175 3263 1243 3308 Mar-

180 3323 313 3371 codicibus·
727 3325 817 3369 cellum
832 3325 944 3370 habuisse
956 3322 1127 3372 tantummodo
1137 3327 1197 3372 duas
1208 3328 1243 3374 ls-

214 3387 388 3435 6'Addiditet
399 3388 469 3435 altam
478 3386 693 3450 Jtdmtisrpeeicns]
726 3389 820 3448 giones,
832 3393 857 3433 et
872 3401 955 3447 parem
974 3401 1104 3435 numerum
1122 3391 1241 3440 sociorum

117 3452 119 3463 '
179 3453 280 3500 Addidit
290 3460 316 3500 ct
326 3453 403 3512 atiud,
415 3467 445 3500 ex
460 3467 510 3514 quo
526 3452 639 3499 fiduciam
655 3452 695 3497 iti-
727 3453 752 3498 in
771 3453 832 3499 duas
848 3452 953 3499 divisum
965 3452 1023 3499 alsa.
1038 3503 1043 3511 ‚
1059 3453 1242 3504 Secundadiffl.

178 3520 235 3564 dem
270 3524 391 3564 ostentare
427 3517 563 3564 videreturs
597 3529 694 3576 nempe,
725 3517 962 3576 cultasineoposlta
972 3522 1019 3571 est,
1029 3520 1094 3578 quod
1106 3531 1182 3579 quum
1194 3523 1242 3580 pri.

178 3585 243 3644 qnod
255 3582 321 3642 prior
331 3583 415 3629 eduxit
425 3582 516 3628 milites
526 3581 552 3626 in
563 3582 648 3628 aciem.
726 3595 775 3627 mse
786 3582 849 3629 acies
865 3582 896 3628 cd
915 3586 1013 3628 noctem
1032 3595 1141 3643 pugnem
1158 3591 1242 3631 exten.

211 3645 281 3692 nAt
301 3647 359 3692 horo
380 3647 461 3710 mio]
485 3647 515 3692 ln
537 3646 582 3692 hac
604 3658 693 3706 pugnas
725 3646 921 3703 dissedicantur,
934 3646 999 3692 haud
1014 3648 1242 3708 astistemporisad

177 3711 338 3770 descriptione
360 3713 409 3758 duo
431 3712 546 3758 lectorem
570 3717 692 3760 attentum
725 3713 884 3770 pugnandum
892 3712 1242 3774 superessepotuissssidetur,

178 3777 267 3822 morari
278 3783 377 3836 queant.
410 3775 531 3831 Primum,
542 3777 607 3833 quod
621 3774 692 3820 intel·
726 3782 753 3820 ut
770 3781 795 3822 et
809 3776 895 3835 primae
914 3775 1016 3834 legionis
1032 3789 1061 3822 sc
1077 3777 1183 3825 dextere
1194 3782 1241 3826 alst

177 3841 221 3900 ligi
241 3853 289 3886 non
306 3846 394 3900 potest,
417 3853 473 3899 quse
495 3840 521 3884 in
541 3839 587 3884 hoc
608 3838 693 3897 praelio
724 3851 807 3900 pugna
831 3853 888 3886 cum
911 3841 1016 3886 secunda
1038 3841 1089 3887 acie
1111 3843 1240 3890 Poenorum

177 3904 258 3964 prims
274 3906 338 3951 acies
360 3905 526 3950 Romanorum
547 3903 629 3950 inerit.
662 3903 692 3948 in
724 3905 767 3950 diu
783 3904 878 3951 steterit
888 3909 975 3950 neutro
985 3905 1117 3961 inclinium
1135 3914 1160 3954 et
1174 3915 1243 3968 post.

176 3981 206 4014 eo
216 3969 289 4015 euim·
300 3969 387 4028 primes
403 3969 463 4016 setes
479 3968 621 4015 successisse
633 3968 694 4014 dici·
725 3981 753 4014 ea
763 3969 840 4015 alters
858 3969 921 4028 legio
934 3973 959 4013 et
976 3969 1051 4016 ultera
1062 3972 1102 4018 als
1113 3986 1205 4018 novum
1215 3982 1240 4019 et

177 4037 218 4079 tur
235 4035 315 4092 prims
333 4034 396 4094 legio
412 4041 437 4080 et
453 4035 552 4080 dextere
571 4033 625 4087 alar
644 4031 694 4092 pri-
725 4039 795 4080 atrox
813 4033 926 4091 proelium
951 4032 1084 4093 inceperint
1106 4049 1163 4083 eum
1186 4037 1241 4084 aliis

176 4109 223 4144 me
241 4097 331 4158 legioni
348 4105 373 4143 et
391 4099 497 4146 dexmrae
515 4098 569 4155 sle,
587 4098 694 4144 munds
724 4109 810 4142 rursus
828 4097 948 4155 hostibus,
966 4099 1006 4143 cui
1026 4102 1125 4146 tandem
1146 4115 1194 4150 nox
1213 4103 1240 4148 n-

175 4163 383 4224 legioetsinistra
393 4162 441 4209 sla.
466 4161 693 4222 ltaquelricpsims
724 4175 781 4207 nem
800 4161 951 4220 imposuerit.
984 4163 1076 4210 Verum
1092 4167 1182 4226 duplex
1198 4167 1241 4212 illa

175 4227 240 4274 acies
250 4227 352 4274 omnino
367 4227 483 4273 distbscts
497 4231 596 4286 apparet
607 4238 621 4271 a
632 4226 692 4272 dus·
724 4225 854 4272 difficultas
868 4233 1004 4282 evanescet,
1016 4229 1037 4276 si
1048 4230 1112 4276 male
1123 4230 1241 4278 collocata

176 4293 222 4338 bus
239 4291 375 4354 legionibus
392 4297 416 4337 et
433 4291 528 4337 duabus
543 4291 595 4336 alis.
629 4289 692 4336 Con·
724 4286 798 4350 hujus
820 4289 964 4338 narrationis
986 4294 1097 4340 membra
1118 4295 1144 4340 in
1166 4307 1239 4340 suum

175 4362 329 4402 stertentem
352 4363 406 4402 tnm
428 4368 459 4401 er
479 4355 572 4402 solenm
591 4361 617 4400 et
635 4367 691 4400 eon·
724 4355 834 4402 orflnern
856 4356 983 4416 redegeris.
1017 4357 1056 4404 Sic
1078 4357 1153 4416 igitur
1174 4360 1239 4404 hunc

753 4417 846 4481 sbi
