3036 4972
394 213 487 274 LIB.
508 212 612 274 XXII.
635 212 742 274 CAR
763 213 848 273 XIX.
1101 225 1142 287 93

74 403 145 448 rura
158 378 375 457 auxiliorum,
384 396 574 444 concurrere
586 399 693 455 ausus,
701 377 864 444 ”delecto
875 377 976 446 'milite
990 379 1031 446 ad
1046 395 1284 448 namnetes

73 468 227 552 inposito,
243 467 388 616 quinque
399 481 432 530 et
450 464 581 552 triginta
593 464 722 528 narium
739 464 838 530 classe
851 465 898 531 ire
911 464 1035 532 obviam
1055 463 1285 534 hertA·-⁰·²¹·⁷·

74 557 187 642 pergit.
223 556 253 618 A
267 569 338 618 tero
352 555 394 617 ab
407 551 591 616 Tarracone
605 551 657 616 die
670 550 711 616 ad
724 555 903 629 stationem,
919 551 1028 618 decern
1045 553 1143 620 rnilIIa

73 662 227 728 passuum
241 638 414 705 distantem
428 639 470 703 ab
484 638 566 702 estin
581 637 668 704 Iberi
684 639 797 716 amnis,
814 638 966 722 pervenit.
981 639 1056 706 inde
1066 640 1142 708 duae

32 801 35 814 ¹
77 725 331 794 Massiliensium
354 723 577 808 speculatoriae
601 724 776 807 praemissae
798 723 984 802 retulerunt,
1010 727 1144 792 classem

75 814 237 879 Punicam
261 827 347 877 stare
369 811 402 873 in
424 812 504 880 ostio
524 810 675 887 fluminis,
692 821 859 894 matreque
879 812 913 876 in
938 812 1009 896 ripa
1029 814 1142 898 posita.

76 901 200 987 Itaque,
217 911 257 966 ut
271 897 456 984 inprovidos
470 897 677 981 incautosque
693 897 839 962 unvero
853 897 947 964 simul
961 899 1059 964 effuso
1080 911 1144 966 ter·

75 1009 147 1052 rore
160 985 377 1072 obprimeret,
391 983 523 1050 sublatis
543 984 668 1048 ancoris
689 980 729 1048 ad
743 982 978 1050 bostemvadit.
1021 986 1144 1052 Multas

76 1090 105 1140 et
118 1073 201 1138 locis
216 1071 292 1136 altis
313 1071 432 1156 positas
446 1085 548 1136 turres
561 1069 719 1153 Hispania
735 1068 974 1156 babetquibue
986 1081 1018 1138 et
1032 1095 1143 1158 specu·

75 1161 112 1224 lis
125 1174 159 1226 et
173 1156 432 1246 propugnaculis
446 1155 750 1232 adrersueletrones
765 1168 909 1222 utuntur.
931 1158 1006 1224 iude
1027 1160 1142 1245 primo,

77 1246 259 1332 conspectis
273 1243 414 1309 boetium
431 1240 702 1319 navibus,.datum
723 1242 850 1330 signum
868 1242 1063 1310 Hasdrubali
1078 1259 1142 1322 ests

78 1333 301 1418 tumultusque
322 1330 411 1416 prius
424 1329 460 1394 iu
469 1340 566 1396 -terra
579 1341 611 1393 et
633 1329 753 1407 castris,
768 1351 863 1416 quam
883 1330 935 1396 ad⁴
948 1353 1037 1398 mure
1057 1345 1087 1398 et
1102 1333 1144 1400 ad

77 1441 182 1497 navas,
204 1433 256 1484 est
279 1430 380 1493 onus,
402 1415 547 1482 nondum
568 1426 632 1482 aut¹
648 1415 754 1500 pulsu⁴
768 1429 937 1482 remorum
951 1418 1145 1506 strepituque

79 1506 140 1572 alio
161 1504 297 1574 nautico
311 1501 473 1579 exaudite,
489 1513 547 1579 aut
564 1501 789 1592 aperientibus
801 1501 933 1570 classem
958 1518 1143 1587 promonto-¹

78 1593 148 1657 riis:
173 1612 280 1679 quum
302 1599 431 1672 repente
444 1609 549 1675 eques,
565 1585 751 1672 alineauper
772 1587 871 1654 alium
884 1589 925 1656 ab
942 1589 1145 1664 Hasdrubale
1221 1607 1227 1613 ·

77 1681 202 1754 missus,
218 1697 317 1764 vagos
332 1677 369 1740 in
379 1674 473 1740 litore
487 1673 672 1762 quietosque
691 1675 726 1738 in
741 1677 884 1743 tentoriis
899 1677 973 1753 suis,
988 1677 1069 1742 nibil
1084 1678 1143 1742 mi*

78 1787 142 1828 nus
164 1785 260 1849 quam
283 1761 408 1828 bostem
430 1771 486 1826 aut
510 1759 656 1845 proelium
680 1783 718 1826 eo
739 1761 792 1826 die
813 1775 1044 1847 *exspectantes
1067 1787 1143 1830 cou-

79 1850 237 1916 scendere
254 1871 351 1914 naves
372 1868 509 1932 propere
530 1859 624 1932 atque
644 1869 732 1912 arma
753 1869 791 1912 ca
813 1870 866 1914 ere
885 1849 988 1934 jubet.
1010 1850 1143 1916 classem

79 1937 265 2002 Romanam
274 1935 343 2020 jam
357 1932 446 2000 haud
459 1931 572 2017 procul
586 1946 680 2016 portu
691 1955 766 1998 esse.
790 1869 876 2002 llaec
889 1938 1009 2022 equites
1020 1935 1144 2004 dimissi

76 2023 196 2108 passim
212 2021 423 2106 imperabant.
438 2041 515 2084 mox
531 2018 715 2086 Hasdrubal
730 2019 798 2105 ipse
812 2043 884 2088 cunr
899 2021 988 2086 omui
1002 2025 1144 2092 exercitu

76 2111 199 2176 aderat:
219 2108 372 2192 varioque
385 2105 494 2172 omnia
508 2105 647 2172 tumultu
662 2117 815 2189 strepunt,
826 2108 990 2176 ruentibus
1001 2110 1034 2174 in
1049 2132 1144 2176 naves

78 2195 172 2262 simul
193 2194 373 2276 remigibus
393 2191 618 2278 militibusque,
641 2191 847 2279 ¹Iugientium
870 2193 970 2282 magis
989 2211 1027 2260 e⁰
1048 2209 1143 2273 terra,

79 2305 174 2368 quam
190 2281 228 2346 in
244 2301 386 2366 pugnam
400 2280 543 2344 euntium
560 2275 666 2342 modo.
713 2279 854 2345 Vixdum
868 2301 977 2346 omnes
991 2303 1144 2346 conscen-

79 2369 203 2445 derant,
217 2389 318 2453 quum
334 2364 389 2430 alii
402 2363 570 2430 'resolutis
584 2363 647 2430 oris
661 2364 694 2430 In
715 2386 846 2430 ancoras
860 2365 1053 2444 evehuntur3
1069 2365 1144 2446 alii,

79 2454 211 2541 nequid
230 2463 345 2528 teneat,
366 2450 549 2518 ³ancoralia
562 2449 724 2516 incidunt:
747 2452 927 2538 raptimque
941 2454 1048 2519 omnia
1061 2463 1151 2542 praei

79 2563 215 2626 propere
238 2537 375 2625 agendo,
391 2537 528 2604 militum
545 2538 699 2621 adparatu
720 2539 847 2608 nautica
867 2539 1041 2606 ministeria
1055 2542 1144 2628 inps·

79 2627 224 2704 duntur,
241 2624 635 2710 trepidationenautarum
649 2645 762 2709 capere
775 2641 807 2691 et
820 2638 929 2708 aptare
948 2648 1039 2692 arma
1053 2628 1144 2695 miles

79 2714 285 2798 prohibetur.
330 2711 374 2776 Et
388 2711 457 2795 jam
476 2711 639 2776 Romanus
659 2731 724 2776 non
740 2709 1015 2800 adpropinquabat
1036 2715 1300 2796 modestissum-

81 2801 132 2866 sed
146 2801 312 2864 direxerat
324 2797 420 2863 etiam
434 2797 468 2860 in
489 2817 630 2883 pugnam
649 2818 756 2862 nares.
776 2797 883 2883 itaque
906 2821 969 2864 non
991 2799 1032 2863 ab
1055 2801 1292 2870 hostenlffllssfu·

81 2901 110 2952 et
126 2885 245 2971 proelio
269 2883 369 2970 magis
385 2882 491 2962 Poeni,
507 2904 600 2968 quarn
623 2896 746 2950 suomet
770 2883 831 2969 ipsi
855 2885 993 2951 tumultu
1014 2887 1145 2968 turbati,
1153 2879 1210 2927 ἕω
1220 2879 1297 2914 ‘'⁸²²''

83 2985 200 3040 natata
216 2970 323 3037 verius
337 2991 456 3056 pugna,
469 2991 565 3054 quam
587 2969 675 3047 inita,
691 2969 726 3036 in
740 2969 848 3058 sugam
870 2985 1053 3040 averterunt
1067 2973 1146 3044 clas·

515 3140 728 3204 ⁰elegtaGron,
769 3113 772 3122 ὁ

114 3307 270 3355 99'Dcleeto
278 3307 352 3353 milite
362 3307 393 3354 ad
402 3306 600 3371 amestmpoatto]
633 3321 700 3356 corae
715 3309 795 3356 adhuc
811 3315 930 3370 tenentes,
941 3314 1079 3373 propellunt
1095 3306 1148 3360 eas·

85 3373 207 3419 Delectoe
224 3372 376 3430 pedestribus
391 3373 466 3432 copiis
482 3373 602 3419 milltead
633 3375 690 3420 dem
711 3387 790 3420 naves.
823 3376 858 3421 At
882 3377 990 3436 profecto
1010 3379 1098 3425 retenti
1117 3381 1148 3425 ab

83 3450 152 3482 nares
169 3437 295 3496 Impone),
307 3441 395 3494 praeter
411 3437 522 3484 dasium
538 3435 602 3482 mili·
633 3437 811 3496 mantiniano
827 3441 934 3488 multum
953 3443 1065 3500 progredi
1081 3449 1149 3501 pote·

82 3508 124 3548 tea.
157 3500 483 3560 Nempeaugetnumerum
493 3502 601 3548 militum
633 3509 695 3548 rant.
723 3503 810 3562 Itaque
820 3503 890 3550 facile
900 3506 955 3565 quit
965 3506 1045 3552 credat
1056 3507 1149 3552 Grono·
1205 3519 1208 3528 ·

83 3565 239 3626 Sdpio,quia
250 3577 359 3625 pugnem
378 3566 489 3612 navalem
499 3565 603 3612 medita·
634 3567 702 3614 vium
714 3579 761 3611 non
777 3568 862 3615 sensae
877 3569 917 3615 hic
932 3582 1011 3628 operae
1030 3571 1147 3630 pretium,

84 3630 162 3677 batur.
633 3631 693 3678 dnm
704 3632 767 3676 banc
779 3633 848 3680 noble
861 3634 989 3680 lectionem
1000 3634 1093 3680 invexit
1103 3650 1148 3695 pro

116 3693 448 3756 immansuetum]
465 3693 504 3740 Sic
514 3693 601 3753 optimi
633 3696 741 3756 vulgata,
762 3709 818 3756 quae
843 3697 903 3744 nibil
922 3697 1017 3744 obscuri
1038 3700 1147 3748 mutine-

82 3757 400 3818 acepmteatecronovio·
418 3757 602 3804 aieetllearnli
633 3759 690 3805 bata
705 3759 750 3806 ulli
767 3761 883 3808 roduani
901 3774 962 3819 erar,
981 3766 1023 3808 aaut
1040 3777 1149 3812 arenam

82 3824 149 3868 codd.
166 3828 192 3869 et
209 3821 296 3878 nostrl,
307 3827 332 3868 et
349 3822 499 3883 Guupantn,
508 3829 534 3869 et
549 3823 602 3870 An·
630 3823 725 3869 uelim
760 3824 887 3886 Utcunque
912 3827 1017 3886 legatur,
1038 3841 1086 3874 orer
1109 3832 1149 3877 bio

84 3885 158 3932 dress.
191 3885 385 3946 Vulgoaterra.
632 3886 796 3948 intelligenda·
821 3896 879 3936 sunt
904 3891 1038 3939 retinacula
1060 3895 1153 3954 quibus

114 3949 268 3998 tandum
284 3952 334 3996 orie
351 3952 377 3997 in
391 3964 488 3998 umorue
502 3950 602 3998 meban-
631 3952 719 4012 puppis
740 3952 816 3999 littori
837 3954 988 4016 alligabatur.
1020 3958 1059 4006 Sic
1084 3960 1150 4020 apud

83 4016 131 4079 tur]
150 4016 222 4062 Hanc
240 4015 371 4072 lectionem
387 4015 523 4062 Gronovius
542 4016 600 4062 alle·
632 4013 810 4069 Quintilianum
828 4019 855 4065 in
868 4021 1016 4079 'praefatione
1034 4023 1065 4070 ad
1087 4023 1150 4088 Try-

84 4083 132 4124 tarn
148 4081 179 4126 ab
195 4093 222 4125 ee
238 4093 270 4126 ex
283 4080 376 4139 aliquot
388 4079 458 4126 tiss.
473 4081 508 4126 sin
526 4080 600 4126 inter·
632 4081 749 4140 phonem,
766 4095 833 4129 erum
849 4083 984 4132 tolumnius
1003 4086 1055 4134 bene
1071 4101 1150 4150 preec-

86 4145 246 4204 pretatnripee
254 4145 272 4190 1.
285 4142 333 4191 tv,
344 4143 443 4190 observ.
455 4157 476 4191 c.
488 4143 526 4190 26.
538 4143 601 4198 QuIa
631 4157 695 4192 mter.
728 4145 767 4192 δίο
783 4153 809 4193 et
824 4148 896 4204 inira,
907 4150 923 4194 l.
936 4149 1061 4199 XXVIII.
1076 4169 1098 4202 e.
1108 4153 1148 4201 86-

88 4207 163 4254 miasoe
174 4209 203 4254 de
214 4209 292 4270 proris
303 4221 409 4268 ancorae,
419 4209 491 4254 lunen
501 4221 531 4254 ex
541 4221 602 4270 pup-
634 4209 730 4256 trahunt
749 4211 823 4257 amiur
843 4225 948 4276 ermque,
969 4219 992 4262 et
1017 4231 1148 4264 ancoras..

90 4269 269 4327 absumebant
283 4273 493 4334 navers-quidam
504 4271 602 4320 funibus
632 4275 770 4335 procidant.

90 4334 175 4391 solutis,
187 4337 256 4385 obliti
272 4351 374 4384 ancoras
385 4339 474 4384 vellere
492 4349 541 4396 prae
555 4339 602 4384 iee-
665 4338 838 4403 SAneoralia]
860 4343 940 4389 hinet
960 4343 1048 4405 quibus
1069 4347 1149 4409 capita

90 4397 197 4451 tintinne
215 4403 300 4460 nimia,
323 4403 432 4465 provecti
454 4407 539 4450 eontra
559 4415 602 4450 sn·
634 4413 883 4454 momarumannexa
892 4413 958 4457 mot.
