3064 4976
354 259 356 268 ‚
443 235 538 298 cra.
559 233 665 299 xxii.
692 233 795 298 aaa.
822 203 924 300 x11.'
1152 244 1191 300 ss

170 399 235 466 XI.
258 397 309 468 Ita
332 397 427 484 rebus
450 393 564 468 divinia
588 397 734 488 peractis,
761 415 828 468 turn
854 400 896 469 de
919 399 1003 468 bello
1027 423 1123 489 reque
1147 402 1330 471 demessa
1384 419 1386 430 '

124 487 257 636 publica
282 487 421 552 dictator
445 489 561 567 retulit,
588 488 703 576 quibua
732 501 848 576 quotve
875 487 1055 577 legimribus‘
1076 487 1264 572 nausee-
1275 487 1330 536 217·
1367 493 1370 500 '

148 574 210 638 osti
226 575 359 639 obviam*
375 575 512 640 eundum
527 597 595 640 esse
611 575 722 640 Patres
736 575 907 640 censerent.
951 575 1206 654 Decretumant,
1287 581 1290 594 '

122 661 162 722 ab
176 663 237 726 Cn.
249 661 383 728 Servilio
393 665 511 726 conada
522 665 682 726 euerritum
694 665 865 745 coemeret.-
880 663 1022 726 scrihmt
1029 673 1187 746 praeterea

123 769 160 810 er
173 747 295 813 cibibus
315 749 472 832 sociisque,
487 757 631 832 quantum
646 751 778 834 equiturn
799 770 837 812 ac
850 750 990 830 peditum
1011 751 1186 814 videretur:

123 843 224 897 cetera
242 836 347 898 omniu
361 845 468 918 ageret
475 835 668 920 firceretque,
684 845 719 898 ut
733 835 933 918 erepublica
947 837 1077 900 duceret.
1124 836 1186 902 Fa·
1194 852 1345 902 Frattronst·

123 917 192 984 bins
207 920 293 984 duas
308 942 341 984 se
354 919 494 1006 legiones
515 921 709 1006 adjectarum
725 920 764 985 ad
781 920 989 986 Servilianum
1011 918 1263 988 exercitumh'rde
1276 919 1339 966 “¹¹⁰

122 1005 212 1070 dixit.
241 1005 303 1083 his,
319 1028 376 1090 per
398 1007 584 1095 magistrum
607 1008 748 1092 equitum
772 1007 904 1092 scriptis,
922 1005 1025 1070 Tibur
1044 1007 1128 1072 diem
1143 985 1305 1074 ad⁸⁰¹⁹¹¹⁶⁰'

121 1092 381 1157 conveniendum
395 1092 504 1158 edixit.
526 1093 693 1180 edictoque
712 1093 885 1178 proposito,
902 1092 981 1170 ⁶⁶ut,
998 1093 1112 1179 quibus
1127 1117 1184 1178 op-

122 1178 195 1262 pida
220 1178 413 1265 castellaque
433 1179 591 1244 Inmunita
612 1192 724 1257 essent,
739 1180 806 1244 uti‘¹
823 1179 857 1242 in
872 1182 941 1244 loca
962 1192 1031 1244 tuta
1052 1184 1184 1244 commi·

121 1280 254 1352 grurent
262 1288 271 1342 3
296 1287 336 1330 ex
351 1265 435 1351 agris
449 1288 575 1352 quoque
589 1264 803 1352 demigrarent
824 1287 933 1330 omnes
954 1267 1090 1354 regionis
1104 1267 1182 1352 ejus,

123 1375 181 1438 qua
196 1353 305 1416 iturus
321 1350 488 1416 Hannibal
502 1364 597 1417 esset:
621 1353 710 1416 t'ectis
731 1353 819 1437 prius
834 1351 974 1422 'incensis
989 1375 1026 1418 ac
1040 1351 1185 1440 frugibus
1220 1421 1221 1426 ,

124 1440 299 1524 conruptis,
315 1459 357 1502 ne
370 1439 458 1524 cujus
473 1439 518 1502 rei
533 1439 624 1524 copia
638 1455 733 1514 essct3
748 1438 825 1524 ipse,
840 1438 867 1482 ⁶⁷
873 1439 925 1502 via
937 1437 1094 1503 Flaminia
1108 1461 1183 1524 pro-

122 1525 221 1590 iectus
239 1523 369 1594 obviam
391 1524 513 1588 consuli
533 1519 760 1610 exercituique,
774 1529 871 1612 quum
888 1525 927 1589 ad
942 1525 1083 1590 Tiberim
1098 1526 1183 1590 circa

123 1612 313 1676 Ocriculum
336 1612 545 1696 prospexisset
558 1633 683 1698 agmen,
698 1612 922 1698 consulemque
935 1629 1009 1675 cunr
1023 1611 1184 1698 equitibus

121 1697 162 1762 ad
176 1721 212 1762 se
226 1696 448 1784 prodeuntem,
465 1697 615 1762 viatorem
637 1697 732 1778 misit,
747 1698 802 1784 qui
817 1697 938 1762 consuli
957 1698 1130 1776 nunciaret,
1146 1705 1185 1780 ut

124 1785 193 1848 sine
213 1783 381 1848 lictoribus
395 1783 436 1848 ad
452 1783 638 1850 dictatorem
653 1785 783 1850 veniret.
829 1783 896 1860 Qui
911 1806 1009 1871 quum
1024 1783 1111 1849 dicto
1124 1807 1181 1870 pa·
1290 1837 1292 1842 ,
1366 1789 1369 1795 ’

124 1871 246 1947 ruisset,
267 1892 516 1958 congressusque
539 1883 649 1935 eorum
672 1870 832 1959 ingentem
857 1871 991 1956 speciem
1013 1869 1182 1936 dictaturae

121 1957 208 2042 apud
224 1957 308 2023 cives
323 1957 496 2042 sociosque,
512 1956 700 2023 ⁶8vetustate
715 1959 783 2044 jam
797 1979 898 2043 prope
911 1958 1028 2022 oblitos
1042 1959 1107 2045 ejus
1122 1961 1182 2022 im-

118 2043 212 2128 perii,
228 2042 371 2120 fecisset}
393 2042 495 2108 literae
509 2042 550 2108 ab
565 2043 644 2108 urbe
657 2042 771 2108 adlata
793 2055 876 2121 sunt,
893 2065 988 2109 naves
1010 2045 1183 2122 onerarias,

118 2142 335 2196 commeatum
350 2129 392 2194 ab
407 2129 498 2195 Ostia
512 2129 544 2194 in
562 2129 754 2214 Hispaniam
766 2129 807 2194 ad
817 2129 993 2194 exercitum
1010 2143 1180 2213 portantes,

119 2215 255 2282 aclasse
271 2216 394 2280 Punica
419 2216 507 2280 circa
549 2230 655 2280 ortum
672 2217 852 2281 Cosanum¹
870 2229 979 2302 captas
993 2239 1069 2280 esse.
1115 2217 1180 2280 Ita-

119 2327 182 2390 que
201 2301 366 2388 extemplo
381 2303 491 2368 consul
539 2303 630 2367 stiam
652 2303 810 2388 proficisci
826 2301 941 2388 jussus,
957 2303 1151 2387 navibusque
1160 2313 1180 2380 ¹,

118 2414 192 2476 quae
206 2389 251 2454 ad
264 2387 378 2454 urbem
389 2389 577 2454 ,Romanam
591 2402 647 2454 aut
659 2388 759 2454 Ostiae
775 2403 887 2465 essent,
903 2386 1065 2472 completis
1081 2387 1180 2454 milite
1262 2453 1272 2470 ‚

117 2499 154 2541 ac
169 2476 340 2541 navalibus
354 2475 456 2552 sociis,
472 2477 617 2625 persequi
638 2475 777 2542 bostium
796 2474 936 2552 classem,
952 2497 989 2538 ao
1006 2474 1097 2540 litora
1112 2475 1180 2540 Ita·

116 2562 169 2628 lire
197 2563 309 2628 uitari.
355 2561 478 2649 Magna
499 2563 547 2626 vis
593 2564 734 2626 ominum
755 2561 933 2646 conscripta
959 2562 1070 2626 Romoe
1093 2571 1178 2628 e'rat:

117 2649 263 2714 libertini
278 2647 385 2726 etiam,
402 2649 514 2735 quibus
525 2648 616 2713 liberi
631 2660 744 2725 essent,
759 2659 790 2714 et
801 2665 878 2712 oeras
895 2646 1049 2728 militaris,
1065 2647 1097 2711 in
1110 2670 1180 2712 ver·

117 2735 159 2801 ba
168 2738 369 2822 juraverant.
412 2735 466 2800 Ex
479 2734 542 2800 hoc
556 2735 679 2800 urbano
693 2733 847 2816 exercitu,
861 2735 916 2820 qui
937 2735 1074 2799 minores
1087 2735 1183 2820 quia·

119 2845 183 2909 que
197 2837 230 2887 et
245 2822 377 2906 triginta
397 2821 488 2886 annis
509 2833 610 2900 erant,
633 2821 666 2886 in
689 2843 783 2886 naves
804 2819 949 2906 inpositi:
965 2819 1037 2898 alii,
1053 2833 1089 2886 ut
1107 2820 1180 2888 urbi

118 2908 343 2994 praesiderent,
358 2907 469 2972 relicti.
1041 2967 1044 2974 .
1165 2921 1179 2961 ν’

163 2995 249 3060 XII.
271 2994 431 3072 Dictator,
447 2995 585 3060 exercitu
601 2995 737 3059 consulis
755 3008 885 3080 accepto
899 3019 918 3060 a
934 2995 1048 3060 Fulvio
1065 2993 1180 3060 Flacco

119 3079 233 3169 legato,
257 3102 316 3165 per
337 3101 449 3168 agrum
473 3079 626 3146 Sabinum
650 3081 764 3159 Tibur,
782 3104 845 3168 quo
860 3081 912 3144 die
926 3079 966 3146 ad
990 3084 1179 3146 convenien-

122 3167 195 3231 dum
213 3166 362 3232 edixerat
374 3167 464 3230 novis
478 3167 642 3248 militibus,
656 3167 757 3232 venit:
780 3167 855 3232 inde
869 3167 895 3208 ⁶⁹
906 3168 1075 3246 Praeneste,
1090 3168 1180 3232 ⁷⁰ac¹

121 3253 308 3318 transversis
329 3251 482 3318 limitibus
504 3253 536 3317 in
552 3253 634 3318 viam
657 3253 803 3317 Latinam
819 3267 865 3318 est
880 3269 1058 3342 egressum:
1082 3255 1177 3332 unde,

119 3339 287 3422 itineribus
308 3361 431 3404 summa
451 3361 524 3404 cum
546 3362 624 3405 cura
645 3339 827 3425 exploratis,
854 3341 895 3405 ad
919 3339 1046 3404 bostem
1072 3339 1161 3423 ducit
1168 3363 1178 3416 3

119 3427 207 3492 nullo
221 3426 306 3506 loco,
321 3425 381 3490 nisi
395 3432 549 3511 quantum
564 3425 729 3492 necessitas
739 3439 875 3511 cogeret,
891 3425 1028 3491 fortunae
1043 3448 1075 3488 se
1090 3448 1178 3492 com-

147 3593 411 3643 tutIrIGromcrev.
487 3597 635 3645 'Caranum
645 3597 712 3645 Eud.
793 3593 994 3642 'numburssaed
1023 3615 1027 3622 v
1070 3593 1176 3641 ‘adea

119 3659 191 3708 Gron.
326 3663 470 3724 *regressus
480 3663 555 3709 Gron.
567 3662 635 3710 Crev.
1090 3657 1092 3664 '

148 3821 181 3869 66
200 3820 561 3888 thubuwpprra....arat]
574 3825 631 3874 Non
696 3825 728 3874 68
749 3821 1101 3886 vumaujampraprouuu]
1118 3821 1175 3870 vid.

117 3885 292 3948 rarogeminst
308 3888 372 3936 hanc
388 3889 531 3947 particulam
542 3891 631 3938 Livius·
663 3889 980 3947 maantam-Saum.
1173 3933 1175 3936 .

118 3949 239 4010 Exempla
244 3951 631 4012 peuexxxvnaaxxxvl.
696 3954 727 4000 69
743 3952 872 4014 Proenertr]
890 3951 1021 4012 Regressus
1039 3955 1076 3996 est
1091 3951 1123 4010 ad
1133 3964 1176 4010 op·

118 4013 141 4060 1.
152 4022 177 4062 et
187 4015 213 4064 3.
663 4018 749 4078 pidum
763 4017 894 4074 Praeneste,
905 4024 985 4077 atque*
997 4016 1054 4062 inde
1072 4015 1098 4060 in
1110 4015 1174 4060 viam

148 4079 181 4126 67
189 4079 203 4108 '
213 4080 260 4128 Via
269 4080 407 4143 Flamr‘m'a]
425 4082 471 4128 Via
487 4083 582 4133 munita
600 4084 632 4130 ab
664 4082 786 4130 Latinam·

117 4142 160 4190 hoc
170 4145 223 4205 ipso
235 4146 368 4205 mamiato,
378 4146 422 4206 qui
429 4147 541 4194 modoad
551 4146 632 4194 'l'ruai-
696 4147 727 4192 70
743 4145 780 4192 Ac
796 4146 932 4194 transversis
948 4143 1076 4206 linarium}
1098 4138 1175 4194 Paru-

117 4219 214 4257 menum
225 4211 308 4258 mum
319 4211 422 4272 periisse
431 4216 579 4256 memoratur
586 4218 631 4261 est.
663 4211 744 4258 culam
755 4224 790 4264 ac,
805 4222 878 4269 qnam
890 4211 1008 4256 omittunt
1018 4209 1092 4269 vulgo
1106 4208 1176 4268 editi,

118 4269 238 4320 Muniemt
256 4275 326 4325 illam
344 4277 377 4322 ab
395 4275 475 4322 Roma
492 4274 630 4322 Ariminum
663 4275 800 4322 addidimus
817 4287 847 4320 eu
868 4273 1015 4321 Put.codIce
1026 4282 1051 4320 et
1062 4273 1175 4318 omnibus

105 4347 286 4444 'aquaquum
297 4346 468 4395 essatcensor,
481 4345 567 4400 quarta
575 4345 631 4387 ante
663 4339 759 4448 nosmet.
793 4338 826 4386 Et
842 4337 1028 4386 sineeaseraus
1044 4339 1175 4384 subobscu-

151 4413 260 4454 acauno.
645 4417 761 4452 rusca.

746 4475 804 4530 ass
