3060 4960
325 263 329 270 .
440 213 536 276 ΗΒ.
557 212 671 280 xxix.
697 205 803 273 CAP.
825 213 922 274 XXV.
1157 217 1214 278 iuli

141 379 224 460 dum,
240 386 295 448 u'it.
338 376 474 458 Instare,
487 389 521 444 ut
543 381 577 444 im
591 377 734 464 Africam
755 379 976 464 quamprimum
993 377 1145 465 trajiciat,
1160 391 1354 450 sonamus.

143 473 207 534 cios
221 491 315 555 reges.
360 467 561 532 Masinissam
575 467 669 548 prius
682 467 778 548 ipsum
793 467 837 528 ad
851 465 983 530 latum
996 468 1120 545 emisse,
1137 458 1353 551 quomam

143 563 270 632 reaten,
284 556 367 640 quod
379 555 548 618 commando
562 561 676 634 tempus
689 561 848 616 tereretur.
866 573 945 616 auae
958 553 1123 637 qulacan
1137 555 1209 618 mit·

104 687 107 692 -
144 651 211 708 tere
231 644 357 727 legatos,
373 642 453 704 idem
474 640 689 714 admirantm,
708 659 776 722 qaeu
793 648 857 702 tam
879 639 1034 704 diuturna
1054 661 1147 704 mmo
1167 642 1210 704 sit

142 749 268 792 catoso.-
284 728 556 811 postulantemque,
572 734 607 788 ut
619 734 675 788 out
688 723 868 809 trajiciatur
880 727 1003 789 tandem
1019 727 1052 788 im
1067 726 1210 812 Africam

144 815 304 891 crescito,
320 823 385 890 ont,
400 813 429 876 si
451 820 569 876 mutato
593 811 723 874 consilia
745 812 817 887 sint,
832 813 1031 893 certiorfiut,
1047 821 1126 878 utet
1144 814 1211 896 ipse
1261 830 1263 841 ¹

33 969 35 974 ,
143 901 207 965 sibi
220 923 258 964 ac
270 920 428 984 regnosno
436 899 537 981 possit
549 899 711 974 consulere.
732 895 884 980 ”Itaque
894 897 1097 981 porotisjnm
1112 902 1210 964 omni-
1308 927 1310 936 ’

96 1037 99 1044 .
144 987 200 1050 bees
214 987 437 1069 instructisque,
453 993 483 1048 et
496 1005 531 1048 re
539 982 610 1066 jau
625 1003 685 1046 amn
699 984 784 1046 ultra
797 984 964 1066 recipiente
976 988 1208 1063 annotationem,

145 1074 182 1136 in
196 1075 299 1136 annno
312 1071 373 1136 sibi
387 1093 458 1147 esse,
474 1069 645 1154 Lilybaeum
659 1070 753 1134 classe
770 1069 927 1146 traducta,
940 1071 1098 1155 eodemque
1111 1074 1210 1136 omni
1228 1145 1230 1148 .

145 1158 201 1224 bns
210 1160 349 1241 peditum
363 1159 553 1242 equitumque
565 1157 663 1238 copiis
676 1156 849 1232 contactis,
864 1177 932 1239 quce
939 1159 1047 1239 prima
1061 1159 1126 1222 dies
1140 1181 1209 1222 cun

146 1265 213 1310 sum
233 1243 360 1309 mariba
380 1245 481 1319 daret,
496 1243 577 1308 Deis
597 1241 671 1306 bene
683 1239 877 1323 juvantibus,
898 1243 932 1306 in
951 1243 1093 1328 Africam
1116 1243 1209 1328 traji·

144 1353 225 1397 cere.
248 1318 483 1395 Literssadbl.
495 1327 708 1412 Pomponium
719 1327 826 1403 mittit,
836 1339 882 1406 ut,
892 1328 918 1392 si
929 1329 958 1393 ei
970 1328 1140 1409 videretur,
1151 1331 1208 1395 Li·
1218 1349 1241 1395 st
1252 1349 1357 1410 mlytae-

145 1416 287 1504 lybaeum
296 1416 429 1482 veniret:
445 1425 480 1480 ut
491 1413 701 1502 communiter
708 1412 999 1500 consulerent,quss
1008 1417 1208 1500 potissimum
1217 1427 1269 1461 ¹¹¹⁰·

146 1505 319 1592 regienses,
341 1514 374 1566 et
394 1511 548 1588 quonium
573 1500 710 1566 militum
734 1521 901 1566 numerum
923 1501 956 1566 in
980 1499 1121 1568 Africum
1144 1517 1209 1568 trs-
1309 1539 1317 1562 .

143 1589 268 1675 jicetet.
282 1589 357 1656 item
372 1588 491 1653 circum
506 1607 594 1652 oram
606 1607 735 1652 omnem
750 1585 941 1652 maritimam
956 1588 1050 1666 misit,
1063 1601 1099 1654 ut
1113 1611 1209 1656 neves

144 1675 303 1742 onerosior
324 1672 560 1758 comprehensos
574 1670 785 1758 ”Lilyboeum
808 1695 916 1738 omnes
937 1674 1210 1748 contraherentur.

149 1761 320 1848 Quidquid
332 1759 1210 1849 militumnsviumqueinSicilinerot,quum.Lilybaeum

145 1849 378 1924 convenissent,
387 1859 419 1912 et
429 1867 488 1914 nec
500 1845 576 1912 urbs
589 1844 827 1928 multitudinem¹
838 1845 1084 1930 hominum,nec
1094 1864 1210 1934 'postus

145 1956 243 2002 neves
264 1946 400 2018 cuperet,
417 1946 522 1998 tentus
543 1933 689 1996 omnibus
702 1925 806 1996 ‘asdor
827 1946 894 1997 erat
917 1936 950 1998 in
965 1933 1106 2000 Africum
1118 1938 1210 2022 stoji»

146 2021 263 2095 ciendi,
275 2038 391 2086 utnon
406 2019 447 2084 ad
461 2017 579 2084 bellum
595 2018 666 2084 duci
680 2017 869 2096 viderentur,
885 2019 940 2084 sed
955 2019 997 2084 od
1013 2033 1098 2086 cesta
1111 2023 1211 2088 victo·

146 2108 206 2172 riae
219 2103 359 2192 presulis.
374 2105 545 2192 precipue,
554 2105 609 2191 qui
623 2104 815 2190 superabant
829 2127 870 2171 ex
882 2104 1042 2171 Cannensi
1050 2109 1210 2186 ·exercitu,

147 2195 273 2274 milites,
299 2193 365 2270 illo,
392 2213 465 2260 non.
482 2192 546 2256 ulio
570 2190 660 2268 duce,
682 2190 863 2269 credebant,
887 2207 1002 2258 naveta
1026 2194 1211 2279 reipublicae

147 2303 256 2366 opera,
278 2279 371 2347 finire
391 2302 424 2342 se
451 2277 596 2343 militiam
621 2277 863 2363 ignominiosum
889 2301 988 2365 posse.
1025 2280 1079 2346 'Et
1103 2281 1212 2366 Scipio

149 2367 280 2432 minime
294 2365 329 2430 id
350 2386 450 2453 mnus
472 2363 608 2430 militum
625 2364 893 2449 adspernobstur:
916 2365 1030 2453 utqui
1052 2367 1212 2454 nequead

149 2453 279 2523 Caunus
301 2452 425 2540 igasvio
442 2473 553 2516 eorum
574 2449 695 2518 cladem
718 2463 879 2538 occeptum
894 2452 998 2531 sciret,
1012 2475 1117 2541 neque
1129 2454 1212 2520 ullos

147 2561 241 2627 seque
259 2551 379 2604 veteres
401 2538 515 2604 milites
536 2537 570 2602 in
590 2536 727 2604 exercitu
744 2537 892 2604 Romano
911 2561 987 2619 esse,
1003 2554 1150 2626 expertos
1173 2565 1214 2607 ue

148 2649 216 2692 non
238 2625 332 2690 variis
353 2623 474 2711 proeliis
497 2623 603 2700 modo,
625 2623 680 2690 sed
702 2623 835 2690 urbibus
859 2626 954 2690 etism
976 2565 1211 2716 obpugnandis.

147 2712 273 2789 stinta
287 2723 420 2777 etsexta
432 2710 614 2776 Cannenses
625 2723 716 2777 eraut
728 2711 879 2800 legiones.
894 2736 946 2778 eas
960 2717 1212 2801 setrejeeturum

148 2799 182 2864 in
198 2798 336 2864 Africum
352 2819 451 2884 quum
466 2796 608 2875 dixisset,
624 2795 765 2883 singulos
780 2798 894 2864 milites
909 2799 1043 2885 inspexit
1053 2809 1068 2865 :'
1080 2799 1212 2867 relictis-

149 2907 224 2972 que,
241 2907 318 2972 quos
340 2907 407 2950 non
427 2883 557 2950 idoneos
577 2882 735 2961 credebat,
751 2884 784 2948 in
805 2885 910 2950 locum
933 2909 1054 2952 eorum
1067 2889 1212 2975 subjecit,

149 2994 231 3058 quos
253 2993 359 3038 seeum
382 2991 422 3036 ex
444 2969 538 3036 ltalia
562 2969 755 3046 adduxeram
777 2972 996 3058 supplevitque
1020 2973 1065 3038 itu
1090 2997 1142 3040 ess
1167 2975 1212 3042 le-

149 3058 271 3142 giones,
287 3071 323 3123 ut
339 3055 472 3144 singuiis
494 3078 570 3121 sena
589 3056 688 3122 millia
709 3072 741 3122 et
761 3055 900 3122 ducenos
922 3057 1053 3142 pedites,
1070 3073 1213 3128 trecenos

148 3143 304 3211 habereut
315 3143 447 3232 equites:
464 3143 620 3208 mdorum
635 3143 711 3208 item
724 3142 832 3208 Latini
843 3145 980 3210 nominis
994 3146 1114 3232 pedites
1125 3149 1213 3234 equi-

149 3245 196 3298 tes
219 3253 259 3296 ue
272 3230 314 3296 de
328 3228 470 3295 exercitu
485 3228 647 3294 Cannensi
659 3227 747 3316 legit.
1103 3311 1105 3316 Δ

234 3317 311 3382 XV.
334 3315 500 3392 Quantum
521 3313 659 3380 militum
681 3317 714 3379 in
730 3316 874 3381 Africum
896 3331 1145 3402 transportatum
1162 3320 1220 3399 sit,¹

148 3426 216 3469 non
237 3425 338 3490 parvo
358 3424 492 3467 numero
514 3402 595 3467 inter
616 3409 760 3467 auctores
778 3401 946 3489 discrepat.
991 3404 1079 3469 Alibi
1101 3405 1212 3470 decem

149 3488 252 3556 millio
272 3489 426 3574 peditum,
441 3488 507 3553 duo
530 3487 629 3553 millia
650 3500 682 3553 et
702 3488 855 3554 ducentos
876 3488 1007 3576 equites,
1027 3491 1104 3556 alibi
1126 3492 1215 3556 sede-

150 3579 215 3641 cim
233 3575 331 3640 millis
352 3572 506 3661 peditum,
524 3573 611 3639 mille
631 3589 663 3638 ct
685 3587 852 3641 sexcentos
865 3578 999 3664 equitem
1023 3578 1098 3642 olibi
1125 3591 1215 3664 parte

148 3663 223 3750 plus
238 3661 370 3730 dimidia
384 3683 450 3728 rem
467 3675 603 3740 suctum,
614 3661 753 3749 quinque
767 3675 798 3729 et
813 3664 944 3751 triginta
957 3663 1057 3730 millia
1072 3665 1213 3750 peditum

462 3847 584 3929 dbgiaaes
588 3844 737 3911 potitiimum
747 3853 822 3899 Gran.
833 3852 903 3901 Creu.

183 4009 215 4058 22
231 4011 314 4071 Itaque
327 4012 421 4070 puratis
434 4013 490 4074 jam
505 4012 610 4060 omanus
628 4013 666 4058 iu·
698 4015 767 4060 nitus
785 4015 964 4077 irestnmttsqsms
984 4016 1074 4078 regius,
1094 4017 1165 4078 plene
1187 4023 1215 4066 ut

135 4075 300 4140 ‚amotisqud
317 4075 401 4138 Vulgo
416 4077 490 4125 editis
508 4076 591 4139 Itaque
608 4077 666 4122 sotis
698 4079 826 4126 edidimus.
902 4107 909 4118 ·

141 4142 200 4203 jam
224 4141 329 4200 omnibns
354 4142 474 4200 instructis
495 4142 666 4204 apparatisque.
731 4143 908 4204 stanpensem
922 4157 1001 4192 mance
1014 4145 1215 4211 contraherentur]

150 4205 199 4252 sed
210 4201 237 4251 ci
246 4208 365 4266 apparatis
381 4208 449 4252 nullo
465 4213 545 4254 exstat
560 4207 586 4253 in
600 4208 666 4254 codi-
699 4208 739 4254 Sic
750 4206 841 4254 Putet
857 4220 947 4267 mogun
957 4211 1069 4258 codicum
1081 4224 1178 4266 manus,
1190 4220 1215 4258 et

146 4283 186 4327 ce,
199 4282 272 4329 quem
288 4277 332 4318 out
347 4271 493 4328 Gronovius,
508 4277 551 4319 sut
567 4284 612 4318 nos
627 4272 666 4318 iu·
698 4271 869 4318 vetustissimos
880 4272 985 4320 Andreae
999 4281 1025 4321 et
1035 4275 1153 4334 Campani
1165 4277 1216 4322 edi·

144 4335 304 4394 spexesimus.
347 4336 485 4398 Gunmbrig.
518 4342 579 4383 teste
610 4336 664 4384 Jee.
697 4337 789 4383 nonest
807 4336 1056 4399 meliusquemquod
1071 4340 1216 4388 recentiores

109 4433 118 4444 ,
145 4397 279 4455 Gronovio,
291 4400 363 4447 habet
379 4402 457 4463 itaque
466 4403 533 4464 satie
543 4403 597 4464 jam
616 4415 664 4448 om·
697 4401 774 4449 editos
785 4402 918 4463 obtinebat,
930 4415 1008 4450 ammes
1017 4403 1171 4452 traherentur.
