3122 4962
363 165 421 223 tta
748 155 858 218 'l'lTl
886 157 1020 224 Lrvti
1100 201 1122 214 ..

177 294 180 302 .
202 339 339 456 ἓξὲξ.
362 347 427 478 ἓξ,
439 336 525 476 egui,
542 321 657 442 quibus
669 315 885 389 asdnrantur
898 322 996 401 animi
1017 319 1167 406 militum,
1181 323 1214 393 in
1230 325 1425 424 apiemprpy

133 564 139 576 ,
201 509 311 560 nmium
409 434 505 564 illi.
529 494 627 574 Quod
642 459 697 560 ubi
713 493 890 562 Hannibali
905 494 1092 574 nunciatum,
1102 507 1166 575 est:
1191 483 1315 567 Crimen
1328 467 1422 567 nisi-

202 577 330 638 penum.
364 607 440 662 rant,
455 583 568 670 inquit,
584 585 668 647 dosia
677 605 725 648 rea
735 593 790 662 ert,
801 585 855 666 qui
868 603 921 646 nec
935 583 1053 660 borram,
1068 605 1122 647 nec
1135 586 1424 670 malnmferrcfor-

363 679 468 736 inuam
477 679 590 754 potest.
634 669 693 735 seu
707 669 949 752 cicit,ferocr'ter
959 671 1054 734 instat
1068 671 1177 736 victis.-
1190 692 1242 734 seu
1255 674 1350 736 uictus
1363 683 1421 752 ert,

364 759 519 822 imtcurct
533 777 597 820 cum
612 754 773 820 uictoribus
786 764 947 818 catanae.
991 755 1090 926 Ἧι
1109 755 1181 820 inde
1193 775 1307 822 canere
1315 758 1422 842 jussit,

361 843 475 931 copias,
485 841 601 908 educit.
646 837 828 928 Pugnatum
839 841 997 924 utrimque
1040 845 1048 904 i
1073 854 1178 920 nanto,
1194 865 1289 928 quarn
1305 845 1419 928 pridie,

302 967 305 988 .
363 929 465 998 acrius
480 941 545 994 est:
570 927 682 994 Poenis
691 927 737 998 ,ad
746 925 778 970 V
786 925 994 991 obtinendum
1016 926 1197 1008 hesternum
1212 929 1309 994 decus
1329 930 1423 1002 adn}

363 1015 511 1096 tentibus,
528 1012 679 1080 Romanis
693 1013 734 1078 ad
749 1011 936 1078 demendam
953 1014 1167 1098 ignominiam.
1182 1013 1208 1058 ⁷⁸
1219 1016 1354 1082 Sinistra
1367 1021 1420 1085 ala
1472 1088 1478 1092 ,

361 1102 403 1168 ab
420 1101 573 1166 Romanis
587 1114 619 1164 et
633 1101 790 1174 cohortes,
805 1121 877 1184 quae
891 1099 1061 1164 amiserant
1073 1100 1172 1188 signa,
1188 1101 1221 1164 in
1235 1102 1340 1186 prima
1352 1104 1421 1170 acie

362 1188 559 1278 pugnabant,
570 1198 602 1250 et
614 1186 696 1273 legio
711 1185 857 1250 vicesima
876 1189 915 1248 ab
934 1183 1047 1250 dextro
1060 1208 1159 1250 cornu
1175 1188 1336 1254 instructa.
1381 1191 1419 1266 i,

363 1275 528 1340 Cornelius
556 1270 710 1336 Lentulus
734 1283 766 1335 et
793 1271 831 1334 C.
856 1271 1008 1336 Claudius
1036 1273 1124 1336 Nero
1149 1273 1243 1361 legati
1268 1275 1420 1358 cornibus

361 1374 531 1446 praeerant,
548 1356 720 1424 Marcellus
735 1351 870 1420 mediant
890 1357 999 1434 acie‘m,
1015 1357 1159 1424 hortator
1174 1359 1321 1446 testisque
1334 1383 1419 1445 prae-

362 1470 443 1527 sens,
457 1445 614 1510 firmabat.
658 1443 708 1508 Ab
725 1443 909 1508 Hannibale
924 1443 1064 1529 Hispani
1081 1448 1215 1529 primam
1232 1446 1422 1514 obtinebant

360 1531 508 1610 frontem,
520 1545 552 1597 et
566 1530 599 1595 id
613 1530 737 1595 roboris
751 1530 784 1592 in
799 1531 886 1592 omni
901 1531 1043 1594 exercitu
1058 1547 1135 1596 erat.
1181 1531 1289 1608 Quum
1301 1555 1419 1620 anceps

201 1640 331 1702 Elephanti
360 1620 416 1684 diu
436 1641 545 1706 pugna
565 1629 654 1694 esset,
671 1613 837 1680 Hannibal
856 1615 1038 1700 elephantos
1052 1618 1086 1680 in
1101 1618 1236 1702 primam
1251 1619 1349 1684 aciem
1369 1621 1419 1686 in,-

199 1706 435 1772 ⁸⁰l⁰¹¹¹¹l⁰¹¹¹0duci
454 1705 563 1792 jussit:
587 1704 613 1766 si
635 1725 728 1789 quem
752 1703 878 1795 injicere
903 1726 940 1766 ea
963 1725 1011 1766 res
1033 1703 1200 1768 tumultum
1218 1728 1253 1770 ac
1267 1727 1419 1790 pavorem

200 1772 306 1818 'um
361 1806 475 1879 posset.
519 1792 561 1856 Et
582 1791 687 1874 primo
713 1788 882 1852 turbarunt
906 1790 995 1875 signa
1019 1789 1217 1876 ordinesque,
1242 1806 1275 1856 et
1300 1793 1418 1877 partim

360 1877 539 1954 occulcatis,
554 1876 671 1963 partim
693 1875 851 1958 dissipatis
871 1886 1000 1952 terrore,
1017 1877 1072 1960 qui
1092 1876 1176 1942 circa
1199 1891 1297 1956 erant,
1314 1878 1418 1944 nudar-

360 1978 472 2032 uetant
489 1981 550 2030 una
566 1977 653 2048 parte
668 1962 778 2026 aciem.
804 1960 960 2047 latiusque
974 1961 1048 2046 fuga
1063 1978 1225 2038 manasset,
1242 1965 1275 2028 ni
1292 1964 1331 2030 C.
1347 1964 1417 2030 Dee

360 2053 471 2118 nimius
484 2051 600 2116 Flavus
616 2049 760 2114 tribunus
771 2047 915 2126 militum,
928 2047 1050 2135 ⁷⁹signo
1062 2047 1196 2134 adrepto
1205 2051 1299 2135 primi
1312 2049 1419 2121 hasta·

360 2140 395 2217 ti,
413 2137 609 2222 manipulum
629 2137 696 2222 ejus
711 2134 793 2222 signi
809 2156 842 2197 se
857 2133 944 2218 sequi
961 2135 1112 2220 jussisset.
1127 2140 1229 2214 duxit,
1245 2136 1299 2202 ubi
1314 2139 1416 2204 maxi·

359 2247 410 2290 me
429 2223 600 2292 tumultum
615 2220 812 2306 conglobatae
838 2219 952 2284 belluae
973 2219 1139 2298 faciebant,
1163 2223 1289 2310 pilaque
1303 2225 1343 2287 ‘in
1364 2248 1417 2290 eas

359 2313 471 2398 conjici
481 2310 583 2398 jussit.
631 2308 765 2372 Haesere
785 2306 892 2370 omnia
913 2307 974 2378 tela
997 2306 1080 2372 haud
1097 2307 1214 2372 difficili
1229 2332 1268 2372 ex
1284 2311 1416 2395 propin·

355 2421 423 2485 ,quo
442 2399 474 2462 in
497 2408 584 2462 tantu
606 2416 741 2478 corpora
762 2393 837 2469 ictu,
853 2391 879 2430 ⁸⁰
888 2406 918 2458 et
934 2407 998 2458 tam
1021 2393 1162 2460 conferta
1177 2396 1279 2460 turbas
1302 2399 1356 2460 sed
1381 2414 1417 2466 ut

356 2506 422 2548 non
445 2505 555 2548 omnes
570 2481 724 2546 vulnerati
738 2492 811 2544 sunt
817 2501 827 2554 3
851 2481 902 2558 ita,
919 2479 952 2542 in
967 2502 1102 2566 quorum
1117 2483 1212 2568 tergis
1231 2481 1331 2546 infixa
1352 2498 1416 2548 ste·

357 2585 424 2634 tera
439 2569 512 2652 pila,
530 2567 567 2652 (81
577 2581 611 2632 ut
627 2583 674 2630 est
692 2588 791 2652 genus
806 2566 934 2650 anceps)
954 2565 987 2628 in
1002 2565 1107 2653 lugam
1124 2569 1204 2632 versi
1219 2570 1313 2632 etiam
1326 2568 1417 2636 inte-

355 2677 432 2743 gros
454 2667 604 2721 avertere.
650 2653 735 2718 Turn
752 2653 819 2738 jam
839 2673 903 2715 non
921 2674 1001 2716 unus
1021 2653 1210 2736 manipulus,
1231 2654 1286 2720 sed
1306 2677 1368 2740 pro
1382 2680 1417 2724 se

356 2744 489 2829 quisque
511 2741 609 2814 miles,
633 2739 688 2824 qui
714 2739 809 2802 modo
833 2737 961 2822 adsequi
989 2761 1100 2824 agmen
1130 2737 1316 2827 fugientium
1350 2743 1416 2808 ele·

380 2828 550 2906 hantorum
565 2837 698 2910 potarat,
710 2824 779 2908 pila
800 2825 966 2910 conjicere.
984 2847 1027 2904 ¹eo
1050 2826 1149 2912 magis
1169 2847 1263 2892 ruere
1281 2827 1316 2890 in
1339 2852 1416 2894 suos

356 2851 490 2992 bellum
514 2928 664 3000 tantoque
686 2912 840 2996 majorem
861 2923 996 2998 stragem
1016 2911 1118 2988 edera,
1134 2935 1229 2998 quam
1244 2913 1327 2977 inter
1341 2913 1418 2980 lios-

351 3013 415 3080 ,tes
436 3000 609 3076 ediderant,
632 2997 786 3083 ⁸²quanto
815 2997 917 3062 acrius
951 3019 1049 3082 pavor
1076 3013 1310 3064 consternatam
1336 3003 1417 3088 agit,

357 3107 453 3174 quam
477 3085 638 3150 insidentis
661 3083 802 3172 magistri
823 3083 955 3167 imperio
970 3085 1099 3171 regitur.
1143 3086 1180 3148 ln
1196 3087 1416 3170 perturbatam

357 3188 539 3240 transcursu
554 3171 730 3238 belluarum
744 3170 843 3240 aciem
857 3173 947 3256 signu
958 3169 1099 3236 ,inierunt
1119 3170 1256 3240 Romani
1275 3174 1416 3257 pedites:

375 3353 616 3428 diminuendam]
631 3359 870 3434 Retinendum,pon-
903 3363 978 3410 turba.
1012 3364 1069 3426 Ipsa
1079 3364 1261 3424 elephantorum
1273 3367 1417 3426 corpornob
1448 3369 1455 3378 '

357 3431 511 3482 arvandum.
903 3429 994 3474 molem
1015 3434 1098 3488 patant
1120 3429 1222 3476 ictibus:
1250 3431 1293 3476 sed
1314 3433 1365 3476 tum
1387 3445 1418 3480 eo

390 3493 421 3542 ta
437 3495 542 3542 Sinistra
553 3496 590 3542 ata
606 3525 614 3544 .
625 3525 632 3540 ·
646 3527 653 3540 .
665 3526 672 3540 .
688 3498 710 3540 ct
720 3493 781 3552 legio
791 3489 872 3540 uiceri-
903 3493 981 3552 magis
991 3495 1056 3552 quod
1066 3493 1174 3539 conferta
1184 3499 1235 3538 erat
1245 3495 1338 3540 turba(

356 3559 407 3622 arn]
431 3559 634 3608 Pronunciaverat
653 3557 783 3616 Marcellus
802 3570 828 3604 se
846 3558 871 3604 in
935 3553 965 3604 81
986 3557 1019 3604 Ut
1036 3561 1161 3618 ratgerus
1178 3559 1272 3621 nnccpr]
1289 3557 1416 3606 Utbellua

356 3623 463 3684 primam
477 3621 564 3672 'aciem
595 3625 753 3670 inducturum
778 3635 828 3680 eos,
855 3634 869 3666 a
900 3621 942 3668 ssla
961 3617 1081 3682 ejusmodi
1100 3627 1145 3678 est,
1163 3636 1218 3682 quae
1241 3629 1292 3668 tarn
1311 3622 1337 3669 in
1357 3637 1416 3671 suos

319 3723 322 3728 ι
356 3687 445 3748 quibus
456 3688 532 3747 pridie
543 3689 602 3750 fuga
612 3695 665 3734 orta
676 3691 751 3734 esset:
770 3686 795 3731 in
807 3700 869 3746 prte-
901 3687 1177 3750 quaminhoatesruat.

356 3753 451 3799 cedenti
470 3761 553 3800 autem
575 3766 657 3814 pugna
677 3751 736 3812 iuga
757 3752 834 3797 oritur
855 3764 870 3798 a
909 3797 911 3800 ,
933 3749 964 3798 82
983 3749 1074 3806 Qunrrto
1095 3751 1172 3797 acrius
1186 3765 1262 3815 pauor
1281 3753 1414 3810 marturan-

356 3815 442 3862 dextra
460 3819 508 3878 ala,
527 3831 557 3865 ac
575 3817 661 3864 deinde
677 3815 871 3862 duodevicesima
902 3813 1023 3876 inmugit]
1041 3815 1153 3876 intellige
1168 3817 1274 3862 belluam
1294 3815 1372 3870 iliam,
1384 3817 1414 3864 rl-

355 3880 457 3941 legiona
492 3883 579 3944 Itaque
595 3881 684 3932 mirum
697 3879 773 3928 videri
788 3881 869 3940 debet,
900 3883 951 3928 lam
962 3877 1330 3928 belluaeindoicmetnaturmn.
1359 3879 1416 3930 Hoc

355 3945 419 4005 quod
432 3945 471 3995 hic
481 3948 579 3995 sinistra
587 3947 626 3992 ala
637 3953 661 3994 et
676 3944 790 3992 vicesima
806 3945 869 4006 legio
900 3947 955 3994 ideo
975 3949 1096 3999 notamus,
1111 3959 1159 3991 non
1178 3945 1242 4005 quod
1261 3945 1353 4004 aliquid
1371 3947 1416 3992 ob·

354 4011 380 4056 in
391 4011 472 4070 prima
482 4013 532 4060 acie
544 4017 660 4072 pugnant.
846 4054 853 4071 ,
901 4021 1000 4057 scurum
1022 4010 1063 4068 sit,
1082 4009 1125 4055 sad
1145 4009 1203 4070 quia
1224 4009 1347 4070 precessit
1366 4022 1415 4058 vox

387 4072 419 4124 79
435 4075 782 4138 urguo..,.prrmr11astatt]
794 4073 868 4136 Signo
900 4073 979 4122 nuuc
999 4086 1101 4122 numero
1122 4071 1225 4134 pluralis
1251 4073 1316 4120 unde
1338 4073 1415 4120 offert-

352 4140 427 4201 pn‘mi
437 4142 558 4202 manipuli
570 4141 737 4188 Hastatorum.
899 4140 956 4185 dere
973 4149 1043 4198 posse
1062 4137 1184 4186 videretur
1201 4139 1350 4198 subsequens
1371 4151 1416 4184 no·

384 4205 417 4255 80
434 4206 529 4252 Ettam
542 4205 644 4268 consata
660 4203 740 4266 turia]
759 4204 866 4250 Parvum
898 4217 956 4264 rnen
978 4203 1100 4264 snguine
1119 4207 1295 4253 numatam
1328 4201 1366 4250 De
1389 4215 1417 4250 re

351 4277 402 4336 asta
420 4271 462 4318 sed
481 4269 610 4332 credimus·
620 4269 741 4333 scripsisse
758 4269 866 4326 Livium,
898 4267 977 4330 magia
987 4281 1062 4328 quam
1073 4269 1103 4316 da
1111 4269 1190 4318 verbis
1201 4269 1295 4318 laborat
1306 4265 1400 4316 livius·

350 4333 422 4381 utin
442 4334 496 4380 l'ut.
515 4335 577 4379 libro
595 4339 677 4394 ast,ct
695 4332 864 4394 iumconfirtc
906 4333 909 4340 “
968 4343 971 4350 ’
1250 4343 1251 4346 ’
