3060 4960
423 132 519 195 mu.
539 127 639 196 xxx.
666 85 893 198 canava.
1129 131 1206 206 ,sas

122 296 170 362 ad
182 305 318 364 sennam
333 297 445 364 mittite
453 291 581 384 legatos.
626 288 678 364 Ita
687 296 808 362 dimissi
819 293 1109 383 Karthaginienses,
1121 295 1193 362 nul·
1202 306 1233 354 U·
1246 308 1274 354 c.
1284 311 1340 358 scs.

125 381 172 449 lss
181 384 372 450 recusandas
381 385 580 450 conditiones
589 385 778 472 pacisquum
789 381 993 459 censuissent,
1001 384 1160 471 (quippeq
1181 373 1232 426 Ἀ
1245 373 1273 418 ⁰·
1283 378 1339 422 ²⁰⁸·

126 471 695 558 moramtemporisqaaeresent‚dum
704 467 1196 557 HannibalinAh·icamtrajice-'

124 561 187 637 ret)
201 557 321 644 legatos
332 556 411 624 alios
421 559 462 623 sd
471 559 664 644 Scipionem,
676 555 1026 634 utinducissiacerent,
1036 555 1114 622 alios
1127 559 1195 623 Ro-
1243 569 1245 574 '

42 693 54 721 ὃ
124 643 384 730 mamadpsoent
392 646 560 730 petendam
574 645 714 722 mittunt,
722 643 875 709 ducentes
884 645 1193 732 paucosinspeciem

121 730 782 820 captivoqperfugasquqetfugitivos,quo
790 729 1021 817 impetrabilior
1031 751 1094 818 pax
1103 745 1192 796 esset.
1312 803 1314 808 ,

142 855 147 864 κ
169 815 282 881 xv11.
307 815 421 883 Multis
435 832 509 884 ante
523 818 634 884 diebus
651 818 867 895 lsoeliusficum
884 816 1032 904 Syphace
1042 819 1191 902 primori·
1201 829 1288 907 teti-ur
1301 843 1356 877 eon
1463 867 1465 872 .

122 901 249 989 busque
258 903 472 970 Numidarum
480 905 624 992 captivis,
636 905 772 970 Romam
783 903 881 979 reniti
897 903 1192 992 quaeqaeiuAfrica
1200 898 1356 1010 sepriense:

121 1001 213 1075 gesta
224 1003 339 1068 essent,
350 993 612 1077 omnisexposuit
622 991 735 1056 ordine
746 990 904 1070 Patribus,
915 991 1037 1078 ingenti
1046 976 1263 1057 omniumuum
1274 975 1329 1010 '⁶¹¹¹

119 1088 157 1141 et
172 1077 204 1142 iu
221 1097 360 1161 praesens
378 1078 500 1158 loesieia,
514 1090 545 1144 et
561 1079 594 1142 in
608 1077 751 1143 futurum
766 1099 831 1164 spe.
877 1077 1023 1143 Consulti
1038 1077 1113 1144 iude
1129 1079 1192 1145 Pu·

122 1176 190 1227 tres
204 1182 311 1251 regem
326 1165 358 1229 in
370 1161 547 1230 custodiam
558 1164 673 1234 Albam
684 1163 873 1229 mittendum
884 1175 1092 1230 censuerunt:
1118 1165 1193 1232 Loe-

122 1249 205 1314 lium
230 1251 445 1332 retinendum,
468 1251 571 1317 donec
595 1251 692 1338 legati
723 1250 1008 1339 Karthaginienses
1037 1253 1193 1320 venirent.

126 1335 329 1422 supplicatio
349 1340 383 1402 iu
397 1338 603 1425 quatriduum
626 1338 755 1404 decreta
775 1350 832 1403 est.
878 1337 915 1402 P.
932 1336 1039 1402 AElius
1060 1353 1191 1424 praetor,

122 1434 237 1488 senatu
259 1424 367 1501 misso,
382 1439 415 1490 et
435 1426 591 1490 ooncioue
610 1424 686 1489 inde
706 1424 869 1500 advocata,
886 1445 959 1489 cum
983 1425 1024 1492 C.
1042 1425 1145 1490 Laelio
1158 1427 1192 1490 in

125 1509 246 1574 Rostra
254 1510 405 1577 escendit.
443 1512 494 1576 1bi
505 1533 581 1576 vero
590 1512 763 1588 audientes,
777 1514 865 1576 tusos
876 1509 1191 1596 Karthaginiensium

121 1596 291 1682 exercitus,
306 1597 467 1664 devictum
482 1611 514 1663 et
531 1609 660 1684 ceptum
681 1597 817 1684 ingentis
832 1597 970 1662 nominis
985 1621 1105 1686 regem,
1122 1603 1193 1664 Nu·

123 1682 255 1747 midiam
270 1704 398 1749 omnem
413 1684 540 1772 egregia
554 1686 687 1750 victoria
708 1697 919 1772 peragratam,
935 1686 1067 1750 tacitum
1090 1687 1193 1751 conti-

123 1789 202 1833 nere
215 1769 369 1857 gaudium
381 1793 446 1835 non
458 1783 616 1855 poterent,
628 1771 705 1858 quin
717 1770 920 1847 clamoribus,
934 1771 1110 1859 quibusque
1121 1773 1192 1838 aliis

125 1854 299 1922 multitudo
321 1858 412 1934 solet,
423 1857 570 1928 ,laetitiam
593 1857 784 1940 inmodicam
807 1857 1034 1945 significarent.
1081 1859 1194 1946 ltaque

7 2015 8 2026 χ
123 1953 246 2028 proetor
266 1944 431 2030 externplo
451 1945 559 2024 edixit,
581 1945 638 2011 Uti
650 1946 761 2010 aditui
780 1948 861 2009 cedes
880 1965 986 2024 sacras
1006 1967 1107 2010 ornnes
1125 1957 1192 2011 tota

7 2047 8 2054 ¹
121 2029 198 2093 arbe
220 2033 390 2113 aperirent,
414 2033 629 2110 circumeundi
655 2033 873 2116 salutandique
897 2033 993 2110 Deos,
1020 2033 1193 2116 agendique

7 2119 8 2200 J
118 2125 228 2200 grates
236 2137 298 2200 per
311 2127 406 2182 totam
420 2121 500 2183 diem
509 2121 627 2202 popolo
635 2119 884 2202 potestusfieret.
930 2117 1064 2182 Postero
1077 2118 1132 2183 die
1145 2120 1190 2184 le·
1198 2136 1323 2184 ontion-

108 2212 215 2289 ¹gatos
230 2202 409 2268 Masinissa*
423 2205 455 2268 iu
471 2219 616 2270 mustum
631 2203 821 2270 introduxit.
865 2203 1028 2270 Gratulati
1048 2205 1306 2291 primunt-tuse

7 2283 9 2304 '
121 2289 245 2354 senmui
260 2303 343 2368 sunt,
360 2294 442 2375 qnod
454 2293 495 2358 P.
511 2293 616 2375 Scipio
629 2313 776 2374 prospere
788 2313 837 2356 res
852 2293 886 2356 in
901 2292 1015 2378 Africa
1026 2270 1330 2381 gessissetsssffifffi'*

7 2371 9 2406 r
117 2373 239 2440 deinde
253 2378 370 2465 gratiss
381 2389 524 2463 egerunt,
535 2380 616 2463 qaod
623 2378 826 2443 Masinissam
834 2399 895 2442 non
906 2381 1091 2462 adpellasset
1101 2382 1190 2444 modo

120 2482 231 2547 regern,
247 2463 302 2528 sed
309 2465 447 2548 flasset,
463 2467 650 2530 restituendo
672 2467 706 2528 in
722 2475 888 2547 paternam
909 2487 1050 2550 regnans.-
1074 2468 1109 2530 ia
1130 2487 1192 2551 qao

117 2559 191 2632 post
204 2550 369 2636 Syphacem
384 2551 545 2631 sublatam,
560 2553 589 2616 si
603 2553 650 2615 ita
663 2551 813 2616 Patribus
827 2553 921 2616 uisura
937 2562 1021 2629 esset,
1033 2555 1101 2617 sine
1110 2564 1192 2620 metu

8 2649 9 2654 ’
120 2645 152 2699 et
160 2638 325 2700 certamine
334 2648 608 2722 essetregnatarns.
632 2637 732 2718 Dein,
742 2640 824 2722 qaod
830 2641 1044 2702 remandatum
1047 2662 1111 2722 pro
1119 2663 1191 2704 eon·

13 2751 20 2760 ·
119 2723 210 2786 eiorte
222 2725 420 2806 amplissimis
430 2727 598 2789 decorasset
608 2726 714 2790 donis.-
737 2724 845 2808 quibas
858 2745 896 2789 ne
907 2726 1053 2810 indignas
1063 2738 1148 2804 esset,
1161 2737 1192 2794 et

8 2845 9 2850 κ
120 2809 241 2873 dedisse
254 2830 378 2893 operans
393 2809 606 2889 Masinissam,
621 2813 990 2894 etporroduiaramesse.
1023 2813 1144 2889 Petere,
1156 2825 1192 2877 at

8 2903 9 2928 ³
121 2895 240 2979 regiam
254 2917 361 2960 nomn
374 2907 534 2982 ceteraque
546 2898 700 2982 Scipionis
713 2898 859 2980 beneficia
873 2907 904 2962 et
924 2919 1050 2961 manera
1067 2910 1192 2964 serratas

120 2983 243 3046 decreto
251 2985 464 3066 confirmaret:
485 2994 526 3063 et,
538 2985 602 3049 nisi
611 2985 763 3049 molestum
774 2993 858 3061 esset,
871 2984 952 3048 iliad
958 3005 1075 3068 qnoque
1082 2996 1191 3069 petere

122 3065 336 3149 Masinissam,
346 3079 381 3134 at
391 3071 542 3136 Nnnidas
551 3072 698 3154 captivos,
710 3072 765 3154 qai
774 3071 883 3154 Roma
892 3071 925 3135 in
934 3074 1073 3136 custodia
1082 3085 1189 3150 essent,

120 3155 319 3221 remitterent.
365 3157 406 3220 Id
428 3157 490 3221 sihi
510 3157 644 3241 amplam
665 3159 753 3241 apud
772 3159 939 3240 populares
950 3158 1098 3242 satanan
1118 3179 1189 3225 esse.
1240 3163 1246 3174 '

121 3239 174 3305 Ad
185 3263 223 3306 ea
233 3263 419 3328 responsum
432 3242 558 3332 legatis:
581 3245 698 3308 ansrn
708 3254 864 3328 gestamen
874 3245 908 3308 ia
918 3244 1032 3328 Africa
1041 3267 1190 3328 prospere

117 3349 300 3394 cornmnnem
313 3331 374 3394 sibi
387 3353 452 3394 cam
466 3333 537 3416 rege
549 3331 791 3416 gratulationem
806 3352 877 3398 esse.
921 3332 1094 3416 Scipionem
1109 3343 1190 3396 recte

119 3425 214 3499 atque
220 3418 337 3482 ordine
351 3417 582 3503 viderifiersse,
591 3419 673 3501 qaod
681 3439 746 3480 arm
757 3439 857 3501 regern
871 3411 1094 3498 adpellaverit:
1117 3415 1190 3495 6iet,

119 3504 274 3588 quidquid
286 3505 505 3589 aliudfeeerit‚
522 3507 604 3590 qteod
615 3506 704 3567 cordi
711 3505 805 3588 foret
819 3503 1010 3584 Masinissae,
1026 3527 1063 3566 ea
1075 3507 1191 3569 Patres
1311 3557 1315 3572 .

118 3589 316 3674 conprobare
329 3599 422 3676 atque
433 3593 574 3656 insedere.
620 3588 770 3668 Munera,
783 3613 855 3678 quae
870 3589 965 3676 legati
975 3589 1095 3655 ferrent
1109 3593 1188 3678 regi,

79 3679 86 3691 “
120 3674 346 3742 decreverunt:
369 3675 480 3764 sagula
494 3698 656 3762 purpurea
670 3675 735 3742 duo
750 3699 823 3742 cum
838 3675 945 3742 fibulis
959 3678 1063 3742 aureis
1078 3677 1189 3764 singu·

120 3761 170 3838 lis,
192 3773 225 3826 et
249 3761 315 3828 lsto
340 3762 430 3828 olavo
457 3764 591 3829 tunicis:
621 3777 653 3830 et
676 3785 774 3851 equos
800 3764 866 3830 duo
886 3762 1085 3850 phaleratos:
1112 3764 1189 3829 bina

119 3848 279 3936 equestria
302 3867 391 3915 arma
412 3868 486 3915 cum
509 3850 632 3916 loricis:
664 3863 696 3916 et
719 3849 934 3934 tabernacula,
958 3851 1190 3938 militaremque

155 4069 187 4113 66
204 4067 249 4122 Et.
266 4069 384 4132 quidquid
397 4071 642 4134 alindseeerit..ea
674 4070 773 4120 xxnt.
790 4079 848 4122 aa.
864 4077 889 4119 et
904 4069 968 4120 alibi.
1000 4071 1047 4120 Sed
1069 4073 1115 4120 hoc
1136 4075 1189 4122 loeo

122 4130 223 4196 Patres]
244 4135 292 4181 Hie
309 4137 400 4184 numeri
418 4153 468 4187 nou
483 4139 529 4185 sibi
544 4152 642 4199 respon·
673 4139 727 4186 rut.
740 4139 799 4186 liber
812 4153 855 4200 pro
872 4154 901 4184 ea
917 4139 1013 4185 exhibet
1031 4141 1080 4192 eise
1098 4139 1189 4186 Victor.

121 4199 194 4245 dent:
221 4200 381 4262 quidquid..
399 4219 435 4250 ea.
470 4205 532 4251 Saue
554 4205 642 4252 recedit
674 4205 703 4253 ei.
737 4204 793 4260 legi
807 4204 893 4266 possit,
905 4211 928 4251 et
944 4205 1040 4263 Patres,
1051 4205 1133 4264 idest,
1145 4207 1190 4252 Pa-

122 4276 172 4310 non
190 4277 242 4310 raro
258 4265 339 4314 Livius
357 4282 371 4314 s
387 4271 508 4316 consuetis
520 4271 642 4316 Gramma·
674 4277 830 4330 tresquoque.

121 4330 177 4378 tice
200 4329 301 4391 legibus,
322 4338 350 4380 ut
374 4333 550 4382 observavimus
573 4336 602 4382 ad
626 4334 641 4380 l.

164 4413 237 4458 VOL·
255 4416 294 4459 ll·
680 4425 684 4433 ’
728 4419 783 4464 00
