3060 4960
461 153 555 215 urs.
579 146 680 214 xxx.
710 144 814 214 cnr.
836 150 954 216 xnu
1169 131 1228 215 sos

12 357 15 366 .
158 315 223 382 tius
238 316 399 398 tenuisset,
415 318 450 386 ni
463 341 504 384 ex
518 309 668 384 subsidiis
688 316 904 384 tertiadecima
924 316 1019 407 legio,
1034 317 1066 382 in
1088 316 1224 403 primurn
1235 333 1306 383 tuo.
1316 336 1374 382 sse.

9 405 12 412 '
79 436 82 444 .
159 403 411 483 aoieminductn
426 403 753 491 wproeliumdubium
767 404 971 490 excepisset&
995 403 1131 494 ⁷¹Mago
1167 400 1371 470 uo-A·⁰=⁹⁰³·

158 505 237 577 que·
256 513 299 558 ex
320 491 465 559 subsidiis
488 492 599 558 Gallos
621 493 754 578 integrus
775 490 894 580 legioni
919 490 1096 578 obposuitt
1142 427 1225 569 bui·
1481 494 1487 502 '

158 577 218 642 bus
231 577 317 643 houd
333 596 450 667 magno
467 578 639 644 certamine
653 579 740 655 fusis,
753 573 871 664 hastati
892 577 1026 667 legionis
1047 575 1225 644 undecima

158 663 353 753 conglobant
377 687 455 743 sese,
481 677 577 752 atque
601 663 785 750 elephantos
810 664 926 729 ⁷¹'em⁰
950 665 1094 750 peditum
1123 664 1224 730 aciem

155 751 322 816 turbantes
341 750 510 817 invadunt.
531 750 565 817 in
588 771 667 838 quos
682 769 780 839 quum
805 750 870 836 pis
895 750 1052 818 confertos
1073 751 1225 838 conjecis-

158 851 241 919 sent,
255 837 345 903 nullo
357 837 455 904 ferme
470 837 587 902 frustra
601 837 725 923 emisso,
744 858 854 903 omues
876 851 964 903 retro
983 839 1016 905 in
1034 839 1135 904 aciem
1149 859 1224 904 suo-

155 943 229 989 rum
258 936 456 990 everterunt:
487 936 625 1012 quatuor
652 923 775 1012 gravati
803 922 985 990 vulneribus
1018 937 1224 990 conruerunt.

156 1009 245 1076 'l'um
260 1012 365 1097 prims
386 1023 546 1076 commotu
567 1010 707 1078 hostium
722 1012 815 1088 scies,
830 1008 923 1076 sitnul
945 1010 1094 1077 omuibus
1107 1010 1223 1096 pediti·

156 1095 227 1176 bus‚
249 1111 286 1162 ut
311 1116 435 1162 eversos
457 1097 566 1162 videre
586 1096 781 1184 elephantos,
797 1096 838 1162 ud
864 1098 1045 1186 sugendum
1071 1117 1222 1184 pavorem

155 1206 195 1250 oo
219 1183 392 1252 tumultum
418 1183 533 1250 effusis.
556 1183 622 1263 sed,
648 1183 751 1250 donec
776 1184 863 1249 stetit
886 1197 960 1249 onte
989 1181 1082 1272 signe
1108 1182 1221 1274 Mago,

179 1268 290 1336 redum
314 1271 428 1336 sensim
452 1271 621 1336 referentes
642 1271 782 1349 ordines,
808 1281 950 1335 tenorem
976 1293 1019 1356 pu
1066 1293 1095 1335 ae
1117 1293 1222 1336 serve-

153 1293 251 1435 bonu
281 1369 450 1444 postquem
471 1356 588 1423 femine
608 1357 762 1422 transfixo
783 1357 958 1436 cedentem,
977 1358 1159 1445 auersique
1180 1371 1337 1445 exvtneuns

154 1444 271 1532 proelio
296 1465 397 1548 prope
421 1465 614 1533 exsanguem
636 1445 751 1520 videre,
775 1443 938 1530 extemplo
963 1444 996 1508 iu
1019 1445 1129 1532 fugem
1150 1439 1339 1510 wunnerus

155 1549 213 1594 nes
226 1553 318 1596 versi.
340 1530 538 1618 advquinque
559 1528 657 1594 millio
671 1530 810 1595 hostium
832 1553 871 1595 eo
893 1530 949 1594 die
967 1551 1060 1611 caess,
1076 1544 1108 1596 et
1129 1531 1221 1618 signu

156 1617 306 1682 militarie
319 1617 386 1682 duo
400 1631 432 1682 et
446 1617 475 1681 vi
500 1618 558 1683 inti
572 1629 676 1702 capte.
722 1617 792 1682 Nec
808 1616 963 1681 Romanis
977 1617 1146 1684 incruento
1156 1617 1221 1684 vic-

154 1703 237 1768 toria
251 1704 326 1770 suit:
350 1703 416 1769 duo
431 1641 530 1769 millis
551 1715 583 1769 et
600 1703 732 1770 trecenti
753 1702 794 1767 de
815 1703 957 1768 exercitu
970 1704 1130 1806 praetoris,
1144 1725 1220 1792 pers

154 1788 258 1856 multo
272 1789 410 1856 maxime
424 1812 465 1856 ex
482 1789 606 1878 legione
620 1788 818 1864 duodecimo,
830 1789 947 1856 amissi.
969 1790 1044 1855 inde
1055 1790 1220 1857 ettribuni

154 1877 290 1942 militum
313 1875 386 1954 duo,
404 1873 453 1942 Μ.
470 1875 655 1954 Cosconius,
672 1889 703 1942 et
719 1875 769 1941 M.
782 1874 940 1941 Maenius:
963 1877 1066 1944 tertiae
1084 1877 1219 1944 decime

152 1985 282 2052 quoque
303 1963 445 2052 legionis,
469 1987 541 2052 quae
559 1975 725 2066 postremo
745 1962 863 2047 proelio
884 1961 1038 2045 adfuerat,
1055 1963 1118 2029 Cn.
1136 1964 1220 2029 Hel·

152 2051 222 2115 vius
244 2051 389 2117 tribunus
404 2049 541 2115 militum
557 2069 590 2114 1n
614 2049 804 2116 restituendo
825 2071 936 2138 pugna
956 2049 1081 2130 cecidit,
1100 2064 1133 2115 et
1153 2051 1220 2116 duo

153 2149 185 2202 et
201 2137 312 2225 viginti
326 2135 426 2201 ferme
440 2137 562 2224 equites
576 2135 735 2213 inlustres,
750 2134 862 2200 obtriti
884 2135 924 2200 sb
943 2135 1130 2222 elephantis,
1145 2159 1219 2204 curn

152 2221 391 2290 centurionibus
405 2223 528 2309 aliquot
541 2223 720 2308 perierunt:
743 2233 776 2286 et
791 2221 917 2312 longius
929 2237 1088 2289 certamen
1099 2221 1218 2304 fuisset,

151 2309 187 2376 ni
203 2309 332 2375 vulnere
345 2308 435 2374 ducis
448 2331 599 2375 concesso
612 2309 743 2374 victorie
757 2322 848 2374 esset.
928 2333 930 2338 ’
1219 2363 1223 2374 .

199 2396 296 2462 XIX.
321 2395 433 2485 Mago,
450 2396 604 2480 proximae
617 2395 720 2460 noctis
733 2394 859 2460 silentio
877 2394 1048 2481 profectus,
1063 2410 1217 2484 quantum
1227 2417 1302 2480 nugo
1309 2417 1362 2476 Jus-

132 2484 220 2584 'psti
241 2483 300 2548 viae
322 2505 381 2568 per
400 2481 514 2548 vulnus
535 2494 671 2569 poteret,
685 2479 888 2548 ”itineribus
907 2482 1053 2562 extentis,
1068 2484 1111 2550 ud
1132 2482 1377 2564 mare⁸¹¹⁸³¹¹lffb

11 2571 13 2578 ⁴
125 2597 129 2604 ·
152 2589 188 2634 ru
205 2569 341 2658 Ligures
358 2570 518 2656 Ingaunos
530 2568 682 2655 pervenit
704 2567 750 2632 ibi
760 2566 855 2633 euml
896 2569 992 2634 stiub
1005 2549 1370 2659 Karthagine,⁰¹“⁴¹“¹¹'⁶'

152 2657 264 2742 paucis
278 2668 352 2721 ente
366 2656 477 2722 diebus
492 2657 525 2720 in
543 2655 648 2722 sinum
665 2653 824 2721 Gallicum
888 2655 988 2741 pulsis
1001 2657 1146 2737 novibus,
1162 2659 1220 2726 ad·
1250 2655 1256 2662 ⁸

153 2743 268 2820 ierunt,
279 2743 436 2831 jubentes,
451 2743 556 2830 primo
594 2754 858 2829 uoquetetnpore
879 2742 913 2807 in
929 2741 1073 2809 Africam
1095 2746 1219 2832 trajice·

151 2851 197 2894 re.
220 2831 299 2894 idem
314 2839 344 2894 et
345 2829 486 2914 fratrem
500 2829 563 2914 ejus
571 2766 787 2894 licnnibalem
804 2835 887 2910 (nam
899 2831 942 2893 cd
954 2851 1020 2895 mm
1033 2851 1151 2920 quoque
1161 2832 1221 2898 isse

149 2917 268 3000 legatos
282 2917 386 2980 eudem
397 2915 553 3000 jubentes)
564 2916 736 3002 sucturum.
782 2915 854 2980 Non
870 2915 904 2979 in
919 2937 953 2978 eo
968 2917 1129 2984 esseKart
1198 2921 1219 2969 '·
1289 2953 1292 2958 ·

150 3003 301 3068 niensium
315 3023 374 3080 res,
389 3012 424 3066 ut
440 3002 581 3067 Galliam
595 3011 688 3086 utque
698 3001 827 3065 Italiam
838 3003 934 3066 annis
943 3003 1111 3072 obtineant.
1184 3027 1217 3070 e·
1287 3047 1288 3050 =

150 3109 205 3179 go,
235 3109 301 3153 non
330 3087 466 3173 imperio
496 3089 591 3152 modo
619 3099 745 3152 senatus
773 3086 979 3176 periculoque
1006 3093 1120 3176 pstriae
1148 3114 1219 3158 mo·

151 3186 214 3252 tus,
245 3174 299 3240 sod
326 3187 469 3240 metuens
496 3175 604 3256 etium,
629 3194 671 3238 ne
698 3173 800 3238 victor
829 3174 927 3242 bostis
954 3179 1093 3244 moranti
1122 3178 1218 3244 instu-

184 3345 440 3410 emunctores.
545 3347 859 3414 marapetinum
965 3348 1218 3414 boppsssoeesuron
1253 3325 1283 3354 'l

151 3415 164 3447 ⁶
169 3412 228 3475 jam
238 3415 313 3460 ets'osn
322 3413 397 3463 Gron.
409 3415 477 3462 Cres.

184 3567 216 3612 7ο
239 3557 356 3609 Pretium
394 3562 493 3612 dubium
530 3561 670 3628 excepisset]
703 3595 777 3615 .....
786 3565 939 3627 opposuisset.
955 3564 1079 3614 Absurde:
1097 3569 1220 3617 nonenim

151 3627 289 3674 Gmnoeius
304 3627 378 3676 edidit
394 3631 531 3692 espstr'seet,
542 3631 669 3678 obsecutus
702 3633 749 3680 boo
759 3630 785 3677 in
802 3643 874 3678 esuss
882 3630 940 3688 tuit,
952 3641 995 3680 cus
1005 3632 1145 3682 duodecim
1157 3636 1220 3697 legio

151 3692 289 3740 annositati
312 3693 470 3754 complurium
492 3694 561 3742 MSS·
593 3696 670 3744 Nobis
702 3698 890 3746 tencretloennr.
950 3729 953 3736 .
1280 3745 1284 3754 ,

151 3771 194 3819 pro
211 3757 313 3806 lectione
329 3759 435 3821 priorum
452 3759 581 3818 editorum,
597 3775 668 3823 quum
733 3768 764 3813 ⁷2
781 3761 841 3812 Jnsn
859 3763 933 3810 etiem
946 3763 1057 3826 peditans
1075 3767 1151 3814 ndens
1167 3772 1221 3814 tur·

150 3822 320 3879 messuimus,
332 3824 467 3872 rstiostsre
477 3825 529 3872 viss
539 3829 585 3873 eet.
701 3824 795 3890 dantes]
817 3829 937 3877 Peniculo
954 3831 1031 3878 etin
1047 3835 1128 3892 potest
1144 3833 1219 3880 videri

183 3894 211 3938 ⁷1
230 3887 395 3951 Mogoqesees·
410 3890 526 3938 abddita
538 3891 669 3939 Gallesio-
702 3894 742 3941 bic
762 3893 816 3940 ideo
834 3893 915 3942 sddits
933 3909 948 3941 s
967 3896 1046 3953 Livio,
1065 3897 1123 3958 quis
1141 3898 1219 3959 prino

150 3958 228 4014 tegre
246 3955 339 4015 legione·
355 3951 476 4018 opposuit]
506 3957 670 4017 Represeuts·
701 3960 835 4020 equiutum
851 3960 988 4008 menum
1002 3961 1159 4012 turbsvenot
1172 3966 1220 4011 ele·
1250 3961 1254 3971 '

149 4032 204 4066 mus
221 4019 296 4080 ipsum
316 4021 372 4068 Pet.
389 4024 415 4067 et
434 4020 494 4082 regii
510 4021 577 4069 codd·
595 4021 670 4084 scrip·
702 4025 795 4086 puncti.
828 4023 889 4072 Rem
907 4031 988 4074 temen
1007 4027 1098 4075 omittit
1117 4030 1172 4078 Put.
1191 4030 1219 4076 li·

149 4087 237 4132 turem.
271 4084 332 4134 Qun
348 4091 429 4133 umen
445 4093 475 4134 ut
489 4088 561 4148 plone
574 4086 668 4134 sensi*
699 4089 1065 4147 ber,etuouseGronoeisnis.
1159 4089 1164 4099 '

149 4149 208 4206 cist,
227 4149 357 4210 legendum
374 4157 411 4196 est
428 4152 507 4214 Mago
523 4167 622 4214 quoque,
638 4157 668 4200 nt
732 4152 1041 4219 ravennatensem]
1051 4158 1133 4210 Quum
1146 4160 1219 4208 itius-

148 4213 230 4260 voluit
240 4213 393 4262 Gronoviusz
410 4222 435 4264 et
447 4217 570 4264 itsbsbsri
583 4219 610 4266 in
621 4230 670 4264 uno
701 4231 729 4266 rs
749 4219 904 4278 extendisset,
924 4235 997 4282 quum
1016 4223 1117 4286 singulis
1135 4226 1218 4274 diebus

148 4294 163 4324 e
183 4277 234 4324 suis
252 4279 373 4327 Hesruius
388 4284 498 4330 testetur.
532 4283 581 4330 Hic
599 4283 670 4343 vulgo
702 4285 806 4332 monum
827 4285 920 4334 itineris
936 4289 1221 4349 mufecisut.'quenturn

150 4342 265 4392 edebatur
276 4345 399 4408 Magoque
415 4362 446 4396 es·
460 4347 575 4395 subsidite
592 4348 672 4396 uatus
703 4353 784 4398 temen
795 4349 839 4397 vie
850 4363 905 4400 eunt
915 4354 966 4415 peti
977 4354 1070 4402 siuebst
1082 4355 1176 4403 mnus.

736 4422 830 4486 002
