3136 4970
349 593 628 686 aerioma
654 587 829 682 moal
856 597 1023 682 xxlx.

149 956 235 1044 EX
245 977 357 1043 Sicilia
374 975 410 1043 C.
427 977 546 1042 Laelius
567 978 600 1040 in
615 975 756 1062 Africam
779 998 799 1038 a
821 973 965 1058 Scipione
985 971 1090 1040 missen
1112 977 1219 1060 ingon-

150 1075 210 1129 tem
237 1065 381 1148 pradum
410 1064 591 1148 reportavit,
618 1073 648 1126 et
676 1064 824 1126 mandata
855 1061 1036 1127 Masinissa
1061 1055 1222 1145 ¹Scipiani

151 1153 304 1235 exposuit,
326 1152 545 1236 conquerentis,
569 1151 651 1236 quod
674 1152 805 1212 nondum
830 1150 993 1212 exercitum
1022 1149 1056 1212 in
1078 1149 1221 1235 Africam

151 1237 330 1322 trajecisset.
364 1239 498 1303 ‚Bellum
524 1239 558 1300 in
584 1235 746 1320 Hispania
760 1236 903 1320 finitum,
930 1237 1044 1299 nictare
1067 1236 1220 1314 Romano,

153 1325 238 1410 quod
256 1323 405 1388 Indibilis
418 1323 631 1397 excitaverat,-
657 1324 722 1406 ipse
744 1325 778 1386 in
800 1324 866 1386 acie
887 1323 1009 1400 accisus,
1029 1321 1223 1386 Mandonius

153 1411 381 1494 exposcentibus
398 1411 551 1474 Romanis
572 1432 593 1472 a
613 1411 676 1474 suis
698 1411 892 1472 deditus'est.
937 1407 1084 1494 Magoni,
1101 1409 1155 1493 qui
1168 1407 1222 1472 ’in

157 1495 271 1562 Gallia
293 1507 323 1561 et
338 1497 506 1582 Liguribus
520 1505 597 1575 erat,
615 1519 652 1559 en
666 1495 779 1580 Africa
802 1504 832 1559 et
845 1495 975 1558 militnm
997 1495 1101 1580 ampla
1117 1517 1224 1560 manus

152 1586 257 1662 missa,
283 1589 314 1647 e't
330 1585 482 1666 pecunie,
509 1583 616 1667 quibus
643 1583 766 1647 ancilia
794 1583 991 1646 conduceret.-
1019 1591 1223 1666 precaeptum·

154 1692 223 1755 que,
239 1680 274 1734 ut
294 1692 325 1734 se
341 1669 523 1733 Hannibali
533 1668 711 1754 jungeret!
736 1669 841 1750 Scipio
861 1669 1056 1753 'aSpracusis
1077 1671 1110 1732 in
1128 1669 1224 1732 Brut-

153 1759 217 1821 tios
245 1755 378 1840 trajecit,
405 1765 435 1819 et
462 1757 587 1834 locros,
608 1757 699 1838 pulsa
726 1755 846 1819 Punico
869 1756 1031 1838 prasidio,
1045 1757 1225 1841 ficgntoque

156 1836 355 1919 Hannibale,
380 1843 505 1925 recepit.
551 1844 625 1906 Pau
652 1861 716 1904 cum
743 1841 895 1924 Pbilippa
910 1842 1008 1928 facta
1037 1851 1090 1906 est.
1135 1843 1224 1908 ldaa

156 1939 257 1993 mater
278 1929 441 2012 deportata
463 1937 508 1993 ost
529 1929 659 1992 Romam
681 1951 701 1991 a
721 1930 906 1992 Pessinunte
927 1929 1042 2010 oppido
1063 1927 1224 2014 Plapgiae,

157 2017 295 2080 carmine
316 2017 351 2079 in
372 2015 461 2079 libris
475 2015 636 2100 Sibyllinis
658 2016 791 2091 inuento,
805 2013 880 2099 pelli
902 2012 994 2078 Italia
1015 2013 1223 2100 alienigenam

157 2102 281 2166 hostem
304 2123 407 2186 posse,
424 2101 450 2164 si
471 2113 573 2164 mater
593 2099 683 2164 ldaea
703 2099 871 2184 deportata
887 2099 1025 2164 Romam
1046 2112 1135 2163 esset.
1157 2110 1226 2164 tra-

158 2190 229 2252 dita
252 2197 351 2252 autem
382 2197 425 2251 est
448 2187 600 2250 Romanis
618 2208 680 2274 per
701 2189 839 2250 Attalum
860 2208 960 2272 regem
982 2186 1079 2251 Asia.
1124 2188 1228 2270 Lapis

156 2283 236 2352 erat,
257 2295 342 2359 quem
364 2282 489 2337 matrem
504 2272 606 2338 Derim
628 2274 737 2336 incola
760 2273 913 2338 dicebant.
956 2275 1089 2356 Encepc't
1105 2275 1145 2337 P.
1161 2275 1228 2338 Sci·

155 2363 214 2445 pio
231 2361 347 2425 Nasica
365 2359 529 2439 Cnfilius,
549 2357 621 2442 ejus,
638 2359 693 2444 qui
709 2360 743 2422 in
760 2359 921 2444 Hispania
937 2361 1092 2441 perierat,
1108 2361 1158 2424 nir
1172 2381 1226 2443 op-

156 2449 250 2512 timas
278 2469 299 2510 a
327 2447 435 2512 s'enatu
456 2445 630 2529 judicatus,
660 2446 831 2510 adolescens
867 2447 998 2509 nondum
1035 2449 1225 2532 questorius,

159 2535 302 2620 quoniam
319 2535 366 2596 ita
378 2549 552 2616 responsum
556 2531 708 2617 jubebat:
730 2543 767 2596 ut
787 2552 905 2595 numen
928 2531 961 2596 id
983 2534 1024 2596 ab
1044 2533 1167 2618 optimo
1181 2533 1227 2596 vi-

160 2641 200 2684 ro
219 2619 411 2705 reciperetur
431 2629 739 2704 consecrareturque.
784 2619 951 2683 Eomenses
964 2621 1084 2704 legatos
1097 2621 1228 2684 Romam

158 2708 318 2786 misemcnt,
340 2706 394 2790 qui
415 2707 453 2769 de
475 2707 648 2789 inpotentia
674 2703 714 2780 Q.
734 2705 888 2769 Pleminii
900 2707 999 2790 legati
1019 2717 1227 2790 quererentur,

161 2795 243 2878 quad
260 2793 424 2875 pecuniam
448 2792 648 2876 Proserpina
669 2792 847 2868 abstulerat,
874 2803 905 2856 et
929 2791 1041 2856 liberos
1065 2814 1166 2856 earnm
1192 2816 1230 2856 ac

160 2877 301 2962 conjuges
328 2888 534 2961 stupraverat.
564 2879 759 2954 'Pleminius
791 2879 825 2941 in
854 2880 971 2942 catenis
999 2879 1130 2942 Romam
1154 2902 1229 2963 per-

161 2967 277 3041 ductus,
301 2967 336 3029 in
360 2986 481 3028 carcere
505 2973 639 3028 mortuus
660 2974 714 3029 est.
762 2962 861 3039 Quum
871 2965 979 3048 salsus
1001 2987 1106 3030 rumor
1126 2968 1164 3030 de
1188 2969 1228 3031 P.

160 3053 306 3134 Scipione
322 3052 511 3134 proconsule,
539 3053 594 3135 qui
615 3053 649 3114 in
666 3051 778 3116 Sicilia
804 3060 884 3127 erat,
906 3053 940 3114 in
965 3053 1066 3116 urbem
1087 3056 1231 3136 perlatus

162 3147 249 3219 esset,
265 3147 417 3221 tamquam
437 3138 464 3202 is
478 3139 702 3210 lucuriaretur‚·
726 3139 825 3202 missis
846 3137 883 3200 ob
896 3137 952 3202 boc
969 3141 1081 3222 legatis
1100 3161 1121 3203 a
1140 3161 1231 3204 sena-

161 3234 207 3300 tu,
224 3225 278 3307 qui
291 3226 498 3306 explorarent,
514 3245 556 3287 an
577 3246 615 3287 ea
630 3245 703 3288 aera
722 3233 829 3300 essent,
840 3235 995 3309 purgatus
1015 3227 1148 3310 irffamia
1162 3227 1230 3290 Sci-

155 3311 217 3394 pio
233 3312 267 3372 in
281 3309 424 3394 Africam
446 3309 579 3394 trajecit,
600 3319 722 3374 senuas
737 3311 900 3393 permissu.
944 3312 1080 3394 Syphace,
1104 3321 1231 3394 accepta

164 3398 200 3461 in
221 3398 447 3460 matrimonium
457 3397 535 3479 filia
551 3395 765 3460 Hasdrubalis
782 3395 938 3480 Gisgonis,
961 3398 1118 3474 amicitia,
1141 3399 1231 3481 qicam

162 3505 228 3547 mm
257 3483 401 3565 Scipione
430 3485 510 3565 ipse
519 3481 683 3566 jacuerat,
712 3483 916 3546 renunciavit.
960 3481 1145 3561 Masinissa,
1175 3507 1232 3548 rec

164 3569 396 3654 Massyliorum
413 3570 483 3632 dum
500 3589 563 3651 pro
579 3568 894 3654 Karthaginiensibus
916 3569 951 3631 in
965 3569 1128 3652 Hispania
1147 3573 1231 3635 mili-

163 3664 223 3734 tat,
244 3657 355 3719 amisso
370 3664 466 3738 patre
483 3655 632 3732 Gala„de
657 3677 751 3740 regno
774 3656 939 3718 occiderat.
963 3676 1021 3740 qno
1040 3677 1102 3739 per
1124 3657 1233 3722 bellum

162 3762 246 3825 sape
269 3743 410 3825 repetito,
431 3742 549 3825 aliquot
567 3743 693 3824 procliis
718 3762 738 3805 a
762 3741 900 3827 Sppbace
928 3764 1000 3826 rege
1027 3743 1234 3810 Numidarum
1259 3811 1264 3820 ,

199 3893 336 3956 laenam
353 3895 472 3958 ccpocnit]
505 3895 544 3943 Sic
564 3895 683 3943 vetustius
715 3896 877 3943 Gronovinnoe
901 3895 1019 3944 editiones
1046 3897 1137 3944 habent
1157 3901 1179 3946 et
1207 3901 1234 3946 tn

100 3982 108 3995 ·
163 3960 225 4007 euri.
258 3959 420 4008 Gronovianoe
441 3961 559 4008 editiones
580 3961 684 4019 deponit.
715 3959 850 4021 Liguribur-
884 3959 931 4006 Sed
953 3961 993 4007 hic
1012 3962 1099 4008 iterare
1121 3963 1234 4010 voculam

166 4025 215 4072 Sed
234 4025 296 4070 illud
313 4026 416 4072 alterum
435 4025 570 4072 &curatius
586 4037 684 4085 respon-
714 4025 741 4070 in
763 4036 850 4084 parum
876 4025 936 4072 utile
958 4026 1060 4072 ridetur.
1094 4025 1234 4088 Campanus

165 4091 208 4136 det
220 4090 253 4150 rii
263 4090 399 4148 reportarit,
412 4091 476 4150 quod
488 4090 611 4150 praecedit.
715 4088 789 4136 habet
806 4089 832 4133 in
850 4089 935 4134 Beulia
951 4091 977 4135 in
992 4090 1130 4152 liguribus.
1164 4092 1234 4140 Unde

199 4154 264 4202 2ln
281 4151 359 4200 Gallia
378 4159 400 4202 ct
416 4151 558 4216 Liguriam]
574 4153 641 4200 Olim
658 4156 684 4200 in
716 4152 818 4198 tortasse
836 4153 967 4212 legendum
984 4156 1010 4200 tn
1020 4156 1179 4218 Albingaunir
1190 4157 1234 4204 Li-

167 4218 274 4267 Golden
292 4222 315 4263 et
334 4219 466 4279 Liguriam
486 4221 553 4265 ierat.
587 4218 685 4277 Reprae-
715 4217 824 4277 guribur.
857 4217 926 4262 Infra
937 4218 993 4266 c.5-
1010 4218 1084 4282 hujus
1097 4223 1162 4277 libri,
1173 4224 1235 4268 inter

165 4287 293 4330 tentamus
307 4297 361 4330 eam
377 4284 515 4338 lectionem,
527 4297 602 4342 quam
618 4295 644 4326 se
659 4284 685 4328 in
719 4281 877 4341 Albingaunos
894 4279 997 4342 Ligures
1014 4284 1164 4346 Gmnameoe
1181 4287 1237 4334 Ma.

165 4354 216 4394 vet.
239 4348 279 4392 lib.
303 4347 416 4408 Sigonius
437 4349 553 4408 reperisse
573 4351 684 4394 testatur.
719 4343 932 4406 gostaredicitur.

255 4481 258 4486 ·
331 4465 350 4496 Ι
