3122 4962
323 97 386 156 ess
716 80 816 158 urst
840 69 994 160 usvsr'

168 262 200 312 U·
210 263 236 310 ὓ
248 261 317 348 ⁵4²2]
327 279 379 326 cos
398 268 471 326 roto
490 259 634 337 habeatis,
649 261 763 326 Patres
782 263 949 346 mnscripti,
963 267 1028 329 uc*
1041 223 1327 350 moguieipnlrlicoe
1341 263 1394 330 in«

168 327 237 377 Μ’
249 326 305 376 ²¹⁰¹
328 355 426 425 terest,
441 367 532 432 quam
548 365 626 412 meo.
651 346 949 434 ‹Meoqnippefiden
961 351 1100 416 meista
1112 361 1179 416 est:
1200 353 1391 434 adrernpud-

329 433 418 498 mam
429 433 568 515 pertinet,
583 451 621 496 ne
633 443 705 498 acto
717 455 787 498 mea
800 435 1002 514 rescindendo,
1018 437 1099 502 ulios
1108 440 1143 514 ,in
1154 446 1306 520 porterum
1319 459 1392 523 seg-

321 521 425 584 niores
438 522 527 584 duces
539 518 678 600 faciatis.
723 517 767 584 Et
782 523 921 606 quoniam
935 543 1036 588 coram
1050 533 1081 588 et
1096 524 1263 588 Siculorum
1278 533 1308 588 et
1321 545 1392 586 mea

329 605 421 671 uerbo
441 605 578 684 audistis,
591 607 704 671 Patres
723 607 886 690 conscripti,
901 610 994 674 simul
1015 610 1124 692 templo
1144 612 1390 686 suumomni,

210 693 217 704 '
331 691 654 767 assentantium
667 693 779 758 consuli
793 705 915 760 seramus
933 695 1039 777 possit.
1084 695 1134 760 lta
1148 695 1282 760 dimissis
1299 695 1391 760 Sica·

331 778 381 860 lis‚
397 790 430 842 et
442 780 511 864 ipse
524 779 557 845 in
574 777 767 866 Capitolium
782 783 822 844 ad
836 780 992 852 delectum
1007 781 1158 848 discessit.

331 877 333 886 “
375 863 521 930 XXXII.
545 864 669 930 Consul
689 865 769 934 alter
782 865 822 930 de
844 865 1009 952 postuletis
1027 868 1207 936 Siculorum
1223 867 1265 932 sd
1281 867 1394 934 Patres

331 951 450 1018 retulit.
495 951 546 1017 lbi
570 952 597 996 ⁷⁰
605 973 705 1042 quum
730 953 786 1017 diu
811 951 851 1017 de
876 954 1039 1022 sententiis
1063 968 1217 1024 certatum
1242 967 1333 1032 esset,
1357 965 1399 1028 etv

296 1099 299 1106 ,
332 1059 450 1128 mogun
463 1061 537 1124 pers
551 1050 688 1117 sendus,
703 1038 846 1124 principe
859 1041 924 1126 ejus
937 1041 1100 1106 sententiae
1115 1041 1156 1106 T.
1170 1039 1296 1106 Manlio
1307 1039 1392 1106 Tor·

333 1139 439 1212 qanto,
468 1125 570 1192 ilcarm
596 1126 734 1210 mannis
758 1125 865 1190 belhem
888 1130 1052 1212 gerardum
1071 1126 1184 1210 faisse,
1214 1138 1391 1204 censerent,

333 1214 462 1277 nostibus
486 1223 516 1277 et
540 1214 793 1296 Syracusanorum
815 1223 845 1276 et
866 1215 973 1298 populi
994 1216 1146 1279 Romani:
1169 1224 1198 1277 et
1221 1217 1323 1280 urbem
1345 1233 1394 1278 re-

332 1301 404 1380 cipi,
419 1321 478 1363 nen
499 1299 587 1381 capi:
609 1307 639 1362 et
658 1308 808 1380 receptam
830 1300 942 1384 legibus
966 1301 1095 1384 antiquis
1113 1310 1143 1365 et
1168 1301 1305 1380 libertate
1328 1310 1393 1364 uo-

333 1385 422 1465 bilici,
450 1407 509 1450 non
530 1383 651 1466 sessum
678 1385 847 1451 muerondo
874 1387 1010 1450 seruitute
1039 1387 1114 1452 bello
1143 1387 1265 1472 adfligi.
1306 1387 1394 1450 luter

333 1483 529 1556 tyrannorum
558 1480 587 1535 et
613 1471 696 1534 ducis
720 1473 857 1536 Romani
881 1473 1058 1552 certamino,
1079 1474 1243 1556 praemium
1270 1471 1395 1536 victorin

332 1559 365 1624 in
386 1555 485 1621 medio
504 1560 633 1640 positam
650 1559 751 1624 urbem
770 1559 1002 1640 pulcherrimam
1023 1581 1061 1623 ao
1076 1559 1291 1624 nobilissimam
1309 1557 1394 1642 peri·

332 1647 399 1722 isse,
426 1645 558 1709 domem
579 1655 672 1730 utque
695 1643 836 1709 cerarium
860 1645 1011 1729 quondam
1031 1643 1137 1730 populi
1156 1646 1309 1710 homnis
1341 1665 1396 1708 cn·

322 1732 380 1816 jus
401 1731 606 1812 munpicentio
630 1731 774 1795 audonis
800 1730 903 1796 multis
931 1733 1159 1814 tempestatibus,
1187 1732 1242 1796 lsoc
1268 1732 1397 1816 deniqne

302 1826 307 1836 “
334 1819 397 1901 ipso
423 1819 537 1884 Punico
562 1817 648 1894 bello,
667 1814 776 1880 ad'uto
798 1827 963 1902 amotoque
987 1819 1155 1901 reipublice
1179 1827 1277 1883 esset..
1308 1818 1342 1882 Si
1355 1819 1397 1881 ab

332 1903 439 1986 inseris
460 1905 582 1969 ecsistot
601 1925 657 1968 ren
717 1901 966 1982 ierufidissimus
986 1905 1106 1987 imperii
1130 1903 1263 1968 Romani
1288 1904 1395 1981 cultam

335 2014 395 2077 quo
417 2011 468 2056 ore
489 1999 542 2056 out
555 1991 732 2076 Syracusas,
748 1999 803 2067 aut
818 1991 952 2058 Romam
974 1992 1005 2055 ei
1024 1991 1140 2056 ostendi
1160 1996 1272 2074 posse?
1294 2011 1394 2076 prun,

334 2077 386 2142 ubi
405 2077 580 2142 sernirutam
605 2097 644 2140 oc
666 2077 831 2159 spoliatam
851 2075 987 2158 patriam
1008 2076 1194 2159 respexisset,
1223 2077 1396 2165 ingrediens

334 2165 468 2229 Romam
481 2166 514 2228 in
527 2162 670 2229 vestibulo
686 2164 780 2240 urbis,
791 2162 911 2245 ⁷'prope
925 2164 957 2227 in
977 2174 1076 2244 porto,
1090 2163 1191 2244 spolio
1208 2163 1316 2244 patric
1332 2183 1398 2226 susc

336 2251 450 2316 nunnus
463 2252 529 2316 sit?
554 2249 639 2314 Haee
655 2249 791 2336 tulitque
805 2271 904 2335 quum
919 2249 960 2314 ad
975 2249 1127 2314 invidiam
1151 2249 1289 2314 consulis
1304 2248 1402 2313 mise··

334 2338 555 2423 rationemque
578 2335 757 2402 Siculorum
779 2333 971 2414 dicerentur,
994 2335 1101 2400 mitius
1122 2335 1397 2401 tamendecrev'e·

175 2435 288 2480 Seruus·
336 2434 412 2488 runt
428 2424 539 2490 Patres
554 2444 665 2487 caussa
679 2419 844 2488 Marcelli:
871 2421 987 2496 Quceis
1005 2444 1113 2508 gerens
1129 2421 1237 2486 bellum
1249 2422 1399 2506 uictorque

174 2498 317 2608 {zngfflffi
338 2510 457 2594 egisset,
482 2519 555 2572 rata
580 2509 718 2572 humido
740 2529 815 2573 esse.
850 2507 882 2572 ia
909 2508 1057 2596 reliquum
1085 2531 1160 2573 curce
1186 2509 1305 2572 senatui
1323 2507 1398 2588 jore

175 2575 291 2672 sanorum
337 2615 402 2660 rem
426 2597 660 2679 Syracusanam,
685 2597 937 2677 mandaturosque
962 2596 1071 2659 canusii
1095 2595 1235 2671 Laeuino,
1265 2596 1343 2679 quod
1360 2595 1401 2658 si-

175 2692 255 2738 rebus
339 2703 377 2744 ne
392 2678 520 2766 joctaro
541 2681 795 2770 reipublicaefieri
817 2691 925 2764 posset,
938 2679 1071 2762 fortunis
1095 2680 1158 2764 eires
1177 2682 1306 2746 ciuitatis
1328 2702 1399 2744 con-

338 2768 457 2832 suleret.
500 2766 609 2832 Missis
630 2765 754 2832 duobus
775 2767 973 2832 senatoribus
994 2768 1027 2832 in
1044 2767 1238 2852 Capitolium
1261 2766 1302 2832 ad
1324 2788 1402 2832 con·-

339 2853 450 2932 sulem,
465 2856 511 2918 uti
527 2853 644 2918 rediret
665 2852 844 2943 incuriam,
860 2867 892 2919 et
913 2853 1104 2920 introductis
1119 2853 1245 2934 Siculis,
1260 2865 1400 2918 nauar-

339 2941 518 3003 consultum
544 2940 709 3004 recitatum
733 2953 796 3005 est:
829 2939 997 3027 lectique,
1024 2940 1161 3022 benigne
1186 2938 1338 3025 adpellati
1362 2961 1400 3004 ue

339 3026 471 3103 dimissi,
495 3025 535 3090 ad
559 3048 663 3113 genua
683 3049 716 3091 se
742 2961 895 3090 Marceiit
914 3026 1051 3090 consulis
1074 3027 1287 3112 projecerunt,
1309 3025 1402 3090 obse-

340 3121 474 3190 erentes,
500 3124 542 3191 ut,
567 3133 634 3196 qurc
657 3114 844 3196 deplorandae
869 3133 906 3177 ac
931 3114 1062 3178 leuandae
1084 3113 1268 3176 calamitatis
1294 3131 1403 3177 caussa

179 3208 304 3284 syruusae
340 3201 493 3276 dicissent,
515 3201 635 3265 oenum
656 3202 697 3263 eis
718 3201 817 3277 daret,
839 3210 868 3263 et
891 3199 922 3263 in
933 3198 1033 3278 fidens
1056 3199 1278 3288 clientelamque
1298 3219 1331 3262 se
1351 3219 1401 3262 ur-

177 3272 327 3385 fflffiiffh
340 3288 462 3436 berfiqru
474 3289 644 3437 &torosos
665 3286 818 3368 acciperet.
838 3297 911 3372 post
931 3284 1001 3351 haee
1022 3283 1133 3353 consul
1154 3284 1325 3351 clementer
1345 3283 1402 3350 od·

363 3395 381 3437 e
406 3385 473 3436 atos
511 3373 617 3436 imisit.
1253 3419 1255 3426 ,

179 3473 309 3542 campanis
341 3395 362 3458 p
384 3459 556 3524 XXXIII.
581 3458 752 3543 Campanis
775 3457 891 3522 deinde
919 3470 1043 3522 senatus
1066 3457 1159 3523 dutus
1182 3469 1240 3537 est,
1265 3477 1403 3544 quorum

178 3539 251 3652 230¹
261 3555 330 3590 ⁸²⁰⁸·
342 3547 444 3612 oratio
459 3545 678 3624 miserabilior,
694 3567 805 3615 caussa
818 3543 929 3609 durior
946 3558 1024 3610 erut.
1047 3567 1150 3633 neque
1170 3545 1256 3618 euim
1277 3543 1405 3610 meritas

742 3681 1005 3748 tenimentorum.

375 3833 407 3880 'to
424 3832 501 3887 Quam
510 3832 552 3878 sita
562 3831 589 3878 de
598 3831 730 3894 smmum]
756 3829 857 3892 Expun·
888 3831 934 3878 ties
966 3830 1118 3888 monuimus,
1141 3830 1173 3876 sd
1198 3841 1298 3876 sensum
1325 3828 1406 3888 mugio

340 3900 377 3960 git
387 3897 476 3942 merito
489 3897 684 3957 praepoeitlonenr
695 3897 841 3943 Gronovius.
888 3908 963 3956 quam
979 3896 1011 3941 ad
1022 3896 1095 3940 verba
1110 3893 1221 3942 attendit
1244 3891 1326 3941 'Vid
1341 3892 1407 3940 inin

231 4015 235 4022 ¹
374 3961 405 4008 tl
425 3960 486 4008 Cum
505 3961 613 4020 tyrannis
632 3960 715 4008 dedum
728 3960 858 4022 gerendum
889 3966 939 4006 not.
951 3960 983 4006 ad
994 3957 1109 4006 xxvn.
1121 3959 1160 4007 20s

334 4028 414 4090 snirrc
425 4057 432 4074 .
444 4054 451 4069 .
463 4030 487 4071 et
503 4025 580 4072 oriem
601 4025 685 4088 rcdpl]
711 4025 857 4072 Accurntius
912 4021 1184 4086 it'l'ropeinporto]
1201 4019 1404 4084 inpertemus·

341 4099 366 4138 et
378 4091 457 4150 magis
467 4095 580 4136 exactum
595 4092 627 4136 ad
638 4091 811 4144 Grsrnmuticae
822 4089 856 4136 le·
888 4101 977 4152 peneus
988 4093 1059 4144 eruunt
1075 4090 1198 4148 temptas
1207 4088 1324 4136 Marcello
1338 4084 1406 4135 dodi·

341 4169 384 4218 ges
400 4156 536 4200 videreturr
560 4167 617 4200 cuns
635 4155 743 4214 tyrannis
759 4159 859 4214 oportu-
890 4159 952 4206 catu,
963 4158 987 4199 et
999 4152 1082 4212 spoliis
1094 4153 1267 4212 Syracusarum
1278 4155 1409 4206 exacuto.

341 4223 388 4266 isse
399 4221 491 4266 bellum
501 4218 563 4278 geri,
575 4226 599 4266 et
617 4220 701 4265 urbem
712 4220 796 4278 recipi,
808 4231 858 4264 non
890 4223 919 4264 ut
933 4218 1078 4266 memoravit
1089 4217 1174 4266 Livius
1182 4229 1257 4280 esurus¹
1267 4215 1353 4266 XXV.
1363 4211 1406 4264 40.

342 4287 402 4346 cupi.
421 4286 466 4338 Sed
479 4284 564 4334 Livius
574 4297 649 4345 saepe,
660 4289 688 4330 ut
699 4279 753 4344 jans
765 4283 858 4344 aliquo·
1245 4308 1256 4326 ⁴·
