3122 4962
301 163 358 225 ars
691 131 803 216 Tiri
833 151 982 221 Livii
1032 193 1035 202 -

142 331 276 388 arettae.
303 323 371 401 ipse
392 321 512 410 legatos
535 315 608 388 cum
633 319 725 386 donis
746 321 787 386 ad
810 319 916 409 regem
941 324 1035 403 misit,
1055 321 1095 412 L.
1112 326 1304 404 Genucium,
1329 321 1368 391 P.

140 405 211 452 ⁴⁴⁶⁰·
222 401 278 450 ²¹⁰·
296 408 486 489 Poetelium,
505 408 541 472 Ρ.
560 408 762 493 ΡορὶΙΙίιιηι“.
806 409 903 474 Dona
918 411 1029 487 tulere,
1045 425 1163 500 togam,
1180 427 1212 478 et
1227 414 1367 477 tunicam

303 515 508 581 purpuream,
524 494 632 558 sellam
655 495 838 572 eburneam,
854 511 996 580 pateram
1012 498 1087 564 ¹‘cx
1124 500 1241 586 uirique
1258 498 1370 584 pondo

304 583 373 648 auri
396 580 521 647 factam.
569 579 731 644 Protinus¹
746 593 777 645 et
798 581 877 646 alios
891 583 1010 650 Africae
1031 521 1157 674 regulos
1173 586 1253 672 jussi
1267 584 1367 668 adire,

167 751 172 760 Ι
304 669 341 732 iis
356 689 482 756 quoque
492 689 564 754 quae
575 667 740 748 darentur,
749 681 882 749 portata,
899 682 984 753 togae
995 685 1170 756 praetextae,
1182 684 1214 736 et
1228 671 1254 712 ¹⁴
1263 671 1369 736 tama*

141 753 696 928 ttttl‘tttltttttttt‘t
713 754 1036 907 nss‘rillllll'lll‘
1051 759 1368 910 tillit¹²itti

170 911 175 920 .
203 909 208 920 .
755 887 763 903 ·
1027 891 1035 907 ·
1292 889 1303 922 s

141 921 217 956 ’Μ’
304 927 615 993 commemorandam
645 926 922 1013 renovandamque
950 930 1121 995 amicitiam
1155 865 1267 1006 misesi,a
1282 931 1370 995 done

239 1068 247 1078 .
306 1014 415 1091 tulere,
428 1015 494 1099 regi
511 1027 617 1098 togam
633 1026 666 1077 et
679 1013 820 1077 tunicam
834 1037 1025 1098 purpuream
1041 1039 1113 1081 cum
1128 1017 1204 1082 sella
1214 1017 1368 1082 eburnea:

298 1102 435 1182 'regium
451 1101 476 1140 ¹⁶
486 1100 601 1185 pallam
616 1102 733 1184 pictam
749 1121 821 1162 cum
843 1101 979 1165 amiculo
995 1125 1165 1189 purpureo.
1211 1103 1317 1169 Multa
1332 1125 1370 1168 ea

304 1201 425 1264 aestate,
442 1211 505 1274 qua
520 1187 591 1250 haec
606 1185 688 1249 facta
704 1199 787 1263 sunt,
804 1207 843 1250 ex
859 1189 1046 1273 propinquis
1068 1190 1201 1254 urbibus
1222 1213 1240 1254 a
1264 1191 1371 1276 risque

306 1277 457 1338 nunciata
478 1286 553 1336 sunt
566 1271 731 1359 prodigia3
756 1273 889 1337 Tusculi
904 1294 1021 1358 agnum
1038 1299 1109 1341 cum
1129 1277 1227 1342 ubere
1241 1213 1371 1345 iactam

306 1374 430 1425 natum:
447 1359 535 1425 Jovis
546 1357 624 1422 aedis
635 1360 758 1422 culmen
772 1357 903 1423 fulmine
914 1362 1023 1438 ictum,
1034 1385 1071 1426 ac
1080 1383 1180 1448 prope
1189 1365 1276 1427 omni
1286 1375 1371 1428 tecto

308 1449 481 1520 nudatum:
503 1445 612 1509 iisdem
624 1445 722 1509 ferme
737 1445 858 1523 diebus,
874 1446 1063 1536 1⁷Anagniae
1075 1461 1191 1514 terram
1206 1462 1281 1514 ante
1295 1469 1371 1534 pot·-

306 1548 370 1598 tam
385 1534 489 1608 ictam,
502 1533 584 1596 diem
598 1543 770 1596 aonootem
780 1532 847 1596 sine
858 1531 945 1597 ulloi
972 1537 1019 1598 nis
1031 1536 1181 1600 alimento
1193 1537 1318 1600 arsisse:
1338 1549 1371 1600 et

307 1643 389 1694 aves,
401 1620 442 1683 ad
457 1619 483 1659 ¹⁸
492 1618 665 1702 compitum
678 1619 894 1705 Anagninum,
907 1558 1028 1686 inluso
1040 1622 1157 1687 Dianae
1168 1622 1306 1687 nidosin
1320 1644 1371 1686 ar-

291 1706 437 1770 iboribus
463 1705 644 1790 reliquisse:
668 1705 852 1769 Tarracinae
874 1707 907 1769 iu
930 1709 1011 1774 mari
1033 1707 1119 1774 haud
1140 1709 1253 1795 procul
1276 1723 1370 1796 portu

307 1813 426 1878 angues
447 1791 673 1874 magnitudinis
692 1791 792 1870 mirae,
809 1791 1034 1858 lascivientium
1057 1795 1190 1881 piscium
1205 1795 1302 1860 modo
1317 1818 1372 1859 ex·

307 1879 454 1944 saltasse:
478 1878 661 1965 Tarquiniis
670 1898 801 1961 porcum
814 1899 886 1943 cum
896 1881 1102 1946 orehumano
1111 1883 1273 1967 genitnmt
1295 1881 1371 1946 etin

308 1987 385 2052 agro
402 1966 576 2050 Capenate,
592 1963 634 2028 ad
654 1963 762 2028 lucum
780 1965 932 2042 Feroniae,
949 1979 1085 2052 quatuor
1107 1969 1198 2055 signa
1214 1968 1370 2052 sarrguine

288 2098 290 2107 ,
308 2053 409 2116 multo
421 2053 505 2116 diem
516 2073 554 2117 ao
563 2065 689 2114 noctem
701 2051 839 2116 sudasse.
870 2051 955 2117 Haec
967 2053 1115 2140 prodigia
1126 2056 1235 2119 hostiis
1246 2053 1372 2141 majori·

308 2140 365 2202 bus
376 2149 547 2224 procurata
558 2138 686 2202 decreto
696 2137 903 2222 pontificum:
924 2153 955 2204 et
970 2141 1160 2226 supplicatio
1171 2141 1255 2206 diem
1273 2161 1371 2205 unum

310 2226 424 2290 Romoe
439 2226 480 2290 a'd
502 2224 610 2288 omnia
629 2223 817 2307 pulvinaria,
833 2224 976 2303 alterum,
993 2227 1026 2290 in
1043 2229 1205 2314 Capenate
1226 2251 1314 2316 agro,
1330 2227 1370 2290 ad

206 2323 210 2330 '
311 2311 458 2377 Feroniae
473 2312 590 2390 lucum,
606 2309 732 2374 indicta.
1234 2378 1241 2392 s

149 2417 260 2466 Varenus
334 2400 393 2464 vV.
418 2397 467 2463 M.
490 2397 637 2461 Valerius
660 2396 770 2461 consul
793 2394 891 2461 literis
914 2399 1041 2475 excitae,
1062 2399 1235 2500 provincia
1251 2399 1373 2465 exerci-

148 2484 273 2557 ⁰⁰⁵·R‘*,
310 2500 409 2570 tuque
428 2481 581 2546 mandato
605 2483 718 2547 Cincio
738 2484 880 2567 praetori,
901 2484 949 2548 M.
967 2486 1096 2551 Valerio
1117 2486 1268 2552 Messalla
1289 2507 1372 2572 prae·

146 2549 293 2596 mamrent.
310 2572 393 2636 fecto
415 2570 521 2632 classis
543 2591 615 2632 oum
638 2581 729 2653 parte
750 2571 879 2634 navium
905 2572 937 2634 in
961 2572 1101 2637 Africam
1126 2573 1305 2656 praedatum
1331 2575 1373 2636 si·

312 2657 380 2722 mul
405 2655 672 2740 speculatumque,
700 2677 772 2740 quae
800 2655 937 2740 populus
965 2658 1068 2724 Karth
1114 2660 1239 2724 iniensis
1265 2671 1375 2748 ageret

230 2821 233 2826 Ι
311 2757 510 2828 pararetque,
540 2740 647 2821 misso,
675 2743 743 2825 ipse
770 2741 879 2806 decem
917 2745 1050 2809 navibus
1072 2681 1218 2810 llomam
1249 2745 1374 2832 profec-

311 2848 480 2916 tuaquom
505 2847 656 2914 prospere
675 2830 873 2912 pervenisset,
895 2844 1038 2896 senatum
1065 2833 1228 2918 extemplo
1251 2833 1373 2898 habuit.

376 3015 523 3079 troporum
534 3019 609 3062 Gran.
620 3017 693 3064 Creu.
799 3007 808 3046 ¹
818 3015 934 3063 Proteum
946 3017 1014 3066 lioed.
1112 3015 1231 3066 hennom
1242 3019 1315 3066 liaed.v

346 3182 378 3234 ts
393 3185 436 3232 Es·
451 3185 551 3247 quinqua
566 3183 640 3244 pondo
654 3185 722 3248 ears]
740 3184 769 3233 ld
779 3191 828 3244 est,
892 3185 923 3233 16
940 3185 1047 3248 Pullum]
1071 3187 1175 3233 Pallium
1197 3187 1228 3232 ad
1240 3197 1323 3232 usum
1340 3187 1376 3233 t‘e·

313 3257 405 3312 septem
424 3250 513 3298 marcis
534 3249 692 3303 nostratibus,
706 3263 763 3298 cum
784 3263 828 3296 sex
860 3247 992 3305 minarum,
1009 3264 1055 3298 acu
1074 3252 1177 3311 pictum.
1207 3250 1325 3299 Anemo.
1340 3250 1378 3298 A·

314 3316 392 3363 unctis
402 3321 427 3361 et
435 3315 566 3362 semuncia.
860 3315 980 3368 maulam,
991 3316 1071 3374 inquit
1086 3315 1181 3370 Festus,
1191 3330 1265 3376 gessar
1278 3319 1312 3360 est
1327 3329 1376 3362 ves·

239 3433 244 3444 ί
342 3380 378 3436 ,14
404 3377 508 3426 remam
526 3378 615 3441 pondo}
649 3379 828 3433 Quatemsrum
861 3380 1137 3441 ttnanttactrcumjeeta
1151 3379 1248 3428 dictant.
1280 3377 1377 3440 Nempe

314 3457 452 3492 marcarum
474 3443 618 3490 nostratium
641 3457 699 3490 cum
721 3443 829 3502 quinque
862 3441 986 3489 amiculam
1013 3444 1043 3490 sb
1071 3445 1165 3500 αηιίοίο,
1187 3446 1253 3506 quod
1274 3445 1306 3490 eb
1328 3457 1376 3501 am,

314 3509 392 3556 unciis
414 3515 439 3554 et
463 3508 594 3555 semuncia.
628 3509 765 3554 Gronovius
787 3509 829 3552 ob-
861 3509 912 3554 sive
924 3505 992 3569 epol,
1004 3507 1107 3568 circum,
1118 3514 1143 3554 et
1153 3511 1207 3564 leto,
1215 3506 1289 3570 jacio.

315 3573 421 3622 servatl.
435 3572 455 3620 1.
470 3575 500 3620 de
518 3573 632 3619 recrea
648 3587 670 3618 c.
689 3573 713 3619 6.
729 3571 830 3631 scriptos
896 3573 926 3620 17
943 3571 1061 3632 Ανιαςνιίω
1089 3575 1187 3638 terrem]
1216 3572 1305 3631 Seriptl
1326 3573 1378 3618 fere

315 3651 399 3685 omnes
411 3637 451 3683 liic
462 3639 550 3683 habere
564 3637 722 3695 teraapmrdo,
735 3636 773 3680 vel
785 3640 830 3682 ter-
862 3641 960 3683 tomam
970 3637 1008 3683 vel
1027 3640 1135 3684 arnam.
1171 3639 1236 3683 Hinc
1251 3635 1379 3683 Rubenius

312 3715 358 3748 aar.
383 3703 489 3762 legebat
499 3712 595 3762 quoque
607 3701 741 3748 Glareanus
756 3706 831 3746 tosto.
863 3697 960 3762 conjicit
972 3701 1096 3749 Hermam.
1130 3702 1230 3748 Hermae
1246 3701 1312 3748 enim
1327 3702 1379 3747 slve

318 3767 350 3812 Et
369 3780 426 3813 sane
441 3772 492 3812 tam
505 3773 584 3826 potest
599 3766 647 3812 dici
659 3769 748 3826 putero
765 3769 832 3811 terna
864 3767 980 3812 Mercurii
1009 3773 1065 3813 ante
1096 3771 1177 3826 portas
1203 3767 1380 3812 statuebantur.

317 3831 423 3890 pondera
442 3829 557 3877 librarum
573 3831 660 3891 pondo,
678 3843 752 3890 quam
770 3843 834 3876 mro·
865 3831 922 3876 Vid.
935 3831 1024 3878 Juven.
1038 3831 1088 3878 Sat.
1099 3831 1173 3876 vtit.
1185 3841 1210 3876 et
1226 3831 1260 3876 ibi
1273 3835 1380 3876 veterem

316 3908 371 3940 stom
388 3893 508 3940 ..librom
521 3895 606 3956 ponda
623 3907 697 3954 supra
711 3895 727 3938 l.
746 3894 794 3940 ΙΙΙ.
811 3908 831 3940 c.
865 3895 1016 3950 scholiastes.
1050 3896 1079 3942 ld
1101 3897 1121 3942 si
1148 3895 1299 3950 admittatur,
1322 3907 1382 3941 mox

317 3958 356 4004 29.
374 3963 399 4005 et
410 3962 499 4016 patero
509 3989 533 4006 ..
547 3959 654 4006 ..libros
662 3959 741 4022 sernoe
756 3973 833 4004 ornnes
865 3961 995 4020 legendum
1004 3960 1049 4006 erit
1060 3962 1140 4008 ictam.

315 4023 399 4082 prmrlo,
412 4024 427 4066 1.
440 4023 542 4070 XXVI.
553 4039 575 4072 c.
585 4023 626 4071 47.
898 4024 928 4071 te
946 4024 1080 4084 Compitum
1088 4023 1257 4088 ,dangninuml
1276 4025 1382 4070 llocno·

351 4087 382 4134 lo
399 4085 562 4151 Ptolemaeum]
580 4087 734 4149 Philopatom
749 4101 832 4150 regem
865 4101 923 4135 men
942 4087 1000 4147 loci,
1016 4090 1040 4136 id
1059 4095 1106 4148 est,
1128 4091 1177 4138 rici
1195 4087 1307 4151 alicujus.
1329 4089 1381 4135 sive

317 4151 426 4214 AEgypti
446 4153 488 4210 qul
506 4153 578 4212 paulo
602 4161 659 4200 ante
678 4153 776 4199 initium
797 4167 833 4200 se·
866 4154 985 4213 oppiduli,
1008 4167 1060 4200 esse
1083 4161 1167 4200 monet
1190 4150 1313 4215 Dujetius.
1347 4153 1382 4200 At

317 4217 391 4264 cundi
405 4216 489 4262 Punici
499 4217 556 4263 belli
570 4231 673 4278 regnare
690 4225 830 4276 occoeperat.
864 4231 913 4277 quo
931 4224 1029 4264 auctore
1047 4219 1072 4265 id
1089 4218 1202 4271 affirmet,
1219 4219 1304 4265 docere
1322 4229 1381 4276 neg-

317 4281 401 4328 'Cum
419 4295 448 4326 eo
465 4282 504 4328 liic
522 4288 651 4328 renovatur
667 4281 831 4338 amicitiam·
864 4282 935 4328 texit.
965 4282 1013 4328 Res
1030 4297 1071 4345 per
1087 4297 1112 4329 se
1126 4284 1178 4344 ipsa
1195 4284 1327 4330 admodum
1345 4289 1383 4328 est

317 4347 402 4393 clroatu
413 4348 444 4393 ab
455 4359 500 4394 ero
511 4341 563 4407 ejus
577 4344 740 4404 Philadelpho.
866 4343 1011 4394 verisimilis.
