3136 4970
455 153 550 215 ΗΒ.
572 152 720 214 xxviii.
746 155 848 216 cAP.
869 155 1002 218 xxvn.
1198 156 1257 226 467

193 291 524 384 mannitionis
545 318 689 403 ingeniis.
732 318 787 383 Ad
798 339 850 385 uos
870 321 1114 405 quemamodcnt
1134 323 1400 446 W’U‘gffi

190 399 462 482 “necemuilium
474 406 837 488 necaratiasuppeditats
858 397 1286 494 quosnequanominequi·A

192 490 261 554 dem
275 491 435 572 adpellare
449 491 581 568 debeam,
596 493 668 556 scio.
698 493 826 568 Cives?
838 495 903 576 ¹qui
916 515 937 556 a
954 495 1065 576 patria
1086 504 1188 559 uestra
1202 498 1255 560 de·

190 577 308 640 scistis:
330 597 373 639 an
387 576 521 642 milites?
541 578 596 661 qai
609 578 768 662 imperium
789 580 1014 664 auspiciumque
1027 580 1187 659 abnuistis,
1202 603 1254 647 sa-

190 663 344 726 cramenti
363 664 540 748 religionem
561 665 698 746 rupistis.
719 663 840 730 isostest
861 685 1002 748 cmpora,
1020 687 1087 744 ora,
1103 670 1252 746 mstitunt,

190 747 331 812 babittan
344 750 454 814 civium
464 749 731 834 agumeasfacta,
742 751 985 828 dicomulta,
996 753 1254 819 animosbostium

190 835 290 899 uideo.
337 833 424 911 Quid
443 837 523 900 enim
543 857 605 913 uos,
627 837 691 902 nisi
710 838 792 922 qttod
802 836 951 922 Ilergetes
970 848 1000 902 et
1015 838 1178 917 hodani,
1198 851 1254 905 aut

191 922 324 1003 optastis
337 923 435 998 aliud,
447 931 503 986 aut
515 923 685 1006 sperastis?
706 923 753 986 Et
766 923 818 986 illi
830 931 932 988 tamem
943 923 1151 989 Mandonium
1161 936 1254 1012 atque

190 1006 368 1109 Indibilem,
382 1009 479 1110 regia
502 1007 676 1074 nobilitatis
695 1009 787 1086 airas,
803 1011 891 1074 duces
901 1009 1030 1094 fictoris
1049 1012 1144 1076 sensti
1162 1022 1251 1078 stent.-

191 1104 675 1266 dimittunt,
688 1094 1049 1266 tulllius,
1060 1098 1253 1268 im

190 1267 330 1344 uoluisse,
346 1268 474 1332 milites:
489 1287 657 1352 poumrum
670 1267 881 1352 eumfimorem
895 1277 987 1353 atqste
1000 1270 1164 1334 amentiam
1179 1290 1252 1349 esse,

190 1351 325 1416 libenter
336 1354 457 1417 credam
478 1351 666 1438 negantibus.
688 1373 742 1416 nee
756 1354 834 1418 enim
856 1375 895 1418 ea
914 1365 986 1420 sunt
1005 1357 1170 1435 eminuere,
1185 1377 1254 1442 quer

190 1439 319 1523 mdgata
335 1439 369 1503 in
382 1459 496 1503 omium
513 1441 674 1504 ennodium
693 1440 762 1504 sine
775 1441 914 1522 pinnatis
935 1441 1108 1526 ingentibus
1128 1444 1254 1526 copiari

185 1526 320 1608 possint.
363 1525 484 1591 Invitus
494 1548 542 1603 ea,
554 1534 707 1610 tamquam
718 1527 855 1604 mdnera,
867 1528 1007 1612 adtingo.
1028 1529 1083 1593 sed
1091 1528 1155 1594 nisi
1167 1538 1252 1594 taeta

191 1621 388 1696 tractataque
407 1614 519 1677 sanari
539 1633 600 1675 nom
615 1621 753 1694 possunt.
795 1613 959 1697 Equidem,
973 1615 1076 1696 pulsis
1091 1615 1252 1699 Hispania

195 1697 516 1782 Karthaginiensibus,
531 1700 645 1762 nullum
659 1699 754 1762 mum
771 1707 837 1762 tota
852 1701 1029 1782 provincia,
1044 1702 1144 1766 nullm
1156 1703 1255 1766 bomi-

191 1805 247 1849 nes
260 1784 415 1848 credebam
430 1807 500 1862 esse,
516 1784 569 1849 ubi
582 1786 648 1849 vita
663 1785 766 1850 invisa
780 1795 855 1849 esset
868 1806 944 1850 mea.
966 1787 1011 1850 sic
1024 1807 1070 1851 me
1083 1808 1145 1852 non
1159 1789 1254 1853 salum

189 1872 441 1936 adamnusoeias
449 1892 610 1955 gesseram,
622 1872 675 1935 sed
687 1872 779 1935 etiam
790 1872 1050 1936 adverstultostes.
1092 1873 1255 1940 Intnstris
1304 1889 1306 1894 '

191 1979 231 2021 en
245 1959 320 2022 meis
334 1964 492 2042 (quantun
506 1978 553 2021 me
568 1957 673 2040 opinio
681 1956 843 2041 fefelliti)
851 1957 947 2041 firma
970 1960 1077 2023 mortis
1096 1980 1171 2024 meae
1191 1981 1254 2024 non

5 2103 11 2132 ι,
191 2046 431 2126 enarmonium,
443 2045 497 2108 sed
509 2043 601 2107 etiam
616 2052 788 2126 etspeetma
803 2053 858 2108 est.
902 2043 975 2106 Non
990 2046 1254 2132 quodegooalga·

88 2153 92 2160 ·
190 2132 225 2194 ri
225 2131 362 2216 facinus
368 2151 431 2212 per
443 2151 542 2194 munes
555 2131 654 2204 uelim,
672 2130 821 2213 (equidem
834 2130 864 2194 si
877 2138 971 2194 totum
985 2132 1148 2196 ecereitam
1159 2153 1253 2196 meum

190 2225 316 2281 mortem
331 2217 408 2280 milii
428 2227 547 2298 optasse
565 2216 725 2292 crederem,
740 2215 791 2278 bic
810 2215 915 2280 statim
936 2226 1010 2280 onte
1028 2217 1128 2282 acidos
1141 2227 1255 2283 uestras

12 2367 15 2378 ,
190 2325 338 2375 morerer,-
362 2323 416 2366 nec
429 2323 475 2365 me
488 2300 697 2384 oitojauaret,
713 2303 813 2365 inuisa
827 2301 942 2368 ciuibus
955 2311 986 2366 et
998 2303 1147 2368 militibus
1166 2305 1253 2386 meis)

6 2427 13 2452 ·.
102 2453 106 2462 ,
189 2391 247 2454 sed
259 2387 452 2454 4⁰multitudo
466 2389 572 2464 omnis,
587 2389 665 2456 suta
678 2395 792 2451 natura
806 2389 911 2464 maris,
920 2409 983 2471 per
991 2411 1023 2454 se
1033 2389 1188 2454 inmobilis
1197 2400 1252 2468 est,

189 2477 277 2541 uenti
290 2485 320 2539 et
333 2496 421 2540 aura
434 2475 532 2547 cient‚·
557 2475 603 2538 ita
614 2475 890 2557 auttranqaillm
901 2483 956 2539 out
962 2478 1110 2558 procella
1121 2478 1156 2540 in
1170 2477 1254 2542 uobis

189 2572 280 2626 nent.-
302 2572 333 2627 et
349 2583 455 2626 caussa
476 2569 569 2644 atque
589 2565 677 2646 origo
690 2560 917 2644 omnisfuroris
926 2581 1023 2643 penes
1036 2572 1175 2628 auctores
1188 2573 1251 2637 est-‚-

189 2669 245 2716 uas
256 2643 438 2734 contagione
451 2647 620 2713 insanistis.
663 2644 757 2724 ⁴¹bitti
769 2645 847 2712 miii
867 2667 906 2712 ne
925 2647 1016 2712 bodie
1036 2650 1157 2734 qudem
1175 2652 1255 2716 scire

187 2909 266 2957 uibus.
300 2908 544 2971 Vulgoaesueoerum.
577 2909 703 2969 Horatius,
736 2915 761 2955 et
779 2907 889 2956 Muta
909 2908 1088 2969 compentione
1106 2921 1169 2954 nors
1190 2907 1252 2954 inei-

189 2974 306 3022 Plunbut
331 2975 430 3021 mmm
456 2978 555 3021 mmtem
580 2987 705 3036 corpusque
735 2973 788 3034 piet
814 2973 937 3034 periodus,
964 2985 1062 3032 prorsus
1088 2972 1158 3034 qussi
1190 2973 1253 3018 nihil

188 3039 319 3100 superbum
735 3037 893 3100 messuerit.
925 3037 958 3083 Ut
974 3042 1002 3084 ut
1017 3037 1110 3092 cithia
1125 3042 1162 3084 est
1177 3033 1251 3098 hujus

222 3102 339 3152 89'Nec
354 3102 485 3162 consilium,
502 3115 544 3149 ner
558 3104 632 3150 aratio
647 3117 703 3163 sup·
735 3102 782 3149 loci
799 3113 892 3148 sentus
925 3102 1019 3148 mem
1036 3107 1074 3148 est
1088 3102 1150 3150 ratio
1166 3101 1252 3148 multi-

128 3215 131 3224 ,
186 3166 289 3231 peditat]
317 3168 370 3216 Nes
381 3168 647 3216 mutentioeneoverbu
656 3169 703 3215 mi·
735 3167 827 3216 tudinis
853 3161 991 3228 cujuslibet,
1013 3179 1041 3213 ue
1064 3166 1146 3213 meris.
1180 3164 1251 3211 Mure

188 3233 216 3284 ui
228 3239 367 3294 suppetunt.
734 3243 778 3291 per
788 3244 813 3278 se
824 3231 905 3290 ipsum
921 3237 947 3276 et
963 3235 1050 3278 natura
1065 3243 1109 3276 sun
1125 3229 1251 3275 immobile

222 3295 256 3344 to
271 3297 404 3344 Multitudo
418 3295 505 3359 munit]
524 3291 602 3344 Pos'sis
617 3297 703 3344 distin·
734 3301 782 3354 esi,
792 3309 837 3342 nec
852 3295 968 3355 agitetur,
980 3293 1027 3340 uisi
1042 3307 1120 3354 quum
1136 3292 1204 3338 venii
1220 3293 1250 3337 il-

189 3375 265 3424 guere
285 3361 419 3409 Multitudo
439 3363 515 3408 munis
535 3363 597 3408 deut
616 3367 704 3408 natura
736 3360 778 3406 lud
791 3365 816 3406 et
831 3371 898 3406 rursu
912 3359 986 3406 cient.
1018 3359 1058 3405 ltu
1073 3363 1116 3404 uus
1132 3357 1251 3416 uniquil-

188 3427 280 3473 maris.-
299 3439 345 3488 per
365 3438 389 3472 ee
406 3427 530 3474 inmobilis
550 3429 593 3481 eet,
615 3439 703 3487 nempe
734 3424 787 3470 lam
804 3423 829 3470 iu
846 3423 915 3469 vobis
934 3428 980 3476 est,
996 3422 1017 3468 si
1033 3422 1102 3468 vobis
1118 3420 1177 3481 ipsis
1195 3433 1250 3481 per-

189 3497 279 3538 usturs
300 3491 383 3545 mus-is,
409 3493 472 3536 uenti
491 3496 514 3538 et
534 3504 599 3536 aura
625 3491 702 3546 cient,-
735 3489 804 3534 missi
822 3487 991 3542 Mentissam
1007 3486 1128 3547 procelloe,
1147 3485 1169 3530 si
1186 3484 1250 3531 sedi-

190 3555 227 3602 ita
248 3560 288 3602 aut
310 3554 471 3616 tranquillm
494 3559 535 3602 aut
551 3554 658 3615 procella
677 3557 703 3602 tn
735 3552 792 3598 tiosi
816 3550 937 3607 homiues,
960 3552 1027 3599 velut
1049 3551 1116 3597 venti
1138 3550 1250 3610 quidum,

187 3619 251 3667 uobis
272 3623 333 3667 sunt.
368 3621 422 3667 Hoc
443 3620 579 3680 expeditius
603 3620 703 3679 quidem
736 3629 779 3663 von
789 3617 984 3664 commoverintr
1006 3614 1119 3663 Ceterum
1135 3613 1176 3660 hio
1189 3614 1249 3660 oliru

184 3691 234 3740 est,
245 3685 287 3731 sed
302 3686 395 3732 :molet
409 3685 499 3746 pingue
510 3685 625 3745 quiddam
638 3685 703 3744 quod
734 3681 906 3742 legebatur,ut
921 3682 985 3728 uenti
998 3684 1098 3728 staura
1107 3679 1173 3726 dent.
1199 3677 1249 3724 De-

188 3749 284 3796 erudito
300 3749 433 3810 palutovix
450 3749 536 3811 sepiat.
569 3747 650 3808 Magis
666 3749 703 3794 iu·
735 3745 794 3792 levit
804 3746 940 3793 Gronovius
955 3744 1144 3806 purtiosdumut.
1170 3741 1250 3804 Scrip-

187 3813 265 3860 elinet
282 3814 402 3860 sententio
420 3815 535 3861 audacem
554 3813 595 3860 hic
616 3825 703 3873 agnos·
735 3810 814 3857 tiduo
829 3824 844 3857 e
858 3811 1020 3868 uostris,siet
1030 3809 1108 3858 cende
1125 3820 1190 3856 unus
1204 3808 1250 3856 etsi

186 3889 243 3924 oete
260 3879 374 3938 loquendi
396 3879 508 3938 figuram,
529 3885 595 3937 quus,
616 3877 703 3935 spretis
734 3875 806 3922 uenti.
838 3873 949 3922 smum
959 3875 1090 3935 legendum
1098 3872 1250 3920 miceluen-

188 3943 331 4002 vulgaribus
346 3943 518 3990 Grammstiooe
534 3941 637 4002 legibus,
649 3953 703 3988 sou·
734 3939 764 3988 ti.

188 4019 246 4053 sum
257 4020 287 4053 ex
298 4008 350 4067 ipsu
360 4008 402 4054 illa
413 4008 509 4067 abrupti
517 4005 635 4052 sermonis
645 4018 703 4052 uno
766 4001 820 4050 41·
829 4001 877 4057 Qui
892 4002 964 4065 milii]
981 4002 1103 4049 inuenisse
1117 4016 1161 4050 vas
1176 4002 1247 4052 dicos

187 4071 452 4119 mulinviuidioremet
468 4070 655 4132 splendidiorem
665 4069 702 4116 el-
734 4081 779 4114 uec
800 4067 970 4114 inclementius
987 4061 1056 4127 justo
1077 4067 1124 4114 hoe
1145 4068 1248 4114 vulsum

189 4135 262 4182 tisias.
285 4135 409 4183 Videntur
418 4138 493 4197 igitur
503 4137 551 4183 illu
562 4147 633 4181 voces
642 4132 702 4180 mul·
734 4139 780 4187 est,
790 4145 868 4191 quum
879 4131 951 4178 hodio
962 4144 1058 4191 quoque
1073 4131 1185 4192 ignorare
1201 4131 1248 4178 mi·

185 4199 265 4246 titudo
285 4202 360 4247 munit
385 4201 499 4262 pendula
523 4198 703 4261 quodammodo
733 4196 761 4242 hi
776 4195 918 4250 videamini,
931 4197 1114 4256 quermoniae
1129 4196 1249 4259 progressi

187 4277 328 4321 remaneret
345 4267 381 4312 its
397 4271 425 4312 ut
441 4267 474 4312 ob
489 4264 657 4325 interpositam
671 4262 703 4308 si·
734 4261 795 4307 sitis.

186 4328 352 4378 militudinem
369 4331 484 4392 neglecta
495 4344 510 4377 a
522 4329 591 4378 Livio
603 4327 703 4386 luerint,

760 4387 863 4452 uhu¹
