3064 4976
354 217 394 270 as
747 177 859 304 ‘riri
887 211 1024 272 srvrr

197 394 226 442 u.
238 393 267 442 c.
277 391 332 442 aaa
358 375 446 442 lumo
467 373 657 462 significant,
679 391 720 440 ses
737 376 897 453 transisse,
913 387 945 441 et
959 375 1046 441 baud
1060 375 1170 463 procul
1186 375 1306 443 abesse.
1329 378 1416 465 quod

198 457 333 536 ‘biam
361 461 415 526 ubi
437 461 560 543 accepit
585 461 758 540 Hannibal,
781 483 823 526 ne
844 463 982 548 tempori
1006 462 1135 542 deesset,
1150 464 1205 528 dat
1225 465 1353 552 signum
1374 465 1416 529 ad
1442 485 1446 497 ·

196 523 351 634 fflssm
359 548 588 635 trajiciendum.
631 548 705 613 Jam
729 561 855 634 paratas
878 561 1062 636 aptatasque
1082 549 1221 616 habebat
1241 551 1337 635 pedes
1356 551 1418 616 lin-

359 649 433 700 tres.
455 634 598 721 ⁹equites
618 634 683 699 fere
703 649 834 721 propter
855 655 952 722 equos
967 649 1079 701 nantes
1093 638 1220 701 navium
1236 659 1361 723 agmen,
1377 639 1418 702 ad

358 722 581 808 excipiendum
592 722 715 786 adversi
725 723 868 806 inpetum
881 722 1022 787 fluminis
1034 735 1127 808 parte
1140 724 1303 808 superiore
1316 737 1419 790 bans-

359 808 497 885 mittens,
512 809 773 896 tranquillitatem
792 807 876 872 infra
890 809 1118 894 trajicientibus
1131 808 1279 875 lintribus
1295 811 1419 896 praebe·

252 965 264 976 „
361 899 425 958 bat.
469 896 635 982 Equorum
656 915 731 980 pars
753 912 870 980 magna
886 908 1000 960 nantes
1012 897 1088 961 loris
1102 919 1121 959 a
1135 897 1297 982 puppibus
1312 893 1418 962 trabe-

360 985 486 1059 bantur,
502 994 619 1067 praeter
633 1005 696 1058 eos,
712 1003 793 1067 quos
804 981 831 1020 ¹⁰
838 982 1009 1046 instructos
1024 983 1231 1069 frenatosque,
1248 997 1285 1049 ut
1299 997 1419 1048 extem·

358 1067 414 1154 plo
434 1091 559 1156 egresso
571 1069 605 1131 in
620 1069 723 1154 ripam
744 1067 841 1154 equiti
863 1067 936 1132 usui
957 1082 1069 1147 essent,
1084 1069 1290 1156 inposuerant
1310 1071 1343 1134 in
1360 1092 1419 1135 na·

358 1176 423 1221 ses.

403 1240 570 1307 XXVlll.
594 1241 681 1307 Galli
695 1241 868 1306 obcursant
882 1243 916 1306 in
931 1241 1032 1326 ripam
1048 1263 1120 1306 cum
1136 1243 1229 1308 variis
1245 1244 1419 1310 ululatibus

359 1341 517 1415 cantuque
540 1329 637 1392 moris
660 1328 718 1406 sui,
734 1329 910 1452 quatientes
933 1341 1021 1393 scuta
1043 1351 1138 1414 super
1160 1331 1275 1414 capita,
1290 1331 1419 1396 vibran-

361 1428 471 1501 tesque
492 1413 613 1479 dextris
637 1417 719 1478 tela:
756 1414 968 1501 1quamquam
995 1427 1027 1478 et
1051 1437 1093 1479 ex
1117 1415 1251 1480 adverso
1280 1417 1421 1483 terrebat

361 1513 450 1566 tanta
464 1501 510 1564 vis
524 1502 650 1565 navium
666 1523 739 1565 cum
755 1501 877 1588 ingenti
892 1523 970 1564 sono
980 1501 1120 1566 fluminis
1134 1513 1166 1566 et
1179 1502 1316 1568 clamore
1330 1505 1421 1568 vario

360 1601 530 1653 nautarum
545 1600 576 1652 et
590 1587 739 1663 militum,
764 1589 818 1673 qui
841 1586 1024 1653 nitebantur
1046 1609 1251 1674 perrumpere
1273 1591 1420 1675 inpetum

359 1674 510 1754 fluminis,
525 1687 557 1738 ct
571 1672 625 1760 qui
646 1695 687 1737 ex
703 1673 801 1737 altera
821 1673 891 1758 ripa
904 1673 1095 1759 trajicientes
1110 1697 1183 1740 suos
1194 1675 1420 1746 hortabantur.

358 1761 432 1825 Jam
457 1762 531 1825 satis
558 1773 708 1845 paventes
733 1759 864 1824 adverso
894 1760 1032 1825 tumultu
1061 1761 1232 1826 terribilior
1260 1762 1301 1827 ab
1326 1778 1420 1853 tergo

359 1847 491 1912 adortus
513 1846 642 1922 clamor,
667 1847 777 1910 castris
807 1846 847 1910 ab
874 1845 1039 1910 Hannone
1061 1848 1170 1932 captis.
1195 1869 1271 1912 mox
1294 1862 1326 1914 et
1350 1851 1419 1936 ipse

336 1963 341 1976 ·
358 1933 478 2012 aderat,
494 1953 673 2018 ancepsque
692 1944 794 1998 terror
815 1931 1050 2014 circumstabat,
1064 1933 1130 1998 ¹²et
1144 1934 1308 1999 anavibus
1329 1947 1420 2002 tanta

358 2021 388 2084 vi
404 2030 598 2084 armatorum
624 2019 657 2082 in
682 2031 798 2082 terram
825 2017 979 2084 evadente
987 2027 1009 2096 ¹¹,
1029 2032 1060 2084 et
1082 2019 1123 2083 ab
1145 2034 1236 2108 tergo
1254 2022 1420 2105 inprovisa

357 2118 521 2191 premente
531 2106 626 2170 aciat
663 2104 770 2182 Galli,
785 2103 996 2192 1⁸postquam,
1012 2104 1119 2170 ultrot
1134 2107 1198 2170 rim
1208 2107 1311 2172 lacere
1321 2131 1419 2176 oona-

358 2193 393 2271 ti,
408 2192 607 2279 pellebantur
615 2200 637 2268 l,
654 2213 717 2277 qua
728 2208 837 2276 patere
847 2191 948 2255 visum
957 2192 1095 2257 maxime
1105 2193 1174 2269 iter,
1190 2209 1417 2280 perrumpunt,

357 2279 538 2366 trepidique
552 2278 585 2342 in
596 2277 681 2341 vicos
695 2277 811 2362 passim
827 2299 901 2341 suns
915 2277 1096 2365 diffugiunt.
1130 2279 1317 2358 Hannibal,
1334 2297 1420 2348 cete-

358 2367 403 2431 ris
417 2366 516 2451 oopiis
535 2364 705 2451 parotium
721 2363 871 2450 trajectis,
887 2385 1038 2448 spernens
1055 2366 1122 2465 jam
1139 2365 1280 2432 Gallicos
1298 2370 1420 2433 tumul-

359 2467 421 2532 tus,
437 2468 541 2518 castra
554 2451 647 2515 locat.
692 2449 945 2536 Elephantorum
965 2451 1223 2537 trajiciendorum
1240 2453 1326 2518 varia
1341 2475 1420 2520 con-

359 2540 428 2604 silia
441 2538 535 2603 fuisse
555 2535 670 2601 credo:
691 2549 776 2601 certe
797 2536 917 2601 variata
930 2535 1084 2602 memoria
1103 2553 1182 2602 actae
1197 2540 1251 2604 rei.
1274 2541 1438 2627 quidam,‘

358 2624 559 2726 congregatis
578 2623 618 2687 ad
641 2623 743 2712 ripam
765 2621 950 2706 elephantis,
972 2622 1113 2702 tradunt,
1128 2625 1360 2692 ferocissimum
1378 2652 1421 2695 ex

357 2712 395 2776 iis
420 2713 578 2777 irritatum
603 2707 642 2772 ab
668 2722 789 2773 rectore
812 2731 881 2786 suo,
897 2731 994 2794 quum
1015 2708 1221 2798 refugientem
1243 2713 1277 2776 in
1300 2735 1418 2800 aquarn

357 2811 486 2864 nantem
509 2807 702 2884 sequeretur,
724 2794 854 2860 nexisse
871 2817 1014 2883 gregem,
1034 2795 1105 2862 ¹4ut
1123 2819 1282 2886 quemque
1303 2800 1421 2866 timen-

389 2987 798 3038 ean-evadensnronarev.
882 2985 1175 3048 tpruneaataetassea
1272 2987 1419 3036 rauendel.

358 3057 427 3104 Cres.
524 3053 765 3115 auttropeltetaatar
775 3051 934 3100 Gramcrev.

388 3221 517 3284 9Eqattes
536 3220 704 3284 sarapropter
724 3232 791 3280 equae
813 3233 870 3266 aaa·
902 3231 987 3280 parurn
1010 3219 1136 3268 dissentias
1158 3225 1181 3268 et
1201 3232 1214 3266 e
1233 3219 1332 3266 nautam
1352 3223 1420 3266 mato

356 3287 401 3351 tta}
427 3285 537 3333 Narium
556 3299 640 3346 agonen
662 3287 780 3344 asperiore
802 3283 870 3330 fluvii
902 3285 927 3330 ui
946 3289 1090 3331 amantomm
1108 3285 1135 3330 la
1153 3289 1241 3331 ummo
1259 3283 1375 3343 madente,
1392 3289 1418 3331 et

351 3357 422 3415 parts
445 3353 604 3398 naasmntm
626 3351 720 3408 mitet,
742 3349 785 3408 qui
805 3347 868 3409 scra,
901 3349 1327 3410 obtergotmprwitaprrmmteacia
1507 3381 1508 3402 ,

356 3420 407 3465 sive
425 3429 529 3478 quorum
549 3414 658 3476 plerique
676 3422 745 3459 erant
762 3417 869 3472 propter,
936 3412 968 3460 13
983 3412 1111 3473 Postquam
1126 3416 1176 3459 uim
1186 3413 1268 3475 sama
1282 3413 1368 3467 manti,
1379 3413 1419 3459 ul-

356 3497 399 3534 aeu
418 3494 493 3543 prope
513 3493 580 3540 equos
600 3481 689 3536 names,
710 3477 868 3537 traaquttttta-
901 3483 938 3525 tro
951 3476 1107 3539 pellebantur]
1125 3477 1257 3538 Postquam
1269 3477 1319 3522 vim
1336 3477 1419 3524 facere
1506 3477 1507 3493 ¹

355 3553 401 3594 tem
412 3545 528 3608 prebebat
543 3541 652 3590 lintribus
668 3541 733 3604 iufra
750 3543 869 3602 trajicien-
900 3542 990 3595 conati,
1005 3555 1054 3588 non
1071 3544 1145 3588 modo
1163 3555 1226 3588 vana
1243 3541 1422 3600 moliebantur,
1505 3545 1506 3584 l

354 3611 421 3658 tibur.
454 3609 530 3656 Addit
551 3619 636 3655 vocem
655 3607 719 3669 serr,
742 3606 868 3666 quianon
901 3606 1029 3654 sedetlam
1042 3607 1200 3666 pellebantur.
1234 3605 1420 3652 tatanem.
1504 3625 1505 3677 q

354 3689 439 3724 omnes
471 3674 565 3735 equites
594 3684 668 3732 prope
695 3684 721 3716 se
747 3670 869 3717 habebant
901 3671 967 3718 nonii
983 3670 1089 3716 editione
1105 3672 1170 3717 male
1191 3667 1292 3732 trajecta
1312 3676 1350 3716 eat
1367 3681 1420 3718 vox
1503 3701 1504 3769 q

354 3753 429 3802 equos
457 3744 551 3788 nantes.
587 3736 722 3796 Siquidem,
749 3740 778 3780 ut
804 3735 869 3781 infra
900 3736 978 3782 ultro.-
1000 3739 1122 3796 postquam
1138 3735 1201 3781 ultro
1219 3735 1268 3780 mat
1282 3733 1365 3794 fircera
1380 3747 1422 3780 rn-
1501 3783 1503 3802 ἲ

354 3809 512 3857 memoratur,
534 3803 627 3861 aliquot
654 3812 729 3860 muna
755 3799 869 3845 instratos
899 3802 959 3846 nata
1000 3799 1058 3846 Non
1088 3801 1238 3859 aspernanda
1266 3805 1348 3844 umen
1378 3807 1421 3846 est

353 3865 817 3928 frenatosqueinnasesimposuerant.
900 3865 974 3912 unius
991 3864 1081 3911 codicis
1099 3864 1219 3923 scripturn
1235 3866 1267 3910 ab
1283 3863 1369 3909 mem
1380 3865 1421 3910 al.
1501 3877 1502 3882 ¹

388 3933 421 3980 to
445 3934 574 3980 Imtnaetoa
600 3927 763 3992 frenatosque]
802 3927 869 3989 Lege
899 3929 964 3976 latas
990 3941 1065 3988 quarn
1086 3931 1170 3974 tuetur
1196 3941 1261 3976 unus
1282 3941 1380 3988 quoque
1403 3945 1421 3977 e

352 4012 412 4045 rum
429 3995 551 4044 Gronovio
562 4008 593 4041 ax
603 3994 746 4040 auctoritate
763 3994 868 4039 duorum
900 3993 996 4040 noenia.
1024 3991 1152 4052 Postquam
1166 3997 1271 4054 utroque,
1282 3993 1308 4038 id
1325 3998 1374 4050 ast,
1389 3994 1421 4042 in

353 4063 466 4109 amisum
478 4062 594 4108 emnam.
899 4063 1028 4118 utramque
1044 4063 1149 4117 partem,
1162 4063 1216 4104 nun
1234 4057 1262 4103 in
1280 4069 1322 4104 ena
1339 4058 1383 4118 qni
1402 4073 1421 4106 a

387 4127 416 4174 ll
436 4125 574 4185 anuam
590 4129 613 4172 et
630 4137 659 4172 aa
674 4122 781 4186 domm}
798 4123 868 4170 Recl-
899 4122 988 4177 fronte,
999 4127 1055 4167 tuna
1065 4121 1092 4168 iu
1102 4133 1144 4168 eoa
1154 4122 1197 4182 qui
1213 4134 1228 4167 a
1243 4130 1311 4182 tergo
1323 4121 1422 4170 salarie.

353 4192 433 4239 denda
443 4190 540 4238 videtur
550 4189 669 4250 pararula
678 4192 709 4235 st.
900 4187 999 4244 bantur,
1009 4185 1144 4248 mansuem
1153 4187 1240 4243 novuti,
1246 4185 1404 4247 praebantur.

387 4253 418 4304 la
434 4255 469 4302 Ei
487 4267 501 4300 e
518 4255 616 4302 aumas
637 4257 704 4309 wala
725 4250 773 4314 ala]
801 4250 867 4314 Lege
933 4249 965 4298 lt
989 4250 1023 4298 Ut
1043 4263 1153 4310 qumque
1178 4249 1308 4312 thumum]
1337 4249 1421 4300 Prnut

352 4322 453 4367 omnino
471 4333 502 4367 ex
518 4320 613 4367 duobus
630 4317 726 4378 scriptis
742 4331 758 4363 a
775 4318 868 4364 Grono-
899 4317 1002 4376 quinqua
1018 4315 1204 4376 elephantorum
1221 4315 1311 4362 timens
1329 4316 1419 4364 altitu-

354 4386 393 4432 uio
411 4386 500 4442 allatis,
517 4398 532 4431 a
549 4383 638 4444 quibus
660 4395 724 4430 unus
742 4396 757 4428 e
778 4382 867 4430 norun
899 4381 982 4428 dinem
993 4382 1173 4442 aque,avado
1183 4372 1371 4430 desumebatur.
