3122 4962
324 202 328 212 .
365 188 392 202 ·=
436 151 902 223 ‘n1.it..xitv..cn÷1’.xti.
945 159 1037 216 '·..t,
1083 177 1086 183 '
1153 167 1230 226 ³⁰31¹

83 379 86 388 ,
147 343 216 478 ff,
231 336 265 392 et
284 315 848 418 tultsllnuibslessmagisl'rooutnas
870 321 1049 405 bellium
1062 324 1380 402 adminuessa·-

192 411 243 477 uic
255 411 457 501 ab.·Epicyde
470 424 504 480 et
514 409 679 481 Hannone
691 411 842 479 Numida
852 413 917 479 dati
929 411 1118 496 cimiliare'se
1138 417 1376 490 causticam-¹.

149 498 265 588 quibus
278 498 328 563 ita'
335 503 527 585 pantagatus
548 511 607 564 est·
617 498 755 564 hostiurn
765 519 878 588 agros,
891 501 939 564 ite
953 497 1062 565 sociosi
1073 499 1218 566 adrui*¹

150 585 319 664 nendosin
329 585 393 650 lida
404 587 527 650 animos
540 605 662 663 eorum,
671 584 884 672 serendoque*-
898 586 931 650 in
946 587 1219 676 temporeculque

150 670 419 752 auxilium,adiit,
431 686 467 736 ut
477 671 566 737 brevi
576 671 719 757 ternpore
728 683 828 738 totam
841 672 979 740 Siciliam
990 671 1144 758 'impleret'
1153 695 1213 738 uo·

149 755 244 823 urinis
258 758 393 834 misaac
407 757 478 842 spes
499 759 560 822 alia
581 758 683 843 major
702 758 788 842 apud
810 757 1055 824 rosensensis·
1072 758 1217 826 Kartha·

148 842 342 930 giniensium
370 845 460 909 esset.
519 845 631 930 Itaque
659 844 771 910 inclusi
796 841 873 911 ”ad
901 843 1024 931 tempus
1052 846 1219 924 moenibus

149 930 320 1018 Agrigenti
344 929 412 994 dux
435 930 557 996 Poenus
582 929 758 1017 syracusan
818 953 876 1010 ue,-
889 952 954 996 non
980 931 1114 998 consilio
1136 932 1217 1005 Mu·'

150 1015 237 1094 tinis,
251 1037 349 1106 quarn
364 1016 490 1094 fiducia,
507 1017 607 1106 magis
629 1017 697 1082 ausi
718 953 833 1105 ,3335-
847 1029 1079 1098 extra-muros,
1093 1019 1134 1083 ad
1154 1017 1213 1086 Hi·

149 1103 269 1168 meram
295 1125 421 1168 amnem
444 1115 619 1188 posuerunt
641 1117 752 1168 castra.
797 1103 896 1180 Quod
918 1103 973 1168 ubi
994 1102 1154 1191 perlatum
1171 1105 1217 1170 ad·

150 1188 340 1255 Marcellum
356 1201 413 1268 est,
429 1189 590 1276 extemplo
603 1191 710 1276 copias
724 1189 840 1266 menits
863 1204 895 1256 et
908 1189 949 1255 sb
968 1188 1061 1256 hoste
1075 1189 1215 1278 quatuor
1304 1219 1307 1226 ·
1371 1218 1377 1228 ·

149 1273 248 1340 ferme
270 1274 404 1340 millium
426 1267 592 1342 intervallo
612 1275 765 1357 consedit,
781 1276 859 1363 quid
873 1289 1004 1366 agerent
1025 1291 1223 1362 partirentur>¹

150 1363 399 1448 exspectaturus
444 1363 507 1428 Sed
537 1361 659 1427 nullum
689 1384 791 1449 neque
810 1360 1061 1450 locum-neque
1088 1376 1217 1450 tempus·

149 1449 344 1513 cunctationi
366 1447 537 1514 consiliose
553 1447 646 1514 dedit
669 1448 825 1526 Mutinae,
841 1461 1051 1539 transgressus
1073 1471 1363 1528 amnome'remsiio-

150 1556 188 1600 ac
203 1534 393 1602 stationibus
414 1534 551 1622 hostium
575 1551 647 1600 cum
669 1535 792 1622 ingenti
814 1547 936 1601 terrore
950 1534 1142 1601 ac‘tuniuitu
1155 1538 1312 1602 *inum*

149 1632 267 1686 rectus.
313 1621 445 1687 Postero
467 1621 520 1686 die
542 1643 644 1706 prope
663 1622 750 1707 justo
770 1621 885 1706 proelio
910 1624 1065 1707 compulit
1086 1622 1217 1688 hostem:

148 1707 235 1772 intra
255 1708 463 1778 munimenta.
488 1707 564 1772 inde
588 1720 751 1774 revocatus
772 1707 927 1773 seditione
943 1708 1159 1776 Numidarum
1178 1711 1211 1775 in

149 1793 259 1858 castris
270 1793 362 1876 facta,
375 1815 473 1882 quum
488 1795 619 1860 trecenti
630 1792 727 1858 ferme
738 1815 847 1858 eorum
858 1793 1050 1860 Heracleam
1063 1795 1218 1860 Minoam⁴
1297 1861 1299 1866 .

149 1881 385 1959 concessissent,
401 1880 443 1946 ad
468 1879 659 1966 mitigandos
682 1880 941 1967 revocandosque
963 1903 1017 1946 eos
1040 1881 1210 1966 proiectus,

148 1986 342 2055 magnopere
364 1967 523 2034 monuisse
541 1968 636 2032 duces
650 1966 777 2043 dicitur,
792 1987 833 2031 ne
847 1967 974 2032 absente
988 1989 1106 2032 secum
1123 1967 1213 2034 hoste
1286 1981 1293 1992 ‘

149 2073 262 2118 manus
290 2066 500 2119 consererent.
554 2053 594 2118 Id
621 2051 718 2117 umbo
748 2075 833 2142 oegre
862 2055 946 2139 passi
974 2053 1093 2131 duces,
1109 2056 1212 2142 magis

150 2137 284 2216 Hanno,
295 2141 364 2227 jam
378 2154 453 2205 ante
474 2139 591 2205 anxius
611 2139 715 2227 gloria
728 2131 812 2224 ejus:
836 2139 996 2204 Mutinam
1012 2141 1073 2204 sibi
1093 2143 1211 2205 modam

134 2226 260 2310 facere,
272 2227 447 2312 degenerem
462 2227 574 2312 Afrum
585 2227 771 2309 vimperatori
783 2226 1053 2312 Karthaginienss,
1068 2227 1159 2290 misso
1172 2226 1212 2290 ab

147 2323 256 2378 seam
278 2317 463 2398 populoque.
508 2312 541 2378 ls
565 2311 705 2397 perpulit
733 2325 933 2378 cunctantem
963 2310 1139 2399 Epicyden,
1162 2327 1217 2389 ut,
1244 2389 1249 2403 ,

148 2401 333 2487 transgressi
346 2399 476 2477 flumen,
491 2399 522 2463 in
538 2399 637 2464 aciem
650 2398 785 2464 exirent.
807 2421 882 2463 narn
897 2399 923 2463 si
936 2394 1101 2464 Mutinam
1111 2419 1210 2484 oppsu
1271 2398 1275 2409 ’

148 2485 299 2568 rirentur,
320 2499 352 2552 et
374 2485 512 2550 secunda
532 2505 651 2574 pugnes
672 2483 799 2550 fortuna
821 2485 983 2564 evenisset,
1005 2483 1210 2552 hauddubie

148 2569 286 2636 Mutinis
321 2571 434 2637 loriam
450 2571 527 2636 fore.
1163 2587 1216 2644 ‹1¹st

190 2657 291 2724 XLI,
343 2658 485 2723 nimvero
506 2657 672 2744 indignum
693 2669 779 2724 ratus
794 2657 968 2725 Marcellus
983 2683 1025 2739 se,
1063 2661 1096 2725 ui
1114 2659 1370 2741 Han-'numento

147 2743 286 2810 nibslem
308 2744 472 2810 subnisum
487 2745 619 2809 victoria
634 2745 794 2810 Cannensi
810 2746 851 2810 ab
866 2745 951 2812 Nola
970 2748 1027 2834 rep
1064 2749 1070 2762 ’
1104 2745 1350 2861 ct,‘hisi³⁰‘3¹¹:¹i¹3l

504 2863 690 2928 isauriamque
698 2865 773 2924 Gron.
783 2866 851 2912 Creu.
1181 2877 1186 2890 ·
1205 2882 1265 2924 qur,

113 3031 115 3040 ‚
146 2983 242 3032 dicatur
268 2981 462 3049 lepplsaenicum
487 2983 590 3043 meris,
619 2981 662 3043 qui
694 2984 803 3038 nomina,
828 2996 857 3030 ac
884 2984 985 3044 proinde
1003 2983 1163 3046 Hipponicum
1184 2937 1216 3030 et¹

145 3049 209 3095 circa
237 3048 408 3110 Carthaginem
435 3049 582 3104 incolebant,
613 3059 662 3094 non
694 3046 942 3108 Hippaeriieaeodem
950 3047 1222 3108 pisnemodoetaen··

145 3117 225 3172 potest
243 3113 347 3177 intelligi
359 3113 473 3174 Hippone
484 3111 561 3173 Regio
578 3118 660 3170 natus,
694 3124 722 3159 su
742 3111 844 3172 nrtessigi
863 3113 975 3160 debeant.
1016 3113 1137 3160 Praeterea
1153 3127 1210 3174 pro·

144 3190 201 3238 qua
223 3179 281 3224 urbs
302 3179 328 3223 in
349 3176 468 3224 Numidia
490 3181 550 3230 erat,
577 3178 661 3236 procui
694 3177 806 3224 habimus
822 3176 848 3222 iu
865 3184 922 3224 nota
938 3177 1122 3227 adimat.
1136 3179 1210 3234 mus,

144 3241 238 3288 ᾱΙιτιιι
249 3242 280 3287 ab
290 3240 445 3302 Carthagine.
478 3242 561 3300 Hippo
578 3247 661 3288 autem
692 3240 844 3302 Hippugnta
862 3243 949 3288 urbem
970 3245 1002 3290 ab
1022 3243 1134 3303 Appiano
1156 3255 1209 3289 me-

144 3305 291 3366 Disrrhytus
308 3319 356 3352 non
379 3306 450 3367 longe
469 3306 500 3353 air
517 3303 596 3363 Utica,
616 3317 661 3352 nac
692 3311 823 3363 moratam,
844 3307 955 3354 eamdem
975 3321 1026 3353 esse
1042 3321 1098 3367 quae
1117 3306 1209 3353 aDio-

144 3371 245 3432 proinde
262 3383 278 3416 a
291 3369 446 3432 Carthagine,
456 3373 545 3418 aberat
568 3370 659 3418 Verum
692 3370 751 3416 doro
770 3369 854 3432 Hippo
874 3384 928 3416 arra
951 3372 1047 3418 dicitur.
1080 3371 1209 3431 Aequam

144 3447 250 3496 quonam
284 3436 358 3480 modo
393 3437 492 3494 probare
527 3436 660 3493 poterimus
693 3435 778 3480 urbem
806 3434 932 3494 Appianas
962 3435 1121 3496 Hippagreta,
1152 3447 1208 3481 earu

144 3497 304 3562 Hippoaiatm
330 3503 356 3546 et
380 3498 533 3561 Hippocratis
563 3501 659 3547 eosdem
693 3498 799 3545 Zonaras
818 3499 958 3559 Hipponem
978 3499 1096 3546 nominat.
1139 3491 1215 3546 Unda

144 3558 206 3618 eise,
225 3577 254 3610 ac
273 3563 409 3624 promiscue
427 3565 491 3611 numi
509 3570 534 3622 et
555 3565 658 3626 intelligi
691 3577 782 3610 novum
799 3563 891 3611 accedit
909 3569 998 3611 nostras
1015 3560 1162 3626 conjecturae
1177 3565 1208 3610 de

144 3629 251 3676 debere?
280 3627 309 3675 id
328 3627 397 3674 nobis
415 3629 441 3676 in
464 3633 572 3676 mentem
592 3629 659 3675 venit
693 3628 806 3689 Hippone
824 3629 854 3674 ab
874 3627 959 3690 Hippo
977 3643 1033 3674 arra
1050 3641 1099 3675 non
1121 3629 1208 3676 distin·

144 3691 262 3752 aruspicari
289 3707 320 3758 ex
347 3691 464 3746 Diodoro,
491 3694 534 3754 qui
555 3693 571 3739 i.
597 3691 658 3738 XX.
691 3695 788 3752 guendo
799 3695 872 3739 robur
888 3699 913 3738 et
924 3694 1113 3740 iinnamentum.
1144 3693 1207 3747 Qua

143 3755 295 3803 mentionem
326 3757 384 3804 facit
413 3757 517 3803 duarum
550 3759 658 3813 urbium,
692 3757 919 3815 siverasunt,nort
934 3760 995 3807 bene
1005 3757 1060 3805 Jac.
1071 3757 1207 3809 Gronovius

144 3833 218 3881 quarn
234 3827 363 3882 utramque
383 3821 421 3866 Hi
485 3835 565 3867 acram
582 3823 661 3868 nomi·
692 3819 778 3882 Hippia
796 3835 876 3868 amam
894 3822 1000 3870 locatad
1014 3823 1079 3870 latus
1094 3821 1208 3882 Tunetia,
1295 3849 1297 3864 1

143 3892 197 3944 nat,
218 3885 318 3933 citerius
337 3897 412 3946 prope
454 3886 526 3932 ticam
547 3887 580 3932 ab
596 3888 660 3946 Aga·
692 3898 769 3945 quum
789 3881 872 3947 iiip'po
889 3886 1035 3948 Diarrhytus
1054 3899 1129 3949 prope
1153 3887 1206 3934 iiti-

145 3950 225 3997 thocla
242 3957 395 4012 expugnata.
407 3951 506 3998 aiterim
524 3950 550 3996 in
570 3949 661 3996 Numi·
692 3963 746 3995 cam
764 3951 805 4008 sii,
823 3963 897 4011 quatu
919 3952 982 3998 inter
994 3958 1019 3998 et
1036 3951 1133 4000 Tuneia
1147 3953 1207 4000 Car·

143 4015 183 4062 die
205 4016 236 4060 sb
256 4014 407 4076 Arcisagsthi
431 4012 484 4076 ejus
511 4014 554 4062 iiiii
580 4015 660 4074 legato
691 4013 765 4074 thergo
779 4016 826 4061 sita
843 4022 894 4062 ests
912 4029 1003 4076 nosque
1020 4017 1124 4064 nimium
1135 4017 1206 4066 facile

145 4077 272 4126 Eumaeho
283 4086 369 4138 capta.
402 4076 472 4126 idem
488 4085 571 4126 autern
588 4079 659 4138 piane
690 4077 713 4122 ei
730 4079 876 4126 credidimus
886 4079 912 4124 in
923 4087 981 4126 nota
992 4081 1030 4128 his
1040 4082 1106 4129 Livii
1116 4083 1205 4139 verbis,

144 4143 205 4190 situs
218 4149 255 4190 est
265 4144 393 4190 amborum
407 4143 560 4204 Hipponum,
569 4139 658 4254 pyum
691 4142 817 4202 dequibus
828 4157 893 4192 nunc
904 4145 1132 4210 agimua,subjects.

142 4207 256 4253 diximus.
300 4206 370 4253 Unde
388 4219 537 4268 consequens
554 4207 577 4253 v’
594 4213 659 4265 etur,
724 4207 756 4254 25
771 4206 812 4254 Ad
841 4207 942 4271 ternpus]
971 4209 1103 4260 Maiiemus
1128 4209 1158 4258 ad
1180 4209 1205 4256 id

143 4277 171 4317 ui
182 4271 269 4332 Hippo
286 4285 349 4324 aera,
367 4276 392 4317 et
410 4271 508 4332 Hippon
525 4271 591 4318 idern
609 4271 658 4318 sint
691 4274 786 4332 ieram
1088 4277 1090 4281 '

143 4341 295 4390 nommant
312 4341 376 4382 cerie
392 4337 533 4382 eorumdem
549 4336 657 4382 iocorum
