3064 4976
156 383 159 386 .
202 343 337 396 Iliam.

199 409 335 460 acaia

361 173 431 234 dt
586 263 589 272 .
745 161 1025 233 ''tifribtvn
1096 163 1102 214 ἶ

360 335 422 401 levi
435 345 597 402 armatura
609 331 770 420 proiectus
786 323 965 414 Hannibal,
978 335 1112 422 l'qaum
1123 336 1301 423 ‘plurimum
1317 339 1350 403 in
1366 321 1422 405 ce·

359 421 649 526 landoincepto'ad
663 421 809 486 effectum
821 422 887 508 spei
901 419 1070 500 habuisset,
1087 433 1181 489 nocte
1191 424 1333 504 adortos,
1349 447 1420 490 non
1465 505 1468 511 ι

358 507 467 573 lelellit
482 508 601 596 vigiles.
645 506 771 572 Tantus
790 519 919 592 repente
932 507 1053 573 clamor
1065 509 1277 588 estaublatus,
1289 523 1326 576 ut
1342 510 1420 577 Pla-

359 595 472 660 centiae
494 615 621 680 quoque
643 594 816 659 audiretur.
862 595 974 680 ltaque
990 595 1049 659 sub
1064 594 1166 660 lucem
1182 617 1256 661 cum
1271 599 1420 683 equitatu

358 679 468 746 consul
496 681 615 756 aderat,
635 679 730 766 jussis
759 679 913 765 quadrato
946 681 1073 767 agmine
1103 681 1281 767 legionibus
1316 685 1421 770 sequi:

360 766 514 852 Equestre
526 767 674 852 pralium
686 767 811 830 interim
820 767 1020 830 commissum
1033 790 1043 830 :¹
1065 769 1097 831 in
1113 791 1186 855 quo,
1202 768 1277 856 quia
1291 771 1421 834 saucius

360 851 524 952 Hannibal
541 871 648 954 pugna
658 852 800 936 excessit,
813 870 931 936 pavore
940 852 1088 954 »hostibus
1096 855 1229 954 injecto,
1249 854 1419 956 defensum

357 937 1420 1112 {intitulattttslttttt'lsffttitillatu

381 1110 404 1175 't
422 1109 662 1198 obpugnandas.
708 1111 744 1174 ld
770 1109 947 1195 emporium
971 1133 990 1174 a
1011 1111 1165 1178 RomanIs
1179 1111 1306 1178 Gallico
1331 1112 1421 1178 bello

371 1211 458 1262 uerat
472 1197 640 1261 munitum.
662 1195 736 1260 inde
750 1195 888 1259 lolocurn
898 1195 1173 1282 frequentaverant
1186 1198 1308 1262 adcolae
1325 1200 1419 1265 misti

358 1283 499 1368 undique
520 1305 559 1346 ex
580 1281 721 1384 finitimis
740 1280 885 1368 populisr
907 1295 939 1347 et
957 1294 1151 1386 tum-terror
1171 1284 1419 1386 populationum

356 1368 716 1542 tlltttttttit
726 1367 1419 1540 {titillabitttittttlltlt

356 1539 494 1626 adreptis
506 1541 630 1605 obviam
647 1539 825 1606 Hannibali
839 1539 991 1626 procedit.
1013 1540 1157 1691 fflMepis
1168 1543 1305 1630 agmina,
1317 1559 1421 1630 quarn

357 1626 447 1705 acies,
461 1627 494 1690 in
511 1627 561 1691 via
574 1639 822 1702 concurrerunt3
845 1639 888 1707 et,
904 1647 1000 1712 quum
1024 1649 1064 1691 ex
1089 1639 1188 1692 atera
1209 1645 1299 1712 parte
1322 1629 1422 1712 nihil,

355 1727 473 1798 praeter
493 1713 687 1777 inconditam
710 1713 849 1789 turbam,
865 1725 953 1789 esset,
969 1712 1112 1778 inaltus
1129 1725 1161 1778 et
1174 1714 1241 1780 dux
1262 1715 1367 1793 militi,
1384 1729 1420 1782 et
1524 1715 1525 1784 J

355 1798 555 1900 ducifideus
580 1799 679 1880 miles,
700 1797 739 1863 ad
766 1799 901 1901 triginta
913 1801 1058 1948 'qumque
1085 1799 1183 1864 millia
1202 1799 1371 1865 bominum
1396 1827 1418 1867 a
1524 1799 1525 1810 ’

355 1907 464 1971 paucis
477 1883 556 1950 fusa.
600 1885 731 1950 Postero
745 1884 806 1962 dre,
822 1883 983 1950 deditione

257 2087 260 2096 Α
355 2069 435 2136 sent,
459 2057 582 2145 signum
600 2073 729 2142 repente
742 2055 914 2122 victoribus
928 2056 1033 2138 datur,
1047 2071 1084 2121 ut
1105 2070 1267 2144 tamquam
1289 2060 1321 2122 vi
1334 2083 1417 2146 cap·
1521 2039 1525 2118 ’ἵ

297 2231 302 2242 ’
354 2231 394 2296 lis
416 2231 625 2296 scribentibus
650 2227 749 2293 videri
770 2226 859 2307 soet,
881 2229 1091 2313 praetermissa
1117 2227 1220 2294 clades
1241 2242 1306 2295 estr
1330 2232 1418 2298 adeo
1522 2241 1525 2262 ⁴

353 2318 457 2384 omnis
471 2316 623 2394 ltbrdmrs,
640 2313 906 2401 crudelitatisque,
922 2329 954 2378 et
968 2314 1151 2380 inhumanas
1170 2317 1329 2401 superbioe
1343 2319 1424 2384 edi··
1524 2377 1525 2384 ,

193 2939 335 2987 ‘Inusiturn

194 3003 316 3065 Apennini

193 3073 271 3116 tentat
279 3069 334 3115 Han

192 3133 265 3181 nibal.
336 3093 347 3107 ι

355 2155 419 2210 tarn
434 2143 546 2211 urbem
561 2143 743 2230 diriperent.
758 2163 861 2292 neque
875 2141 951 2221 ulla,
965 2165 1039 2230 quae
1053 2145 1086 2208 in
1100 2143 1156 2208 tali
1171 2165 1206 2208 re
1222 2146 1417 2214 memorabi·
1522 2165 1525 2204 s

354 2417 421 2470 tum
438 2404 469 2467 in
485 2403 614 2467 miseros
624 2414 671 2468 est
681 2401 869 2487 exemplum.
894 2399 960 2465 Hae
973 2399 1061 2466 ibere
1074 2401 1218 2466 hibernae
1237 2403 1417 2489 expeditio·

354 2511 409 2556 nes
425 2488 627 2554 Hannibalis.
1520 2486 1524 2528 ³

398 2573 526 2640 LVIII.
548 2572 685 2638 ⁶²Hand
695 2572 798 2658 longis
808 2573 883 2638 inde
896 2573 1098 2658 temporibus,
1109 2575 1183 2639 dnm
1200 2574 1417 2660 intolerabilia

352 2661 472 2762 frigora
497 2673 598 2736 erant,
613 2660 700 2808 quies
727 2659 818 2723 militi
838 2659 913 2724 data
934 2673 997 2726 est:
1023 2660 1110 2725 etad
1124 2661 1227 2744 prima
1249 2683 1286 2725 ac
1310 2661 1415 2730 dubia
1519 2661 1524 2678 '

354 2747 540 2834 signaveris
558 2757 774 2831 praeatus-ex
797 2745 1006 2822 hibernis'in
1032 2745 1191 2810 Etruriam
1214 2746 1311 2824 ducit,
1339 2771 1415 2814 eam
1520 2751 1524 2788 ³

355 2856 481 2922 quoque
493 2846 629 2919 gentem,
645 2831 725 2897 sicut
748 2831 858 2897 Gallos
880 2832 1082 2918 Liguresque,
1099 2846 1154 2896 aut
1169 2832 1199 2894 vi
1222 2844 1276 2897 aut
1297 2834 1415 2900 volun·
1518 2840 1523 2878 l

354 2933 418 2984 tete
446 2919 663 3005 adjuncturus.
711 2917 945 2982 Transeuntem
975 2917 1181 3020 Apenninum
1209 2917 1290 2982 adeo
1315 2932 1420 2986 atrox·
1454 2978 1458 2984 .

354 3006 467 3072 adorta
480 3018 646 3089 tempestas
666 3015 724 3085 est,
741 3016 776 3070 ut
790 3003 922 3089 Alpium
941 3003 1113 3070 loedrtatem
1124 3025 1229 3098 prope
1242 3026 1419 3089 superare·

354 3092 404 3156 rit.
449 3089 555 3156 Vento
569 3092 688 3156 mixtus
700 3089 804 3156 imber
819 3113 917 3178 quum
929 3089 1063 3154 ferretur
1077 3090 1109 3154 in
1127 3091 1195 3175 ipsa
1209 3111 1279 3173 ora,
1290 3093 1413 3176 primo,
1520 3103 1522 3138 ³

353 3179 429 3265 quia
442 3191 495 3242 aut
510 3199 599 3243 arma
612 3176 788 3265 emittenda
802 3189 900 3252 erant,
917 3187 972 3241 aut
985 3188 1094 3241 contra
1115 3177 1268 3241 enitentes
1290 3181 1415 3245 vortice

353 3265 462 3330 intorti
477 3264 719 3354 adfligebantur,
732 3263 920 3328 constitere:
942 3262 1029 3344 dein,
1040 3281 1137 3349 quum
1145 3263 1214 3350 jam
1225 3261 1413 3349 &spiritum
1520 3277 1522 3314 l

352 3487 459 3549 gendum
476 3499 528 3533 esse
546 3483 703 3544 arpragrrcadl.
733 3481 865 3542 Oppugna·
895 3481 1029 3527 datuseatr
1046 3479 1116 3536 arur,
1132 3479 1252 3526 exereitus
1268 3483 1414 3539 aptatusad

350 3551 520 3600 resoluatatia
538 3555 589 3596 ests
606 3554 633 3596 at
649 3547 796 3608 expergrratio
810 3559 865 3606 spe-
895 3556 1011 3604 pugnam.
1044 3543 1107 3590 Vult
1121 3543 1197 3603 igitur
1211 3543 1297 3590 Livius
1311 3546 1357 3592 hoa
1368 3557 1415 3592 ex.
1520 3539 1521 3560 ³

330 3622 428 3664 ratur.
895 3608 1259 3654 ercituseoordiueinatructos
1275 3611 1415 3656 concurris·
1520 3621 1521 3654 ι

384 3678 525 3735 ww„
541 3673 688 3750 pluremum]
709 3673 792 3727 Quum
811 3685 871 3722 ma·
894 3685 930 3728 ec,
941 3671 984 3732 qui
992 3671 1074 3718 itineri
1082 3671 1161 3732 magis
1171 3679 1415 3736 aptusesaeaquam
1520 3705 1521 3724 r

351 3747 444 3796 xlmam
460 3756 529 3804 spem
547 3739 665 3788 efficiendi
675 3739 701 3784 rd
711 3737 776 3798 quod
791 3738 866 3785 desti·
894 3737 986 3798 praelio.

351 3817 422 3858 uarat
438 3810 464 3854 in
484 3819 513 3853 eo
531 3802 865 3863 cenomannensem
928 3801 959 3848 62
976 3799 1053 3846 Haud
1067 3798 1413 3862 hagesiadetempartias...

351 3881 388 3922 set
395 3875 519 3932 inceptum
527 3881 608 3917 suum.
897 3863 972 3928 quiae]
990 3863 1197 3925 Gronoviornagie
1207 3865 1324 3925 placeret,
1335 3865 1416 3914 Haud

384 3935 533 3986 60'Larrm
544 3931 753 3993 frequentaverant
769 3927 862 3992 acwloe]
895 3928 1159 3990 lougiiadatemporis.
1172 3929 1415 3989 ..quere-necim-

352 4005 416 4051 Lcco
436 3997 597 4058 frequentiam
619 3995 761 4044 addiderant
779 3989 873 4056 adjuc-¹
896 3994 990 4042 merito.
1023 3993 1062 4040 sic
1079 4008 1100 4040 e.
1120 4007 1193 4054 prese.
1209 3993 1346 4040 Paaeomm
1362 3995 1415 4042 dte.
1519 4029 1520 4055 ἶ

350 4071 435 4128 gentes
456 4076 482 4109 se
503 4061 534 4108 ad
560 4061 662 4119 emporii
682 4061 772 4106 maenia
792 4058 865 4106 multi
896 4072 950 4105 ram
971 4057 1045 4119 quiete
1062 4057 1164 4119 raupta
1196 4057 1230 4104 itt
1251 4058 1363 4120 displicet
1386 4058 1418 4108 ri

351 4130 507 4178 habitatores.
896 4121 1040 4182 amum.

383 4191 414 4239 cl
431 4190 715 4252 Magnamiamnam
725 4188 796 4251 aries]
813 4185 874 4248 Agr-¹
929 4185 962 4233 83
977 4185 1095 4247 Spiritum
1120 4183 1295 4251 miescludertl]
1321 4189 1416 4237 Putea.

350 4271 404 4304 mea
422 4260 459 4302 est
474 4255 594 4302 exercitus
607 4267 636 4300 eo
652 4253 736 4300 ordine
747 4251 866 4312 compliti-
897 4263 966 4302 uaens
976 4251 1037 4298 liber
1047 4250 1180 4299 includeret.

351 4327 400 4376 tua,
412 4319 454 4384 qui
466 4320 497 4366 ad
514 4320 559 4366 iter
577 4301 865 4366 faciendumaecommd·
1019 4341 1021 4348 ι

1015 1898 1095 1962 acta,
1114 1886 1304 1970 praesidium
1327 1887 1417 1954 intra
1524 1947 1525 1956 ,

358 1973 474 2037 moenia
488 1993 654 2058 accepere:
672 1971 813 2057 jussique
828 1991 916 2034 erma
929 1969 1054 2035 tradere
1068 1993 1165 2058 quum
1187 1972 1275 2037 dicto
1289 1974 1416 2058 paruis-
1523 1963 1525 1988 ⁴
