3136 4970
446 197 544 258 oio.
571 193 722 258 xxvn1.
749 193 858 261 csse.
886 197 1035 261 xxvno
1143 201 1267 298 ¹om
1374 158 1377 168 ¹

200 361 333 426 nominis
352 361 446 440 etiam
459 361 660 428 abominandi
678 363 790 439 ducem,
805 364 860 426 scd
872 365 1003 428 Decium
1015 363 1182 434 Jobettinm
1203 367 1263 431 tri-
1272 385 1304 434 11.
1313 383 1408 439 cuno.

198 447 310 511 bonum
334 447 464 512 militum
488 449 584 513 secuti
604 458 695 514 stent:
717 449 780 514 nec
792 471 855 514 cum
870 451 1007 535 Pyrrho,
1023 472 1078 516 nec
1096 474 1162 518 oco
1175 453 1302 519 Sam-³·
1312 453 1341 501 ⁰·
1351 453 1408 502 ²⁰⁵

199 535 317 598 mitibus
338 545 393 598 aut
416 537 564 612 Lucanis,
588 535 722 601 hostibus
738 538 852 620 populi
874 537 1021 615 Romani,
1045 560 1078 603 se
1098 538 1262 624 corporae·

197 629 283 684 runt.
306 641 357 686 vos
370 643 435 685 arm
445 621 621 685 Mandonio
635 631 665 686 et
682 622 813 687 Indibili
825 624 1217 703 consilia‘communicastis,
1233 638 1264 693 et

197 729 290 770 armo
312 709 517 772 consociaturi
532 707 657 792 finistis·
702 709 767 787 llli,
793 707 905 774 ⁵⁰sioct
931 711 1086 794 Campani
1111 713 1285 796 Capuam*

204 790 312 858 lincis
332 795 481 858 ueteribus
500 791 664 860 cultoribus
688 793 849 874 admotam,
864 793 891 840 ⁵¹*
900 795 1087 862 Mamertini
1101 799 1135 862 in
1149 800 1261 865 Sicilia

199 879 379 944 Messanam
387 891 408 958 ¹,
417 883 462 945 sic
473 881 622 966 Rhegium
632 882 772 946 babituri
773 889 955 965 perpetuom
966 885 1064 947 sedern
1074 895 1184 950 erant:
1207 908 1262 950 nec

192 969 344 1050 populum
367 967 547 1047 Romanum,
563 989 617 1032 nec
636 969 732 1032 socios
748 971 859 1052 populi
876 968 1012 1032 Romani
1031 972 1114 1034 ultro
1137 974 1260 1038 lacessi-

198 1054 267 1115 tnri
279 1052 366 1119 bello.
410 1054 609 1118 Sucronemne
623 1073 674 1119 uos
694 1054 880 1119 domicilium
903 1057 1042 1120 babituri
1063 1059 1186 1122 malis?
1208 1059 1262 1123 ubi

194 1141 226 1202 si
236 1160 288 1203 vos
296 1142 439 1206 decedens
449 1140 753 1226 corybctoprooincia
763 1143 1147 1228 imperatorrelinqaerem,
1158 1145 1260 1210 Deum

195 1227 406 1310 bominumque
414 1228 513 1310 fidem
528 1229 688 1310 inplorare
701 1227 864 1306 debebatis,
880 1224 961 1312 quod
972 1250 1035 1291 non
1056 1232 1201 1296 rediretis
1217 1235 1262 1296 ad

194 1310 337 1396 conjuges
350 1313 518 1397 liberosque
527 1324 648 1378 vestros.
690 1315 752 1378 Sed
758 1315 863 1378 borum
874 1335 990 1398 quoque
1003 1318 1186 1393 memoriam,
1202 1320 1260 1381 sic-

197 1407 233 1462 ut
243 1396 361 1480 potriae
375 1401 499 1484 meique,
514 1398 663 1483 ejeceritis
676 1422 715 1464 ec
728 1401 842 1463 animis
860 1403 977 1465 neonis.
999 1400 1027 1440 ⁵²
1038 1403 1124 1466 Viam
1138 1406 1262 1468 consilii

196 1488 352 1566 scelerati,
366 1489 494 1550 sednon
513 1488 561 1549 ad
579 1485 716 1550 ultimum
737 1487 892 1564 docentis,
908 1490 1030 1572 comi
1044 1491 1119 1552 nolo.
1165 1490 1260 1554 Mene

197 1573 278 1648 uino,
294 1583 325 1636 et
338 1582 436 1636 cetero
451 1574 595 1636 incolumi
608 1573 751 1648 coercito,
764 1593 828 1636 acm
843 1594 903 1656 qao
916 1595 971 1658 ego
986 1576 1037 1638 die
1050 1577 1259 1640 unoKortbn·

190 1659 296 1742 ginem
312 1662 389 1742 cepi,
404 1681 468 1726 cum
484 1680 543 1743 qno
555 1657 721 1742 5³quatnor
739 1661 945 1742 imperatores,
962 1671 1094 1744 quatuor
1108 1663 1257 1728 exercitus

197 1745 507 1830 Karthaginiensium
509 1745 600 1829 ficdi,
603 1745 735 1830 ficgaui,
752 1745 913 1828 Hispania
928 1749 1043 1828 eupuli,
1054 1769 1105 1810 uos
1116 1750 1258 1812 octomil·

195 1833 244 1895 lio
258 1833 420 1908 bominum,
433 1834 561 1896 minoris
572 1842 653 1894 certe
660 1851 760 1895 manes
763 1833 875 1914 pretii,
887 1853 976 1916 quom
988 1833 1098 1897 Albius
1108 1841 1139 1897 et
1148 1835 1258 1900 Atrius
1313 1893 1317 1900 .

194 1927 276 1996 sard,
288 1919 395 2004 quibos
406 1941 457 1983 uos
470 1917 646 2002 sulp'ecistis,
659 1917 848 2003 Hispaniam
857 1921 1052 2000 prouinciam
1059 1923 1177 2002 popolo
1191 1923 1258 1985 Ro·

196 2025 287 2067 mano
302 2006 439 2089 erepturi
459 2005 582 2068 erotis?
605 2005 743 2067 Amoliar
757 2014 788 2068 et
801 2025 922 2068 amoveo
935 2025 1042 2068 nomm
1055 2026 1158 2069 meum
1173 2007 1199 2045 ⁵¹
1208 2011 1258 2071 ni·

193 2089 243 2154 bil
263 2093 346 2154 ultra
359 2093 465 2176 fficile
478 2092 625 2154 creditam
649 2100 772 2154 mortem
795 2111 889 2153 meam
904 2113 925 2154 o
940 2091 1023 2154 uobis
1046 2092 1178 2158 uiolatus
1190 2096 1256 2158 sim.

197 2177 287 2255 cunia
295 2184 311 2239 l
333 2180 362 2242 si
376 2201 430 2263 ego
445 2199 586 2253 morerer,
602 2197 712 2240 mactem
733 2178 931 2260 ecspiratnra
952 2178 1133 2260 respublica,
1148 2201 1259 2244 mecum
1281 2184 1287 2197 ’

193 2285 333 2328 casurum
348 2266 507 2348 imperinm
517 2265 630 2348 populi
639 2264 880 2328 Rornanierat?
902 2265 1030 2328 neistuc
1039 2265 1167 2348 Jupiter
1177 2269 1259 2348 opti·

194 2373 263 2416 mus
276 2351 421 2415 mocimus
441 2351 524 2428 sirit,
539 2351 651 2426 urbem,
663 2351 823 2434 auspicato
837 2351 915 2414 Diis
933 2351 1106 2415 auctoribus
1120 2352 1154 2414 in
1168 2362 1258 2416 ater*

190 2459 266 2526 'num
286 2439 452 2515 conditam,
455 2437 582 2521 fragili
594 2437 666 2499 hnic
679 2435 849 2500 et'mortnli
870 2438 995 2519 corpori
1018 2440 1164 2520 ceqaolem
1186 2461 1257 2504 esse.

194 2525 362 2600 Flaminio,
384 2525 509 2599 Paullo,
527 2523 675 2598 Graccho,
698 2523 857 2587 Postranio
882 2523 1005 2604 Albino,
1028 2525 1078 2588 M.
1094 2525 1257 2602 Marcello,

185 2611 238 2674 T.
256 2609 403 2685 Quinctio
421 2611 575 2691 Crispino,
590 2609 647 2672 Cn.
663 2609 784 2685 Fuluio,
799 2609 992 2692 Scipionibus
1005 2613 1091 2689 meis,
1103 2609 1183 2675 ⁵⁵tot
1194 2623 1258 2676 tam

186 2699 355 2780 preclaris
366 2695 600 2779 imperatoribus
612 2717 673 2758 uno
684 2695 762 2758 bello
775 2695 929 2773 absumtis,
939 2706 1089 2779 superstes
1102 2709 1148 2761 est
1155 2721 1258 2782 popu-

112 2779 116 2786 ’
186 2785 241 2847 'lus
260 2785 427 2860 Romam,
442 2784 570 2867 eritque,
586 2783 670 2846 mille
683 2783 758 2846 aliis
777 2803 856 2846 nnnc
864 2783 970 2867 serra,
987 2805 1067 2847 nnnc
1079 2785 1181 2848 morbo
1195 2807 1256 2848 mo-

186 2870 354 2950 rientibus,
368 2869 466 2933 56ηιεο
479 2871 569 2934 unico
577 2867 698 2954 fionere
717 2871 802 2933 elata
818 2871 932 2953 populi
944 2871 1082 2934 Romam
1100 2880 1176 2936 esset
1194 2893 1257 2936 res·
1340 2869 1344 2878 “

610 3005 758 3053 {Messenen
767 3005 837 3054 Crev.

226 3141 260 3189 50
275 3141 343 3188 Sicut
364 3139 481 3202 Campani
501 3139 619 3204 Capuam]
648 3139 706 3186 vid,
740 3150 818 3185 mene.
973 3171 979 3179 .

185 3208 342 3263 ,mrumst
356 3206 402 3252 IV·
413 3220 435 3254 c.
445 3205 487 3253 37.
771 3201 805 3250 ⁵3
822 3203 927 3260 Qootnor
949 3202 1110 3267 imperotores]
1133 3205 1256 3252 Asdruba-

226 3270 432 3318 51¹Manernnt
443 3272 468 3316 in
479 3265 707 3330 SicilioMessancn]
739 3268 775 3313 les
786 3269 855 3324 duos,
867 3269 998 3315 Amilcaris
1012 3274 1037 3312 et
1054 3267 1097 3312 Gis
1114 3269 1167 3314 onis
1183 3269 1255 3327 filios,
1283 3277 1284 3280 ’

191 3334 504 3396 anertiniecamponiu
521 3335 617 3382 oriundi
630 3333 706 3386 fuere,
740 3331 873 3393 Magonem
892 3333 1031 3389 nuclearis,
1053 3336 1079 3376 et
1123 3345 1257 3387 annonem,

191 3403 224 3448 ab
239 3401 373 3460 Agathocle
384 3401 590 3460 Syracusanorum
607 3410 664 3458 rege
682 3397 709 3442 in
740 3398 784 3455 qui
794 3398 926 3444 Asdrubeli
940 3397 966 3443 in
977 3395 1075 3443 ltaliam
1086 3395 1195 3454 proiecto
1205 3399 1258 3446 eui·

188 3465 311 3516 amnium
328 3465 430 3516 evocati
462 3465 485 3514 Ii
500 3462 709 3524 quumoMeesu·
740 3461 887 3510 iectusemt.
920 3461 1061 3510 Sxoouzus.
1294 3470 1296 3485 ¹

190 3531 308 3577 neneibus
321 3543 366 3590 pro
384 3529 469 3576 amicis
485 3527 579 3588 excepti
595 3527 707 3580 nossent,
773 3523 806 3571 54
822 3523 898 3572 Nihil
907 3527 970 3572 ultra
979 3523 1054 3586 facile
1069 3523 1193 3590 creditam]
1211 3527 1257 3574 Es-

189 3596 285 3642 civibus
304 3594 430 3642 trucidmie
448 3599 492 3641 eut
512 3589 606 3654 ejectio,
622 3592 709 3638 urbem
741 3597 782 3636 tos
799 3592 867 3637 nulle
883 3591 930 3638 alia
949 3591 975 3636 in
992 3604 1018 3636 ro
1034 3604 1050 3639 e
1068 3592 1137 3636 vobis
1153 3592 1258 3640 violatus

190 3664 379 3718 occupaverunt,
395 3664 468 3720 etque
485 3653 539 3719 ejus
554 3663 639 3718 postea
655 3667 709 3714 pos-
740 3656 797 3710 eim,
809 3668 883 3715 quum
894 3656 958 3716 quod
974 3655 1045 3700 iucile
1059 3661 1164 3701 mortem
1175 3671 1258 3704 meum

191 3724 327 3770 sessionem
338 3735 434 3782 semper
448 3727 594 3769 tenuerunts
611 3733 656 3766 nec
667 3733 708 3766 ur·
740 3719 892 3776 medidutie3
908 3735 954 3768 nec
969 3719 1130 3766 deliberatum
1145 3722 1260 3778 habueri-

191 3788 341 3835 bicnomine
356 3793 528 3847 mutemque
541 3787 655 3833 Messana
665 3797 707 3830 vo-
740 3785 772 3830 tis
793 3797 862 3830 orme
883 3785 1004 3832 adversus,
1023 3797 1064 3832 me
1085 3785 1257 3854 imperatorem

191 3853 242 3911 ceri
262 3865 311 3899 non
326 3852 407 3910 desiit,
426 3863 499 3899 ouum
514 3857 539 3898 et
553 3851 601 3910 ipsi
618 3861 707 3896 nomen
740 3855 849 3895 vestrum
871 3849 941 3897 ierne.
975 3848 1038 3896 Huc
1055 3850 1122 3898 velut
1143 3853 1258 3910 quedam

191 3922 359 3977 servaverunt,
383 3927 526 3978 semperque
551 3915 610 3962 dicti
640 3915 708 3960 merc
739 3914 918 3972 contaminent,
935 3913 993 3975 quia
1012 3927 1086 3975 supra
1105 3915 1186 3975 Scipio
1205 3916 1258 3966 dix.

191 3979 659 4044 Mamertini.†Vid·Polyb.initiolib.
671 3978 692 4024 1.
740 3982 801 4031 eret,
813 3978 955 4025 Macerino.
1239 4017 1241 4024 ,

226 4045 259 4094 69
279 4043 617 4108 montilii-..ocream
638 4043 708 4090 Viam
773 4041 805 4088 ὢ
824 4041 869 4088 Tot
891 4046 940 4089 tam
963 4043 1087 4105 preclaris
1113 4045 1258 4105 inperatori·
1323 4091 1325 4096 ,

190 4111 612 4174 muqulmtmtionemexpendere.
647 4107 708 4154 Huc
740 4106 793 4169 bus]
823 4106 884 4153 Huc
913 4113 949 4153 est
971 4109 1118 4170 scriptorum
1144 4110 1256 4162 omnium

189 4181 310 4223 aimone
321 4175 446 4236 Scipionis.
475 4174 709 4236 Expendendocon·
740 4171 822 4229 lectio,
843 4184 918 4230 quam
944 4172 1076 4222 Rhenanus
1103 4174 1155 4222 sine
1183 4186 1257 4220 cause

188 4240 273 4288 cilium
292 4245 411 4296 nmmum,
430 4239 504 4288 velim
524 4240 585 4285 illud
604 4237 708 4298 reperire
729 4232 1256 4299 -mutaveret,jueeeretquelegitomclaris.

176 4301 322 4366 ejusmoni,
336 4310 375 4363 ui,
387 4305 433 4351 etsi
449 4305 592 4350 sceleratum
603 4309 629 4348 et
639 4302 708 4348 nese-t
772 4300 805 4348 56
821 4299 879 4346 Meo
889 4302 959 4348 ronias
967 4301 1138 4369 semiruta]
1155 4301 1257 4349 Mecum

189 4365 708 4426 riummootmcnsitmunimomoe·
741 4366 858 4492 sepulta.h
887 4366 976 4428 Efferri
1008 4367 1172 4439 minerbam
1200 4379 1255 4426 pro·
